3075 4967
394 307 576 357 traolslus
594 303 630 356 in
647 304 819 373 psalmum
839 305 958 358 CXXXI.
1187 305 1249 370 677

111 501 233 560 lerrae.
291 493 330 557 in
367 503 560 559 aeternum
606 495 781 560 seruabo
820 495 882 559 illi
922 495 1249 562 misericordiam

110 619 226 663 aream
251 606 291 664 et
312 603 603 664 testamentum
625 618 752 664 meum
775 597 905 666 fidele
928 599 1019 680 ipsi.
1054 607 1091 665 et
1108 619 1250 681 ponam

108 700 144 766 iu
165 702 355 768 saeoulum
380 701 519 768 saeculi
544 723 681 768 semen
705 704 793 769 eius
817 709 855 768 et
877 705 1013 770 sedem
1038 703 1250 770 eiussiout

106 807 192 872 dies
216 806 313 872 oaeli.
358 808 390 872 si
415 806 724 890 dereliquerint
746 807 829 873 filii
859 809 946 873 eins
968 808 1101 894 legem
1124 827 1249 874 meam

106 917 143 976 el
163 911 202 974 in
226 910 398 976 iudiciis
421 911 522 976 meis
544 931 620 975 non
644 911 958 990 ambulauerinl‚
982 914 1016 978 si
1043 912 1249 979 iustiliae·
1289 937 1302 976 a

105 1015 238 1081 tiones
274 1035 381 1080 meas
410 1015 728 1096 prosonauerint
762 1023 799 1080 el
833 1016 1023 1082 mandata
1057 1035 1141 1082 mea
1174 1037 1247 1082 non

104 1119 391 1196 ‹eustodierinl
426 1118 609 1184 uisitabo
639 1120 678 1184 in
707 1120 827 1204 uirga
856 1121 1090 1186 iniustitias
1114 1141 1249 1188 eorum

104 1234 140 1287 el
170 1225 210 1288 in
241 1222 487 1288 uerberibus
517 1229 691 1304 pearata
725 1244 868 1289 eorum.
914 1225 1248 1291 misericordiam

103 1349 198 1394 uero
221 1347 347 1393 meam
371 1347 445 1391 nou
470 1327 707 1412 dispergam
730 1329 776 1393 ab
801 1349 852 1408 eo,
883 1348 1012 1412 neque
1043 1329 1248 1410 decipiam

104 1434 140 1496 in
174 1432 359 1497 uerit-ale
393 1451 487 1503 mea.
525 1451 655 1516 neque
691 1431 920 1512 profanabo
958 1439 1247 1499 testamentum
1276 1457 1301 1495 ro

104 1537 635 1618 meumelqoaeproeednnt
656 1537 701 1601 de
723 1535 849 1602 labiis
873 1537 982 1614 meis,
1005 1557 1078 1602 nou
1099 1537 1248 1602 inciam

103 1641 240 1705 inrita.
286 1639 411 1706 semel
435 1641 568 1706 iuraui
592 1640 630 1704 in
654 1648 797 1706 saneto
819 1661 913 1714 meo,
937 1641 968 1706 si
996 1641 1124 1707 Dauid
1147 1661 1249 1706 men·

103 1745 199 1810 tior:
237 1763 371 1809 semen
407 1744 496 1810 eius
530 1745 569 1808 in
603 1752 796 1810 aeternum
833 1745 1031 1824 manahim
1066 1751 1104 1812 el
1137 1745 1248 1812 sedis

103 1849 190 1912 eius
213 1849 322 1914 siaul
344 1848 403 1914 sol
426 1849 465 1914 in
488 1861 712 1933 conspeetu
743 1868 828 1914 meo
851 1855 889 1914 et
911 1851 1019 1916 siout
1049 1850 1143 1916 luna
1167 1869 1249 1931 per·

102 1955 214 2018 lecta
236 1953 274 2016 in
297 1958 501 2018 aternum.
546 1952 769 2033 promissiones
793 1953 859 2018 istae
876 1953 980 2019 Dauid
1003 1955 1069 2019 eius
1092 1961 1171 2034 sunt,
1194 1954 1247 2038 qui
1276 1975 1301 2015 1⁶

101 2057 255 2123 aduersus
288 2064 443 2140 potentem
478 2057 600 2122 adiutor
634 2055 748 2123 electus
783 2065 838 2137 est,
873 2057 959 2124 ouius
982 2059 1014 2122 in
1038 2059 1116 2124 mari
1140 2079 1249 2124 manus

101 2167 157 2237 est,
193 2161 281 2226 onius
314 2161 346 2226 in
380 2161 558 2226 fluminibus
592 2162 720 2226 dextera
753 2167 809 2238 est,
843 2163 893 2246 qui
928 2183 1106 2244 nuncupare
1129 2169 1249 2245 patrem

100 2267 198 2331 deum
221 2265 323 2343 andei
346 2265 419 2348 quia
442 2273 505 2346 esl3
540 2265 591 2349 qui
614 2265 681 2346 ipss
704 2265 932 2350 primogenitus
956 2273 1010 2346 est,
1033 2266 1086 2351 qui
1110 2265 1249 2333 excelsus

100 2389 196 2450 super
230 2387 322 2453 reges
356 2377 453 2447 lema,
488 2369 574 2449 auius
609 2389 715 2435 semen
738 2370 768 2434 in
794 2359 939 2436 saeonlum
974 2370 1076 2436 saculi
1101 2375 1157 2444 est,
1191 2373 1248 2450 oui,

99 2493 172 2556 quae
197 2473 280 2538 diota
302 2477 381 2551 sunl
404 2493 464 2538 non
487 2472 673 2551 inritamus,
697 2475 746 2540 oui
762 2474 858 2539 semel
874 2474 941 2539 sine
957 2475 1118 2540 mendacio
1132 2475 1249 2542 iuratur
1275 2497 1300 2534 ar

98 2578 131 2640 iu
155 2582 274 2653 sancto,
310 2576 398 2642 ouius
428 2577 512 2642 sedis
542 2577 621 2642 sicut
650 2577 694 2642 sol
725 2579 757 2642 in
788 2585 955 2663 conspeetu
979 2579 1027 2644 dei
1052 2584 1100 2644 est
1128 2587 1158 2646 el
1180 2600 1246 2661 per·

98 2687 209 2746 manet
230 2688 263 2745 ut
292 2680 363 2745 luna
393 2681 531 2762 perleola
553 2681 584 2745 in
607 2687 768 2747 aternum.
816 2703 852 2748 er
883 2681 976 2749 huius
1006 2683 1101 2768 igitur
1129 2684 1247 2749 uentris

99 2785 204 2851 fruct-u
228 2785 393 2866 superdei
416 2788 524 2851 sedem
547 2786 793 2852 oonlombuutur.

142 2908 197 2972 20.
221 2905 380 2987 Quomodo
408 2913 510 2972 autem
534 2907 693 2973 exfructa
716 2908 816 2973 simus
840 2909 955 2974 uenlris
980 2909 1053 2988 eiua,
1088 2909 1247 2975 audiamus

143 3154 157 3204 1
179 3150 289 3204 sernibo
310 3151 335 3202 G
387 3152 405 3205 ὅ
431 3151 461 3203 ίιι
487 3149 597 3204 saecula
614 3152 672 3217 (om.
698 3151 812 3218 saeculi)
831 3154 857 3207 R
909 3171 1003 3207 semen
1022 3153 1101 3206 I'TE
1125 3172 1203 3209 sess*
1226 3155 1251 3209 V

97 3237 197 3292 sedem
214 3238 241 3290 R
293 3237 358 3291 sede
376 3238 402 3291 R
427 3237 514 3291 *eds*
537 3237 707 3292 Vthronum
726 3239 806 3292 ΡΓΕ
857 3240 916 3294 5si
933 3224 1186 3294 iustificationesss
1200 3259 1248 3295 ou·

97 3324 250 3378 stedierint
277 3342 327 3378 om,
354 3325 380 3378 R
431 3323 642 3379 iustificationes
676 3325 738 3379 VPb
764 3327 887 3380 iustitias
915 3327 953 3380 Te
1005 3329 1022 3380 9
1046 3327 1203 3396 dispergam
1228 3328 1253 3382 V

98 3412 260 3481 dispergam
280 3411 357 3465 RPY
409 3413 439 3466 ll
464 3412 539 3465 meis
565 3412 590 3464 G
606 3413 675 3466 meis
693 3430 765 3483 supr.
792 3432 842 3468 scr.
861 3413 888 3465 P
939 3415 972 3466 ls
991 3413 1078 3467 inrils
1098 3415 1154 3468 GV
1169 3414 1249 3468 irrita

98 3499 181 3552 RPY
231 3499 264 3554 13
282 3499 373 3553 *sodis
400 3499 426 3552 G
449 3500 527 3553 sedes
551 3499 680 3552 VRPTE
748 3501 782 3553 14
808 3499 932 3569 perfecta
958 3500 988 3554 in
1015 3505 1159 3554 aeteruum
1185 3501 1249 3556 GPe

96 3586 226 3654 perfeeto
248 3590 344 3639 manet
369 3588 397 3638 in
421 3590 566 3640 sesamum
590 3585 732 3655 VRTocs.
751 3587 929 3654 Sabatia-11,
954 3585 1008 3640 179
1061 3587 1094 3641 15
1117 3589 1196 3640 limbo
1220 3592 1249 3641 et

96 3673 183 3726 tostis
199 3673 228 3726 in
252 3673 330 3727 eaelo
353 3671 453 3740 fidelis,
481 3691 545 3742 puae
568 3683 657 3736 postea
684 3675 804 3743 Iepnnlar
830 3675 857 3726 s'o
885 3675 918 3738 E,
946 3675 1035 3728 derum
1061 3675 1087 3726 in
1119 3674 1144 3727 G
1151 3673 1250 3728 VRPT

96 3759 297 3827 promissiones
317 3759 395 3812 GPT
410 3759 601 3828 promissionis
625 3761 673 3815 VR
726 3759 785 3815 eius
803 3779 852 3814 om.
873 3761 898 3814 G
964 3763 996 3815 17
1023 3765 1131 3829 patrem
1155 3761 1202 3815 dm
1223 3761 1248 3812 G

97 3846 185 3899 deum
213 3853 323 3915 patrem
356 3845 456 3900 VRPT
537 3849 571 3902 19
597 3853 689 3902 tarrae
716 3851 731 3902 ὅ
759 3849 786 3900 Τ
854 3849 889 3903 20
917 3847 993 3902 diosa
1020 3852 1084 3902 sunt
1114 3849 1139 3898 G
1165 3853 1248 3903 erunt

97 3933 180 3987 diota
197 3933 222 3985 T
237 3938 303 3987 suut
320 3933 396 3988 dicta
414 3934 478 3997 ΒΕ·
509 3934 535 3988 V
557 3936 619 3988 inec
642 3935 679 3988 iro
696 3935 816 4005 praedes:
842 3934 872 3988 in
900 3935 1040 3988 saeonlum
1068 3934 1171 3988 saeculi
1197 3939 1247 4004 eal,

97 4019 183 4074 ouius
210 4021 287 4075 sedes
315 4020 388 4075 siout
416 4021 475 4075 dies
500 4020 571 4076 eseli
594 4025 644 4090 esl,
664 4021 709 4075 oui
727 4039 799 4089 quae
817 4025 883 4075 sunl
901 4021 984 4089 diota,
1003 4039 1059 4075 non
1077 4021 1164 4075 inrita
1182 4025 1247 4076 sunl

97 4107 146 4160 oui
164 4107 251 4161 semel
269 4107 328 4161 sins
345 4109 490 4162 mendacio
508 4108 618 4163 iuratur
635 4109 665 4163 in
682 4113 787 4176 saneto,
806 4107 884 4162 cuius
899 4108 977 4161 sedes
997 4107 1069 4162 sicul
1081 4109 1122 4162 sol
1140 4109 1169 4162 in
1183 4125 1248 4162 oon·

97 4196 200 4262 spectu
218 4188 371 4248 dissicet.
432 4195 465 4249 sl
485 4194 558 4248 sedis
578 4196 603 4248 G
664 4196 699 4249 23
725 4195 819 4248 fructu
840 4191 954 4248 GPTR¹
972 4195 1079 4249 fruetus
1104 4195 1163 4248 VR¹
1217 4189 1247 4250 di

97 4281 196 4334 sedam
216 4281 241 4333 G
258 4281 351 4335 sedem
371 4279 449 4348 (seda
473 4280 508 4348 V)
528 4281 573 4336 dei
598 4283 702 4336 VRPT.
