3075 4967
403 272 583 322 tractatus
602 269 637 321 in
655 265 827 337 psalmum¹
843 270 963 325 CXVIII.
1189 267 1252 332 473

124 460 203 537 anim,
225 459 278 543 qai
301 480 362 523 non
385 459 445 524 hoe
467 477 523 543 per
546 477 580 523 se
603 457 756 535 inehoant,
782 458 888 524 clausa
910 480 928 523 a
951 460 1007 523 deo
1037 458 1142 523 omnia
1172 466 1252 524 sunt.

124 568 150 627 et
168 563 299 643 idipsum
321 561 521 644 propheticus
545 583 648 628 sermo
671 583 727 643 per
751 562 877 628 Esaiam
900 564 990 629 doeet
1012 562 1180 629 dicentem:
1207 584 1254 628 ne

123 666 222 732 ditas
245 667 517 733 demandatis
552 668 658 743 meis,
693 670 799 751 quod
831 669 1078 753 cognoueris
1109 688 1168 733 ea:
1192 686 1254 733 ne·

122 790 187 853 qua
224 772 475 856 eognouIsti‚
514 792 644 856 neque
682 771 905 837 credidisti
943 792 1000 851 ea,
1038 792 1169 856 neque
1207 772 1253 836 ab

121 875 229 941 initio
252 878 391 957 aperui
419 876 494 942 tibi
519 896 645 941 aures.
685 877 859 960 eognoui
882 877 993 954 enim,
1017 878 1123 960 quod
1147 896 1252 957 sper·
1293 903 1305 939 s

121 1000 207 1046 nens
245 1000 472 1066 sperneres,
508 989 545 1047 et
578 984 682 1066 quod
716 982 852 1047 iniens
882 980 1013 1047 adhue
1043 989 1254 1047 exuentra

122 1085 316 1150 notandus
346 1104 468 1151 esses.
514 1106 590 1169 ergo
620 1106 682 1151 nou
713 1086 893 1169 indulgetur
926 1086 1054 1151 seientia
1075 1106 1136 1150 non
1160 1086 1255 1166 adpe-

121 1188 245 1255 tentibus
268 1210 347 1255 eom.
393 1196 423 1255 et
456 1192 527 1274 quia
562 1192 639 1255 deus
670 1190 810 1255 sordium
845 1198 997 1256 scrutator
1026 1197 1081 1268 est,
1112 1189 1169 1265 his,
1201 1190 1254 1273 qui

121 1294 242 1374 spreturi
267 1314 336 1359 eam
359 1302 473 1371 essent,
507 1296 624 1361 obtusae
648 1315 737 1360 aurea
772 1303 843 1359 sunt
873 1304 903 1361 et
932 1293 1030 1359 hebes
1060 1314 1170 1359 sensus
1200 1301 1254 1359 est

121 1398 168 1461 sad
190 1396 339 1480 propheta
361 1420 380 1463 a
401 1400 564 1480 praeoeptis
589 1399 638 1464 dei
660 1398 821 1483 intellegit,
845 1405 1002 1483 praeaepta
1024 1396 1142 1464 scilieet
1157 1416 1254 1482 agens
1280 1423 1303 1456 ιο

119 1500 351 1586 intellegentiam
377 1510 573 1587 consecutus:
597 1501 783 1589 intellegens
806 1523 879 1568 uero
901 1523 1025 1567 omnam
1042 1503 1125 1567 uiam
1141 1501 1254 1586 iniqui·

119 1606 182 1670 tutis
205 1607 278 1671 odit

157 1710 203 1775 13.
230 1710 384 1776 Humanae
419 1711 502 1777 euim
536 1720 654 1776 ustuire
688 1732 794 1776 omues
829 1710 1025 1776 diuersamm
1048 1710 1255 1776 adfectionum

119 1814 254 1881 adiacent
277 1821 385 1885 motos,
409 1820 442 1880 ut
466 1822 537 1881 sunt
556 1816 618 1880 odii
635 1822 666 1881 et
682 1816 806 1882 amoris.
851 1816 906 1880 aad
930 1836 1016 1879 amor
1038 1814 1255 1896 inpendendus

118 1924 158 1982 est
178 1918 209 1983 iu
235 1916 434 1984 dilectionem
457 1918 617 1989 bonorum.
640 1920 743 1985 odium
768 1927 869 1985 autern
893 1918 1121 1986 adsumendum
1148 1926 1196 1984 est
1218 1939 1256 1983 ex
1284 1946 1307 1981 a

117 2018 229 2087 offensa
250 2022 411 2089 malorum.
457 2032 593 2089 nostrum
615 2044 690 2109 argo
714 2031 769 2101 est,
786 2025 877 2089 modo
900 2022 983 2088 utilis
999 2024 1108 2107 organi
1129 2042 1256 2103 corpora

118 2139 214 2192 nostra
233 2128 262 2191 in
280 2134 436 2209 coaptatos
452 2134 482 2193 at
498 2128 695 2193 eoneInentas
711 2129 820 2193 modos
844 2136 1026 2211 temperare,
1050 2135 1157 2192 utnon
1181 2127 1257 2192 uitia

117 2230 287 2314 diligamus,
312 2237 416 2296 utnon
427 2234 556 2297 uirtutes
568 2233 665 2297 bonas
677 2233 840 2307 oderimus,
852 2242 884 2295 ut
896 2232 1063 2315 unIouiqua
1078 2251 1134 2296 uos
1147 2232 1255 2315 generi

119 2332 258 2401 decenter
274 2342 367 2420 atque
382 2336 498 2402 utiliter
513 2344 701 2418 coaptemus
747 2335 899 2417 propheta
914 2337 1062 2401 mandata
1073 2336 1121 2400 dei
1140 2334 1255 2420 diligit:

119 2440 216 2522 etqui
241 2440 387 2505 mundata
411 2442 461 2506 dei
486 2440 593 2525 diligit,
618 2441 789 2524 iniquitatis
816 2440 884 2505 uias
907 2440 979 2505 odit.
1025 2448 1059 2504 ut
1081 2439 1165 2505 onim
1187 2459 1255 2524 per·
1283 2464 1308 2501 20

119 2538 201 2608 laetae
235 2543 309 2610 fidei
343 2544 529 2629 obsequella
565 2552 620 2620 est,
654 2545 873 2610 obedientiam
905 2544 1035 2628 diligere
1058 2553 1089 2609 et
1111 2544 1151 2621 id,
1175 2544 1256 2627 quod

119 2647 181 2728 quis
219 2648 293 2733 agit,
330 2649 454 2714 adfectu
491 2650 625 2715 caritatis
663 2649 787 2730 explere
824 2658 854 2715 et
891 2649 1104 2714 necessitatem
1143 2648 1257 2733 agendi
1354 2693 1360 2703 ι

118 2752 244 2817 amantis
278 2751 435 2818 uoluntate
469 2773 664 2835 premanere,
698 2754 739 2819 ita
774 2763 805 2819 et
828 2773 951 2838 maguae
985 2752 1167 2818 innocentiae
1202 2761 1257 2826 est,

118 2852 288 2938 iniquitates
321 2876 382 2921 non
418 2858 510 2923 modo
532 2878 593 2922 non
617 2878 719 2943 ogere,
754 2860 809 2923 sed
844 2858 955 2935 odisse
991 2858 1065 2941 quia
1098 2856 1254 2921 interdum

118 2975 169 3023 nos
192 2960 230 3025 ab
253 2959 304 3026 his
328 2967 430 3027 metus
453 2968 483 3027 et
505 2967 603 3027 terror
625 2968 752 3028 auertat.
798 2963 902 3026 odium
918 2968 1021 3026 antem
1038 2960 1125 3026 nobis
1149 2979 1256 3026 eorum
1284 2983 1309 3019 u

156 3116 261 3171 ausui.
280 3116 405 3187 XLVIII,
424 3120 440 3171 7
459 3136 497 3187 sq.

161 3262 241 3318 lhou
272 3282 320 3318 om.
353 3265 402 3319 VC
451 3266 513 3319 2et
540 3266 602 3333 ipsd
634 3265 659 3317 V
709 3264 806 3318 isaiam
835 3265 873 3334 Cp
900 3264 1001 3318 eseiam
1033 3263 1058 3315 V
1108 3262 1201 3316 diosna
1235 3260 1260 3311 V

119 3349 223 3404 udices
245 3351 270 3404 V
320 3351 494 3421 supernatis
518 3352 565 3405 VC
614 3352 704 3405 iniant
728 3352 753 3405 V
767 3352 859 3419 iniqua
879 3351 904 3404 R
922 3351 956 3420 os.
982 3350 1128 3403 Bromlrnslr
1150 3368 1179 3420 p.
1197 3346 1257 3400 230

120 3434 224 3505 iniquus
243 3439 311 3509 CpE
362 3438 452 3492 odhuo
470 3439 637 3493 exeundeC
686 3442 750 3493 set
761 3455 815 3506 qua
834 3439 900 3492 Vei
911 3438 995 3505 quill
1047 3436 1220 3505 9apraeturi
1235 3436 1258 3487 l'

121 3574 245 3631 obtunsae
255 3578 299 3649 up
351 3534 456 3631 bibens
471 3578 495 3630 V
506 3578 609 3631 hebens
621 3576 659 3647 Cp
668 3577 702 3645 cs.
713 3576 794 3629 Acod.
802 3594 830 3645 p.
842 3574 876 3626 tl
931 3577 961 3628 ll
977 3590 1086 3627 ornnem
1102 3572 1257 3641 iniquitatis

120 3660 189 3715 niam
217 3664 274 3718 odit
296 3664 333 3718 Ve
360 3682 469 3719 ornnem
496 3664 554 3717 odit
582 3662 738 3731 iniquitatis
764 3663 840 3716 uiam
854 3662 891 3731 pb
945 3662 979 3714 13
995 3661 1131 3715 humanae
1149 3660 1213 3713 aute
1233 3661 1258 3712 li

120 3746 242 3805 homesC
293 3755 326 3806 14
344 3752 442 3805 odiet*
457 3751 520 3805 odia
530 3753 565 3821 po
618 3766 725 3804 amores
740 3751 777 3821 po
831 3750 864 3802 16
882 3746 956 3802 b0n1’1
974 3766 1041 3816 ergo
1060 3753 1138 3819 eatp
1191 3748 1257 3801 util-

122 3833 152 3887 lis
183 3838 208 3890 V
255 3840 288 3892 17
307 3839 519 3893 uonoinuaentes
552 3838 577 3891 V
601 3838 803 3891 eonsentientes
832 3837 870 3904 Cp
897 3835 978 3888 ruodo
1004 3836 1204 3903 Cteruparare
1228 3853 1258 3886 ex

121 3926 238 3992 tempore
256 3924 365 3980 m.2V
416 3928 448 3980 lu
466 3925 562 3994 generi
580 3941 730 3993 exgenere
750 3942 782 3978 m.
802 3922 861 3976 211
913 3924 944 3976 19
962 3922 1092 3975 decenter
1110 3940 1141 3975 ez
1158 3922 1258 3976 desen-

122 4012 173 4061 tenu
191 4010 261 4065 uu?
284 4012 309 4064 V
358 4012 447 4084 adque
472 4012 520 4066 VR
572 4011 617 4065 dei
636 4030 685 4064 our.
710 4010 734 4063 V
784 4012 819 4064 20
838 4015 865 4063 ab
884 4009 984 4076 qui-
1003 4008 1095 4077 diligit
1123 4010 1151 4061 iu
1174 4026 1256 4078 marg.

122 4113 172 4165 usp.
191 4100 248 4151 odd.
267 4098 330 4152 ou?
345 4100 374 4167 V,
388 4100 486 4170 0me
538 4100 570 4152 21
591 4098 764 4167 obsequellae
780 4097 827 4150 VC
843 4095 1034 4164 obsequaellae
1054 4096 1079 4148 R
1132 4096 1166 4148 92
1184 4096 1261 4149 aito

123 4248 154 4287 ux
171 4234 300 4292 affectat
353 4238 388 4291 24
406 4254 455 4290 noa
482 4237 563 4290 modo
588 4237 612 4289 V
627 4237 708 4291 modo
728 4236 751 4289 <2¹
802 4237 836 4289 25
854 4183 963 4317 auertit
981 4236 1007 4288 R
1060 4251 1156 4288 eorum
1179 4234 1256 4287 VRU.
