3075 4967
261 254 324 322 888
439 253 445 268 ’
735 262 931 330 Appendix‚

261 454 506 518 seminamur
530 454 565 516 in
592 452 864 529 mortalitate·
886 459 927 517 ut
949 473 1213 537 resurgamus
1234 456 1273 517 in
1296 466 1406 519 acter-

261 558 440 621 nitatem.
485 556 590 639 itaque
613 558 757 622 domiuus
779 563 885 622 noster
908 576 1019 637 passus
1042 558 1073 620 iu
1097 567 1236 637 ternpore
1253 560 1407 637 passionis

261 658 454 745 flagellomm
484 659 617 724 ludibria
645 666 737 744 atque
759 661 977 742 sputaminum,
1002 680 1073 726 cum
1096 668 1294 727 accusaretur
1316 664 1409 746 quasi

260 764 466 846 blasphemus,
498 784 568 830 cum
592 766 674 829 iutra
697 764 829 829 latrones
862 766 1074 847 deputaretur,
1108 766 1224 845 positus
1258 768 1289 830 iu
1320 773 1406 857 tantu

221 896 233 931 ι
260 868 451 955 ignobilitate
486 875 516 933 et
549 869 684 947 iufamia,
719 869 795 953 quid
829 870 888 936 uisi
923 872 954 933 in
988 870 1122 935 sinistris
1156 872 1253 935 armis
1280 870 1407 936 institia·

260 974 435 1039 militabat?
477 974 582 1055 itaque
612 981 684 1039 tuuc
706 976 739 1038 iu
762 974 888 1038 sinistra
911 974 961 1039 dei
985 974 1103 1055 positus
1128 974 1310 1054 prouidebat
1332 994 1405 1039 eum

260 1100 278 1142 a
311 1072 443 1143 dextris
462 1078 534 1155 suis,
568 1083 601 1142 nt
635 1098 696 1142 nou
730 1085 985 1143 commoneretur.
1031 1085 1073 1143 nt·
1096 1098 1168 1142 nero
1201 1092 1406 1162 posteaquam

260 1184 426 1247 resurrexit
455 1188 487 1246 ot
516 1183 656 1247 ascendit
683 1182 713 1246 in
744 1182 864 1259 eaelum,
899 1182 1084 1263 perneuicns
1108 1184 1148 1247 ad
1172 1184 1341 1258 dexteram,
1363 1184 1406 1247 ad

261 1286 392 1366 palmam
418 1286 548 1363 iustitiae,
583 1289 622 1352 ad
645 1286 787 1370 gloriam,
821 1287 861 1350 ad
895 1286 1084 1351 nobilitatam
1117 1286 1262 1367 impletur
1291 1285 1407 1351 laetitiae

95 1382 99 1392 '
210 1416 233 1452 ιι
260 1410 331 1455 cum
353 1390 438 1454 uultu
462 1390 510 1455 dei
534 1396 565 1455 et
588 1389 681 1457 habat
704 1389 923 1456 delectationes
943 1391 974 1454 in
990 1389 1107 1455 dextris
1130 1391 1225 1481 eius„
1251 1390 1407 1474 aquibus

260 1514 315 1559 uos
339 1514 395 1574 spe
418 1494 598 1559 cohortatur
619 1493 774 1576 apostolus
797 1497 920 1560 dicens:
953 1495 1051 1577 qnia
1085 1514 1160 1558 uon
1195 1504 1287 1559 sunt
1317 1514 1404 1559 cou-

261 1600 391 1683 dignae
421 1600 640 1679 praesentis
675 1600 873 1680 temporis
907 1600 1126 1679 passiones
1149 1599 1196 1662 ad
1220 1597 1294 1662 illa
1315 1618 1405 1663 uen-

261 1709 350 1768 tura
372 1704 484 1782 bona,
507 1722 589 1786 quae
620 1704 915 1783 adaperientur
938 1704 975 1766 in
999 1703 1126 1768 uobis.
1171 1705 1400 1786 propterquod

260 1812 291 1873 ot
313 1826 369 1871 nos
392 1806 537 1872 libentius
560 1808 591 1871 in
614 1806 848 1872 infirmitatibus
872 1807 983 1871 nostris
1006 1806 1182 1889 gloriemur,
1205 1813 1241 1871 nt
1263 1812 1399 1889 protegat

209 1932 233 1968 ιι
260 1930 315 1976 nos
338 1911 436 1976 uirtus
460 1912 517 1976 dei.
563 1917 594 1975 et
617 1930 698 1976 nuuc
721 1912 846 1994 quidem
869 1912 910 1975 sit
932 1911 1020 1975 uobis
1036 1911 1112 1992 ipsis
1127 1917 1215 1991 pater
1230 1912 1261 1975 iu
1279 1911 1402 1976 dextris.

259 2022 293 2079 ut
315 2018 375 2078 nori
400 2034 588 2091 moneamur,
612 2014 815 2080 translaturus
838 2034 894 2080 nos
917 2016 1111 2095 postmodnm
1134 2015 1167 2079 in
1190 2015 1305 2079 dextns
1328 2015 1404 2079 suis.

261 2119 291 2182 iu
316 2119 439 2183 diuitias
462 2118 579 2183 domini
614 2119 709 2183 nostri
746 2118 815 2183 lesu
838 2117 964 2197 christi,
995 2119 1043 2183 cni
1071 2129 1119 2183 est
1151 2117 1258 2203 gloria.
1303 2138 1405 2181 amen.

305 2625 321 2674 9
339 2621 451 2706 laetitia
501 2625 531 2674 l‘l
550 2621 674 2688 Explicit
693 2621 727 2675 da
745 2622 852 2689 psalmo
868 2618 931 2674 ΧΨ
949 2622 1107 2690 explanatio
1126 2621 1226 2689 incipit
1243 2620 1278 2674 de
1296 2620 1405 2689 psalmo

261 2706 372 2761 xxxr.
