3075 4967
370 329 551 379 tractatus
571 325 606 378 in
625 327 796 394 psalmum
815 294 959 382 CXXXVI.
1176 327 1239 393 725

101 516 334 582 saeculorum
360 517 620 581 deuenerunt.
660 516 857 600 gesteigitur
872 517 937 597 ipsu
950 515 1002 582 illa
1018 519 1239 600 inexemplum

100 623 261 704 ctscripta
283 620 314 685 in
338 621 512 685 doctrinam
534 625 613 685 sunt.

10 802 12 812 Ι
137 725 165 790 3.
191 725 300 809 Itaque
322 732 353 791 et
377 725 458 790 hauc
480 723 670 806 corporalem
700 725 804 805 populi
833 726 1044 806 captiuitatem
1075 727 1184 793 referri
1207 730 1238 792 in

98 810 271 912 exemplum
306 829 452 910 spiritalis
486 830 670 910 captiuitatis
705 835 833 910 oportet.
878 839 975 912 esptae
998 833 1084 896 euim
1117 839 1239 898 mentes

96 945 206 1000 nostrae
230 943 301 998 sunt
323 953 486 1014 corporum
509 931 676 1017 saeculique
693 933 862 1010 dominatu,
885 943 982 1014 captes
1005 955 1023 1000 a
1046 933 1238 1002 damonibus

96 1046 162 1105 sunt
197 1039 263 1104 iure
297 1038 452 1129 uitiorum,
488 1058 556 1122 quse
586 1038 751 1118 imperium
782 1039 813 1103 in
844 1059 901 1104 nos
923 1059 1013 1104 suum
1035 1037 1092 1121 per
1114 1041 1238 1106 diuersa

96 1143 331 1208 ministeriorum
355 1161 473 1226 genera
495 1148 647 1220 exercent
671 1143 744 1208 dum
767 1163 825 1207 nos
847 1143 981 1209 ebrietas
997 1145 1141 1226 possidet
1164 1147 1236 1210 dum

94 1245 179 1312 luxus
203 1246 327 1332 subigit,
352 1248 424 1311 dum
448 1246 577 1311 auaritia
599 1247 743 1325 deuincit,
767 1247 843 1311 dum
858 1247 986 1313 ambitio
1002 1255 1138 1330 occupat,
1162 1250 1237 1315 dum

94 1350 302 1416 maliuolentia
335 1351 460 1428 obtinet,
495 1351 570 1415 dum
603 1351 650 1415 ira
682 1357 817 1432 usurpat,
852 1353 926 1417 dum
960 1353 1064 1418 omnia
1093 1353 1237 1420 innubis

92 1462 223 1539 regnaut
237 1455 305 1520 haec
321 1456 477 1520 incentiue
496 1455 650 1521 uitiorum.
695 1455 781 1520 uenit
800 1457 885 1520 enim
900 1456 1044 1522 dominus
1065 1458 1236 1524 secundum

93 1559 276 1642 proplietam
309 1559 522 1641 captiuitatem
555 1565 702 1638 auertere,
719 1563 721 1567 ’
737 1580 810 1626 cum
844 1561 971 1626 dicitur:
1012 1563 1236 1642 praedicare

92 1658 270 1744 captiuis
308 1664 591 1730 remissiones.
636 1664 721 1729 uenit
759 1664 870 1748 ligatos
907 1664 1035 1744 soluere,
1073 1686 1144 1731 cum
1178 1667 1235 1732 ait:

91 1766 193 1832 hauc
217 1766 1235 1853 iiliamAbrahae,quamligaueratsatanasdecem

90 1882 125 1937 et
146 1878 237 1938 octo
260 1873 389 1948 annis,
408 1893 538 1938 nonne
563 1875 744 1954 oportuit
766 1872 872 1938 solui
895 1873 933 1938 in
959 1874 1024 1939 die
1046 1873 1235 1939 sabbati?

90 1977 173 2042 uenit
197 1976 368 2042 seruientes
399 1976 431 2042 in
461 1975 634 2042 libertatem
665 1978 815 2043 reducere
847 1977 969 2043 dicens:
1000 1999 1113 2044 emen
1144 1978 1233 2046 dico

89 2081 213 2158 uobis,
238 2081 426 2164 quoniam
450 2081 587 2158 omnis,
613 2081 677 2165 qui
713 2080 816 2147 facit
845 2089 1067 2165 peccatum,
1091 2103 1234 2149 seruus

89 2192 147 2249 est
170 2185 342 2266 peccati.
388 2204 530 2250 seruus
564 2192 696 2251 autem
731 2206 805 2250 non
841 2194 974 2251 manet
997 2189 1035 2280 il]
1060 2188 1234 2253 domoin

88 2295 289 2367 aeternum,
313 2288 430 2356 filius
453 2296 587 2354 autem
611 2297 746 2355 menet
768 2290 807 2354 iu
830 2297 1032 2356 aeternum.
1078 2293 1112 2356 si
1140 2311 1234 2376 ergo

87 2412 154 2457 uos
189 2391 308 2458 lilius
342 2392 600 2471 liberauerit
634 2413 728 2459 uere
760 2393 883 2459 liberi
914 2394 1046 2460 eritis.
1092 2395 1234 2477 capimur

87 2516 160 2582 ergo
184 2509 213 2561 et
236 2496 370 2582 ligamur
393 2503 423 2563 et
445 2497 606 2576 ceruimus,
631 2518 692 2563 non
707 2506 771 2564 tam
789 2518 925 2580 corpore,
949 2520 1044 2583 quam
1067 2507 1097 2565 et
1118 2510 1231 2566 mente.
1260 2516 1288 2555 ²⁰

87 2607 115 2664 et
138 2601 215 2665 mihi
240 2602 271 2666 in
296 2602 440 2685 praesenti
463 2601 582 2682 psalmo
606 2603 708 2668 omnis
731 2605 827 2670 uirtus
843 2611 874 2669 et
888 2604 966 2669 ratio
988 2605 1154 2672 uerborum
1170 2625 1231 2670 non

86 2711 146 2768 tam
170 2705 363 2787 corporalem
387 2707 596 2787 captiuitatem
621 2713 763 2784 tractare,
791 2727 885 2792 quam
907 2707 1078 2789 spiritalem
1100 2709 1231 2775 uidetur.

87 2827 122 2872 ea
146 2809 229 2875 enim
254 2816 284 2875 et
306 2811 338 2875 in
362 2809 506 2894 querellis
530 2822 560 2876 ct
584 2811 616 2875 in
640 2810 714 2876 locis
739 2817 769 2876 et
792 2813 823 2877 in
846 2813 939 2879 rebus
956 2814 1032 2879 etin
1055 2813 1231 2880 nominibus

85 2919 244 2978 momenta
259 2921 338 2990 sunt,
355 2919 388 2980 ut
404 2913 573 2995 spiritalem
590 2917 693 2996 potius
709 2917 921 2998 captiuitatem
939 2915 1007 2984 haec
1021 2917 1232 2984 lamentabilis

85 3017 244 3098 propbetae
268 3017 405 3102 querella
427 3017 589 3101 significet
1087 3107 1091 3116 Ι
1258 3035 1286 3075 ²⁸

131 3238 160 3289 ιι
180 3237 252 3291 mn.
271 3238 342 3306 uxr,
363 3242 385 3293 1.
423 3241 456 3294 re
474 3237 541 3292 uus.
560 3240 633 3307 xm,
654 3242 694 3293 rs.
733 3241 765 3294 rs
784 3239 841 3293 ros.
860 3240 934 3307 mn,
952 3243 987 3294 se
1005 3259 1044 3309 sq.

128 3427 220 3496 lipsa
246 3428 297 3482 illa
324 3429 363 3482 Re
390 3429 450 3498 ipsa
477 3430 542 3483 Pru
594 3429 659 3483 diu
686 3429 814 3484 doctrina
833 3431 859 3484 P
909 3430 1076 3486 duitiorum
1100 3449 1170 3500 quae
1189 3433 1229 3484 Tb

83 3514 222 3580 potiorum
241 3531 313 3584 quae
331 3515 371 3569 Re
388 3515 555 3584 potioraque
575 3517 600 3568 P
668 3517 921 3572 'tministeriorum
948 3536 979 3571 er
1004 3518 1192 3573 misteriorum
1206 3519 1232 3571 P

84 3601 100 3652 9
119 3601 311 3656 melluntentia
328 3602 425 3656 Rl’Ta
442 3602 669 3658 meleuolentise
722 3602 764 3658 ira
783 3622 812 3657 ex
830 3621 878 3658 ers
896 3623 929 3657 m.
945 3605 998 3659 IR
1052 3607 1084 3660 lt
1103 3611 1229 3660 euertere

83 3687 165 3740 GPT
187 3695 313 3744 euertere
339 3690 366 3742 R
425 3691 459 3743 la
476 3689 648 3744 remissionis
678 3691 702 3742 G
729 3690 920 3745 remissionem
948 3692 1025 3746 RPT
1076 3692 1182 3761 legates
1203 3693 1229 3744 G
1281 3685 1285 3692 ’

84 3776 117 3828 13
135 3773 204 3829 hauc
223 3775 309 3829 fissus
330 3776 355 3828 G
373 3775 444 3830 hanc
469 3777 543 3830 enim
562 3775 647 3830 filiam
666 3777 743 3830 RPT
795 3777 932 3846 ligedemt
953 3775 1069 3832 GRP'T
1085 3779 1229 3849 legauerat

82 3859 119 3912 Ρι
188 3863 217 3915 15
240 3863 375 3917 reducere
402 3863 442 3916 Re
470 3861 608 3917 deducere
636 3863 701 3916 Pro
767 3864 801 3916 17
825 3864 854 3917 in
882 3864 963 3918 domo
994 3865 1100 3919 GPTE
1126 3883 1174 3919 om.
1201 3866 1228 3920 R

84 3949 117 4000 18
135 3946 208 4002 filius
226 3955 320 4003 autem
339 3965 420 3998 *sees
441 3949 466 3999 G
483 3947 556 4003 filius
574 3955 668 4005 menet
687 3951 766 4002 PTE
781 3949 855 4005 lilius
873 3977 908 3988 -
926 3951 955 4004 in
974 3957 1117 4006 aeternum
1136 3969 1183 4006 orn.
1204 3955 1229 4006 R

81 4034 105 4087 si
123 4051 191 4102 ergo
208 4051 259 4090 uos
277 4033 352 4090 lilius
363 4036 389 4089 R
400 4036 424 4090 si
443 4053 510 4105 ergo
528 4034 602 4090 lilius
621 4037 731 4091 uosl‘T
742 4037 765 4091 si
784 4055 851 4091 uero
869 4037 943 4092 filius
955 4057 1004 4093 uos
1016 4041 1044 4092 E
1093 4041 1128 4093 aa
1145 4057 1229 4105 uuae·

82 4121 203 4174 rellislt
255 4123 284 4175 in
315 4121 382 4176 locis
410 4123 450 4176 lle
475 4122 506 4176 in
536 4123 633 4177 incolis
662 4125 726 4178 Pro
780 4130 808 4179 et
836 4125 864 4178 in
886 4125 1045 4181 nominibus
1073 4127 1127 4179 TE
1152 4127 1228 4181 etin

81 4206 208 4262 omnibus
239 4209 263 4262 u
289 4221 456 4254 333ss
483 4210 611 4264 omnibus
642 4211 668 4263 P
736 4212 771 4265 24
797 4211 983 4266 lamentabilie
1014 4214 1070 4267 RE
1097 4231 1146 4267 om.
1179 4214 1231 4266 Pr

82 4295 117 4346 25
137 4295 323 4361 quael-'sella
341 4297 367 4349 R
384 4295 457 4363 (ric).
945 4301 947 4309 ’
974 4308 976 4313 ’
1111 4306 1114 4311 ⁴
