<?xml version="1.0" encoding="UTF-8"?>
<!DOCTYPE html PUBLIC "-//W3C//DTD XHTML 1.0 Transitional//EN"
    "http://www.w3.org/TR/xhtml1/DTD/xhtml1-transitional.dtd">
<html xmlns="http://www.w3.org/1999/xhtml" xml:lang="en" lang="en">
 <head>
  <title>
</title>
<meta http-equiv="Content-Type" content="text/html;charset=utf-8" />
  <meta name='ocr-system' content='tesseract 3.04.00' />
  <meta name='ocr-capabilities' content='ocr_page ocr_carea ocr_par ocr_line ocrx_word'/>
</head>
<body>
  <div class='ocr_page' id='page_1' title='image "./corpusscriptoru23wiengoog_0861.png"; bbox 0 0 3075 4967; ppageno 0'>
   <div class='ocr_carea' id='block_1_1' title="bbox 406 282 1259 351">
    <p class='ocr_par' dir='ltr' id='par_1_1' title="bbox 406 282 1259 351">
     <span class='ocr_line' id='line_1_1' title="bbox 406 282 1259 351; baseline 0.018 -16"><span class='ocrx_word' id='word_1_1' title='bbox 406 288 585 336; x_wconf 86' lang='lat' dir='ltr'>tractatus</span> <span class='ocrx_word' id='word_1_2' title='bbox 605 284 638 335; x_wconf 90' lang='lat' dir='ltr'>iu</span> <span class='ocrx_word' id='word_1_3' title='bbox 657 286 829 351; x_wconf 86' lang='lat' dir='ltr'>psalmum</span> <span class='ocrx_word' id='word_1_4' title='bbox 849 286 968 339; x_wconf 83' lang='lat' dir='ltr'>CXLIII.</span> <span class='ocrx_word' id='word_1_5' title='bbox 1195 282 1259 349; x_wconf 76' lang='grc'>821</span> 
     </span>
    </p>
   </div>
   <div class='ocr_carea' id='block_1_2' title="bbox 110 470 1320 3676">
    <p class='ocr_par' dir='ltr' id='par_1_2' title="bbox 115 470 1261 641">
     <span class='ocr_line' id='line_1_2' title="bbox 115 470 1261 558; baseline 0.003 -23"><span class='ocrx_word' id='word_1_6' title='bbox 115 473 161 536; x_wconf 90' lang='lat' dir='ltr'>sic</span> <span class='ocrx_word' id='word_1_7' title='bbox 184 470 348 537; x_wconf 90' lang='lat' dir='ltr'>inclinatur</span> <span class='ocrx_word' id='word_1_8' title='bbox 371 472 487 547; x_wconf 77' lang='lat' dir='ltr'>calum,</span> <span class='ocrx_word' id='word_1_9' title='bbox 511 492 581 537; x_wconf 91' lang='lat' dir='ltr'>curu</span> <span class='ocrx_word' id='word_1_10' title='bbox 606 473 644 536; x_wconf 87' lang='lat' dir='ltr'>nd</span> <span class='ocrx_word' id='word_1_11' title='bbox 668 478 766 539; x_wconf 86' lang='lat' dir='ltr'>terras</span> <span class='ocrx_word' id='word_1_12' title='bbox 790 472 957 539; x_wconf 81' lang='lat' dir='ltr'>celestium</span> <span class='ocrx_word' id='word_1_13' title='bbox 981 476 1079 540; x_wconf 86' lang='lat' dir='ltr'>uirtus</span> <span class='ocrx_word' id='word_1_14' title='bbox 1101 474 1261 558; x_wconf 84' lang='lat' dir='ltr'>honorque</span> 
     </span>
     <span class='ocr_line' id='line_1_3' title="bbox 116 576 288 641; baseline 0.012 -2"><span class='ocrx_word' id='word_1_15' title='bbox 116 576 288 641; x_wconf 90' lang='lat' dir='ltr'>deducitur.</span> 
     </span>
    </p>

    <p class='ocr_par' dir='ltr' id='par_1_3' title="bbox 111 680 1317 2535">
     <span class='ocr_line' id='line_1_4' title="bbox 163 680 1261 771; baseline 0.004 -28"><span class='ocrx_word' id='word_1_16' title='bbox 163 680 212 743; x_wconf 92' lang='lat'>11.</span> <span class='ocrx_word' id='word_1_17' title='bbox 238 680 273 744; x_wconf 93' lang='lat' dir='ltr'>Iu</span> <span class='ocrx_word' id='word_1_18' title='bbox 298 688 469 757; x_wconf 77' lang='lat' dir='ltr'>ouantem,</span> <span class='ocrx_word' id='word_1_19' title='bbox 494 681 574 763; x_wconf 92' lang='lat' dir='ltr'>quud</span> <span class='ocrx_word' id='word_1_20' title='bbox 601 682 671 746; x_wconf 87' lang='lat' dir='ltr'>tacti</span> <span class='ocrx_word' id='word_1_21' title='bbox 704 689 823 747; x_wconf 89' lang='lat' dir='ltr'>montes</span> <span class='ocrx_word' id='word_1_22' title='bbox 846 681 1002 767; x_wconf 83' lang='lat' dir='ltr'><strong>fumigant</strong></span> <span class='ocrx_word' id='word_1_23' title='bbox 1025 684 1135 771; x_wconf 48' lang='lat' dir='ltr'>⁸potius</span> <span class='ocrx_word' id='word_1_24' title='bbox 1169 704 1261 767; x_wconf 84' lang='lat' dir='ltr'>quem</span> 
     </span>
     <span class='ocr_line' id='line_1_5' title="bbox 114 785 1262 869; baseline 0.004 -22"><span class='ocrx_word' id='word_1_25' title='bbox 114 792 253 862; x_wconf 84' lang='lat' dir='ltr'>uruntur,</span> <span class='ocrx_word' id='word_1_26' title='bbox 263 804 331 849; x_wconf 92' lang='lat' dir='ltr'>cum</span> <span class='ocrx_word' id='word_1_27' title='bbox 346 792 448 848; x_wconf 84' lang='lat' dir='ltr'>tumen</span> <span class='ocrx_word' id='word_1_28' title='bbox 461 785 493 848; x_wconf 92' lang='lat' dir='ltr'>id</span> <span class='ocrx_word' id='word_1_29' title='bbox 504 785 621 849; x_wconf 90' lang='lat' dir='ltr'>indicet</span> <span class='ocrx_word' id='word_1_30' title='bbox 632 788 713 869; x_wconf 90' lang='lat' dir='ltr'>quod</span> <span class='ocrx_word' id='word_1_31' title='bbox 727 786 869 863; x_wconf 85' lang='lat' dir='ltr'>sumetur,</span> <span class='ocrx_word' id='word_1_32' title='bbox 885 788 997 853; x_wconf 79' lang='lat' dir='ltr'>deiude</span> <span class='ocrx_word' id='word_1_33' title='bbox 1014 806 1084 852; x_wconf 90' lang='lat' dir='ltr'>cum</span> <span class='ocrx_word' id='word_1_34' title='bbox 1096 808 1262 853; x_wconf 83' lang='lat' dir='ltr'>coruscan-</span> 
     </span>
     <span class='ocr_line' id='line_1_6' title="bbox 115 888 1315 974; baseline -0.001 -22"><span class='ocrx_word' id='word_1_35' title='bbox 115 889 200 953; x_wconf 80' lang='lat' dir='ltr'>tibus</span> <span class='ocrx_word' id='word_1_36' title='bbox 223 889 485 953; x_wconf 74' lang='lat' dir='ltr'>coruscationibus</span> <span class='ocrx_word' id='word_1_37' title='bbox 507 888 697 969; x_wconf 77' lang='lat' dir='ltr'>dissipantur</span> <span class='ocrx_word' id='word_1_38' title='bbox 718 891 820 970; x_wconf 86' lang='lat' dir='ltr'>potius</span> <span class='ocrx_word' id='word_1_39' title='bbox 843 910 937 974; x_wconf 87' lang='lat' dir='ltr'>quam</span> <span class='ocrx_word' id='word_1_40' title='bbox 962 892 1164 968; x_wconf 84' lang='lat' dir='ltr'>inlucescuut,</span> <span class='ocrx_word' id='word_1_41' title='bbox 1196 901 1262 958; x_wconf 89' lang='lat' dir='ltr'>tum</span> <span class='ocrx_word' id='word_1_42' title='bbox 1303 916 1315 951; x_wconf 76' lang='lat' dir='ltr'>e</span> 
     </span>
     <span class='ocr_line' id='line_1_7' title="bbox 114 992 1262 1079; baseline 0.004 -23"><span class='ocrx_word' id='word_1_43' title='bbox 114 992 198 1075; x_wconf 92' lang='lat' dir='ltr'>quod</span> <span class='ocrx_word' id='word_1_44' title='bbox 215 992 339 1057; x_wconf 90' lang='lat' dir='ltr'>emissis</span> <span class='ocrx_word' id='word_1_45' title='bbox 355 993 479 1076; x_wconf 82' lang='lat' dir='ltr'>sagittis</span> <span class='ocrx_word' id='word_1_46' title='bbox 495 995 716 1059; x_wconf 78' lang='lat' dir='ltr'>conturbantur</span> <span class='ocrx_word' id='word_1_47' title='bbox 739 994 839 1077; x_wconf 84' lang='lat' dir='ltr'>magis</span> <span class='ocrx_word' id='word_1_48' title='bbox 855 1014 948 1078; x_wconf 88' lang='lat' dir='ltr'>quam</span> <span class='ocrx_word' id='word_1_49' title='bbox 973 994 1178 1079; x_wconf 80' lang='lat' dir='ltr'>conliguntur,</span> <span class='ocrx_word' id='word_1_50' title='bbox 1201 1016 1262 1061; x_wconf 90' lang='lat' dir='ltr'>uon</span> 
     </span>
     <span class='ocr_line' id='line_1_8' title="bbox 113 1096 1262 1183; baseline 0.003 -23"><span class='ocrx_word' id='word_1_51' title='bbox 113 1098 182 1161; x_wconf 89' lang='lat' dir='ltr'>sine</span> <span class='ocrx_word' id='word_1_52' title='bbox 200 1098 333 1161; x_wconf 80' lang='lat' dir='ltr'>maxima</span> <span class='ocrx_word' id='word_1_53' title='bbox 353 1098 470 1162; x_wconf 87' lang='lat' dir='ltr'>ratione</span> <span class='ocrx_word' id='word_1_54' title='bbox 489 1096 636 1177; x_wconf 87' lang='lat' dir='ltr'>spiritalis</span> <span class='ocrx_word' id='word_1_55' title='bbox 648 1097 866 1181; x_wconf 81' lang='lat' dir='ltr'>intellegentiae</span> <span class='ocrx_word' id='word_1_56' title='bbox 883 1099 924 1163; x_wconf 90' lang='lat' dir='ltr'>ita</span> <span class='ocrx_word' id='word_1_57' title='bbox 941 1100 1059 1164; x_wconf 89' lang='lat' dir='ltr'>dicitur.</span> <span class='ocrx_word' id='word_1_58' title='bbox 1090 1102 1262 1183; x_wconf 88' lang='lat' dir='ltr'>etquidem</span> 
     </span>
     <span class='ocr_line' id='line_1_9' title="bbox 113 1200 1263 1286; baseline 0.003 -22"><span class='ocrx_word' id='word_1_59' title='bbox 113 1201 177 1264; x_wconf 85' lang='lat' dir='ltr'>iorn</span> <span class='ocrx_word' id='word_1_60' title='bbox 203 1206 233 1265; x_wconf 86' lang='lat' dir='ltr'>et</span> <span class='ocrx_word' id='word_1_61' title='bbox 255 1201 332 1266; x_wconf 87' lang='lat' dir='ltr'>alius</span> <span class='ocrx_word' id='word_1_62' title='bbox 349 1200 488 1284; x_wconf 84' lang='lat' dir='ltr'>psalmus</span> <span class='ocrx_word' id='word_1_63' title='bbox 505 1200 554 1266; x_wconf 91' lang='lat' dir='ltr'>his</span> <span class='ocrx_word' id='word_1_64' title='bbox 571 1202 658 1283; x_wconf 84' lang='lat' dir='ltr'>paria</span> <span class='ocrx_word' id='word_1_65' title='bbox 674 1202 837 1285; x_wconf 78' lang='lat' dir='ltr'>siguificat,</span> <span class='ocrx_word' id='word_1_66' title='bbox 861 1222 930 1268; x_wconf 88' lang='lat' dir='ltr'>cum</span> <span class='ocrx_word' id='word_1_67' title='bbox 949 1204 1005 1268; x_wconf 88' lang='lat' dir='ltr'>ait:</span> <span class='ocrx_word' id='word_1_68' title='bbox 1030 1223 1263 1286; x_wconf 86' lang='lat' dir='ltr'>praeparans</span> 
     </span>
     <span class='ocr_line' id='line_1_10' title="bbox 112 1307 1262 1391; baseline 0.003 -22"><span class='ocrx_word' id='word_1_69' title='bbox 112 1312 274 1369; x_wconf 88' lang='lat' dir='ltr'>montes</span> <span class='ocrx_word' id='word_1_70' title='bbox 298 1307 334 1369; x_wconf 94' lang='lat' dir='ltr'>in</span> <span class='ocrx_word' id='word_1_71' title='bbox 359 1307 515 1371; x_wconf 83' lang='lat' dir='ltr'>uirtute</span> <span class='ocrx_word' id='word_1_72' title='bbox 546 1313 619 1382; x_wconf 84' lang='lat' dir='ltr'>tua,</span> <span class='ocrx_word' id='word_1_73' title='bbox 652 1308 863 1372; x_wconf 88' lang='lat' dir='ltr'>accinctus</span> <span class='ocrx_word' id='word_1_74' title='bbox 887 1308 1081 1391; x_wconf 86' lang='lat' dir='ltr'>potentia.</span> <span class='ocrx_word' id='word_1_75' title='bbox 1126 1310 1262 1373; x_wconf 88' lang='lat' dir='ltr'>aduentu</span> 
     </span>
     <span class='ocr_line' id='line_1_11' title="bbox 113 1410 1315 1491; baseline 0.003 -18"><span class='ocrx_word' id='word_1_76' title='bbox 113 1411 200 1473; x_wconf 90' lang='lat' dir='ltr'>enim</span> <span class='ocrx_word' id='word_1_77' title='bbox 226 1410 343 1474; x_wconf 89' lang='lat' dir='ltr'>domiui</span> <span class='ocrx_word' id='word_1_78' title='bbox 367 1412 522 1489; x_wconf 82' lang='lat' dir='ltr'>contracta</span> <span class='ocrx_word' id='word_1_79' title='bbox 546 1420 576 1475; x_wconf 88' lang='lat' dir='ltr'>et</span> <span class='ocrx_word' id='word_1_80' title='bbox 599 1410 711 1475; x_wconf 90' lang='lat' dir='ltr'>obtrita</span> <span class='ocrx_word' id='word_1_81' title='bbox 734 1411 846 1475; x_wconf 92' lang='lat' dir='ltr'>diaboli</span> <span class='ocrx_word' id='word_1_82' title='bbox 869 1418 1004 1491; x_wconf 69' lang='lat' dir='ltr'>pobstns</span> <span class='ocrx_word' id='word_1_83' title='bbox 1024 1419 1079 1489; x_wconf 86' lang='lat' dir='ltr'>est,</span> <span class='ocrx_word' id='word_1_84' title='bbox 1103 1432 1174 1477; x_wconf 92' lang='lat' dir='ltr'>cum</span> <span class='ocrx_word' id='word_1_85' title='bbox 1189 1412 1262 1477; x_wconf 87' lang='lat' dir='ltr'>fidei</span> <span class='ocrx_word' id='word_1_86' title='bbox 1292 1436 1315 1469; x_wconf 87' lang='lat'>10</span> 
     </span>
     <span class='ocr_line' id='line_1_12' title="bbox 112 1514 1263 1598; baseline 0.003 -21"><span class='ocrx_word' id='word_1_87' title='bbox 112 1522 292 1578; x_wconf 87' lang='lat' dir='ltr'>sauctorum</span> <span class='ocrx_word' id='word_1_88' title='bbox 310 1514 468 1578; x_wconf 88' lang='lat' dir='ltr'>bominum</span> <span class='ocrx_word' id='word_1_89' title='bbox 489 1515 646 1579; x_wconf 85' lang='lat' dir='ltr'>subiectus</span> <span class='ocrx_word' id='word_1_90' title='bbox 662 1520 724 1579; x_wconf 87' lang='lat' dir='ltr'>cst:</span> <span class='ocrx_word' id='word_1_91' title='bbox 750 1535 810 1579; x_wconf 93' lang='lat' dir='ltr'>nou</span> <span class='ocrx_word' id='word_1_92' title='bbox 828 1517 907 1598; x_wconf 91' lang='lat' dir='ltr'>quod</span> <span class='ocrx_word' id='word_1_93' title='bbox 925 1536 985 1579; x_wconf 94' lang='lat' dir='ltr'>non</span> <span class='ocrx_word' id='word_1_94' title='bbox 1003 1514 1104 1580; x_wconf 86' lang='lat' dir='ltr'>adhuc</span> <span class='ocrx_word' id='word_1_95' title='bbox 1120 1517 1263 1596; x_wconf 76' lang='lat' dir='ltr'>potentia</span> 
     </span>
     <span class='ocr_line' id='line_1_13' title="bbox 114 1617 1263 1703; baseline 0.001 -21"><span class='ocrx_word' id='word_1_96' title='bbox 114 1638 182 1682; x_wconf 73' lang='lat' dir='ltr'>suar</span> <span class='ocrx_word' id='word_1_97' title='bbox 207 1617 320 1682; x_wconf 84' lang='lat' dir='ltr'>habeat</span> <span class='ocrx_word' id='word_1_98' title='bbox 337 1620 487 1683; x_wconf 86' lang='lat' dir='ltr'>maximas</span> <span class='ocrx_word' id='word_1_99' title='bbox 503 1620 594 1693; x_wconf 80' lang='lat' dir='ltr'>uires</span> <span class='ocrx_word' id='word_1_100' title='bbox 618 1622 673 1684; x_wconf 90' lang='lat' dir='ltr'>sed</span> <span class='ocrx_word' id='word_1_101' title='bbox 689 1640 744 1701; x_wconf 89' lang='lat' dir='ltr'>per</span> <span class='ocrx_word' id='word_1_102' title='bbox 761 1619 801 1695; x_wconf 87' lang='lat' dir='ltr'>id,</span> <span class='ocrx_word' id='word_1_103' title='bbox 825 1621 906 1702; x_wconf 89' lang='lat' dir='ltr'>qnod</span> <span class='ocrx_word' id='word_1_104' title='bbox 924 1631 1091 1703; x_wconf 86' lang='lat' dir='ltr'>utcumque</span> <span class='ocrx_word' id='word_1_105' title='bbox 1107 1620 1263 1685; x_wconf 88' lang='lat' dir='ltr'>subiectus</span> 
     </span>
     <span class='ocr_line' id='line_1_14' title="bbox 113 1722 1263 1807; baseline 0.002 -22"><span class='ocrx_word' id='word_1_106' title='bbox 113 1728 170 1789; x_wconf 87' lang='lat' dir='ltr'>est.</span> <span class='ocrx_word' id='word_1_107' title='bbox 197 1722 359 1803; x_wconf 77' lang='lat' dir='ltr'>praesentis</span> <span class='ocrx_word' id='word_1_108' title='bbox 383 1722 582 1787; x_wconf 87' lang='lat' dir='ltr'>subiectionis</span> <span class='ocrx_word' id='word_1_109' title='bbox 606 1723 783 1789; x_wconf 87' lang='lat' dir='ltr'>condicione</span> <span class='ocrx_word' id='word_1_110' title='bbox 806 1722 915 1789; x_wconf 88' lang='lat' dir='ltr'>ultioni</span> <span class='ocrx_word' id='word_1_111' title='bbox 939 1732 971 1788; x_wconf 89' lang='lat' dir='ltr'>et</span> <span class='ocrx_word' id='word_1_112' title='bbox 994 1743 1092 1804; x_wconf 83' lang='lat' dir='ltr'>poeuae</span> <span class='ocrx_word' id='word_1_113' title='bbox 1115 1723 1263 1807; x_wconf 79' lang='lat' dir='ltr'>legitImae</span> 
     </span>
     <span class='ocr_line' id='line_1_15' title="bbox 113 1826 1263 1907; baseline 0.003 -18"><span class='ocrx_word' id='word_1_114' title='bbox 113 1834 316 1905; x_wconf 68' lang='lat' dir='ltr'>prmparatur,</span> <span class='ocrx_word' id='word_1_115' title='bbox 340 1832 373 1890; x_wconf 93' lang='lat' dir='ltr'>ut</span> <span class='ocrx_word' id='word_1_116' title='bbox 396 1846 479 1891; x_wconf 92' lang='lat' dir='ltr'>nuuc</span> <span class='ocrx_word' id='word_1_117' title='bbox 503 1846 556 1907; x_wconf 86' lang='lat' dir='ltr'>por</span> <span class='ocrx_word' id='word_1_118' title='bbox 580 1826 659 1891; x_wconf 85' lang='lat' dir='ltr'>hanc</span> <span class='ocrx_word' id='word_1_119' title='bbox 683 1830 816 1891; x_wconf 84' lang='lat' dir='ltr'>eandem</span> <span class='ocrx_word' id='word_1_120' title='bbox 843 1828 1061 1892; x_wconf 86' lang='lat' dir='ltr'>subiectionem</span> <span class='ocrx_word' id='word_1_121' title='bbox 1086 1829 1198 1892; x_wconf 89' lang='lat' dir='ltr'>uirtute</span> <span class='ocrx_word' id='word_1_122' title='bbox 1214 1828 1263 1892; x_wconf 88' lang='lat' dir='ltr'>dei</span> 
     </span>
     <span class='ocr_line' id='line_1_16' title="bbox 114 1929 1315 2015; baseline 0.001 -20"><span class='ocrx_word' id='word_1_123' title='bbox 114 1938 216 1995; x_wconf 87' lang='lat' dir='ltr'>tactus</span> <span class='ocrx_word' id='word_1_124' title='bbox 248 1931 353 2003; x_wconf 84' lang='lat' dir='ltr'>sumet,</span> <span class='ocrx_word' id='word_1_125' title='bbox 389 1929 460 1995; x_wconf 87' lang='lat' dir='ltr'>licet</span> <span class='ocrx_word' id='word_1_126' title='bbox 494 1934 632 1995; x_wconf 91' lang='lat' dir='ltr'>nondum</span> <span class='ocrx_word' id='word_1_127' title='bbox 668 1937 748 1996; x_wconf 86' lang='lat' dir='ltr'>totus</span> <span class='ocrx_word' id='word_1_128' title='bbox 782 1938 901 2009; x_wconf 78' lang='lat' dir='ltr'>uratur3</span> <span class='ocrx_word' id='word_1_129' title='bbox 936 1933 992 1996; x_wconf 88' lang='lat' dir='ltr'>sed</span> <span class='ocrx_word' id='word_1_130' title='bbox 1027 1951 1082 2012; x_wconf 87' lang='lat' dir='ltr'>per</span> <span class='ocrx_word' id='word_1_131' title='bbox 1115 1932 1155 2007; x_wconf 90' lang='lat' dir='ltr'>id,</span> <span class='ocrx_word' id='word_1_132' title='bbox 1180 1934 1261 2015; x_wconf 91' lang='lat' dir='ltr'>quod</span> <span class='ocrx_word' id='word_1_133' title='bbox 1292 1954 1315 1991; x_wconf 74' lang='grc' dir='ltr'>ι(</span> 
     </span>
     <span class='ocr_line' id='line_1_17' title="bbox 112 2034 1263 2117; baseline 0.001 -20"><span class='ocrx_word' id='word_1_134' title='bbox 112 2034 240 2098; x_wconf 88' lang='lat' dir='ltr'>iuterim</span> <span class='ocrx_word' id='word_1_135' title='bbox 265 2034 383 2098; x_wconf 85' lang='lat' dir='ltr'>sunrnre</span> <span class='ocrx_word' id='word_1_136' title='bbox 413 2036 518 2117; x_wconf 87' lang='lat' dir='ltr'>potuit,</span> <span class='ocrx_word' id='word_1_137' title='bbox 543 2044 573 2099; x_wconf 91' lang='lat' dir='ltr'>et</span> <span class='ocrx_word' id='word_1_138' title='bbox 595 2036 640 2097; x_wconf 92' lang='lat' dir='ltr'>uri</span> <span class='ocrx_word' id='word_1_139' title='bbox 665 2056 755 2115; x_wconf 85' lang='lat' dir='ltr'>posse</span> <span class='ocrx_word' id='word_1_140' title='bbox 779 2037 953 2100; x_wconf 91' lang='lat' dir='ltr'>noscendus</span> <span class='ocrx_word' id='word_1_141' title='bbox 977 2043 1030 2101; x_wconf 90' lang='lat' dir='ltr'>est.</span> <span class='ocrx_word' id='word_1_142' title='bbox 1076 2036 1173 2100; x_wconf 87' lang='lat' dir='ltr'>uritur</span> <span class='ocrx_word' id='word_1_143' title='bbox 1202 2056 1263 2100; x_wconf 92' lang='lat' dir='ltr'>uon</span> 
     </span>
     <span class='ocr_line' id='line_1_18' title="bbox 112 2138 1264 2219; baseline 0.003 -19"><span class='ocrx_word' id='word_1_144' title='bbox 112 2138 165 2203; x_wconf 89' lang='lat' dir='ltr'>ille</span> <span class='ocrx_word' id='word_1_145' title='bbox 191 2145 319 2211; x_wconf 78' lang='lat' dir='ltr'>tautum,</span> <span class='ocrx_word' id='word_1_146' title='bbox 350 2139 404 2203; x_wconf 90' lang='lat' dir='ltr'>sed</span> <span class='ocrx_word' id='word_1_147' title='bbox 434 2151 463 2202; x_wconf 88' lang='lat' dir='ltr'>et</span> <span class='ocrx_word' id='word_1_148' title='bbox 486 2158 594 2203; x_wconf 82' lang='lat' dir='ltr'>omues</span> <span class='ocrx_word' id='word_1_149' title='bbox 618 2139 692 2203; x_wconf 92' lang='lat' dir='ltr'>eius.</span> <span class='ocrx_word' id='word_1_150' title='bbox 738 2160 798 2203; x_wconf 93' lang='lat' dir='ltr'>uon</span> <span class='ocrx_word' id='word_1_151' title='bbox 823 2140 904 2203; x_wconf 86' lang='lat' dir='ltr'>enirn</span> <span class='ocrx_word' id='word_1_152' title='bbox 927 2141 979 2203; x_wconf 92' lang='lat' dir='ltr'>uni</span> <span class='ocrx_word' id='word_1_153' title='bbox 1004 2148 1122 2205; x_wconf 75' lang='lat' dir='ltr'>trintum</span> <span class='ocrx_word' id='word_1_154' title='bbox 1147 2160 1264 2219; x_wconf 78' lang='lat' dir='ltr'>prapa-</span> 
     </span>
     <span class='ocr_line' id='line_1_19' title="bbox 111 2240 1264 2326; baseline 0.001 -20"><span class='ocrx_word' id='word_1_155' title='bbox 111 2250 200 2306; x_wconf 88' lang='lat' dir='ltr'>ratus</span> <span class='ocrx_word' id='word_1_156' title='bbox 225 2240 275 2305; x_wconf 87' lang='lat' dir='ltr'>hic</span> <span class='ocrx_word' id='word_1_157' title='bbox 310 2242 391 2325; x_wconf 75' lang='lat' dir='ltr'>ignis</span> <span class='ocrx_word' id='word_1_158' title='bbox 415 2250 461 2307; x_wconf 85' lang='lat' dir='ltr'>est</span> <span class='ocrx_word' id='word_1_159' title='bbox 484 2242 607 2306; x_wconf 92' lang='lat' dir='ltr'>domiuo</span> <span class='ocrx_word' id='word_1_160' title='bbox 632 2243 768 2308; x_wconf 82' lang='lat' dir='ltr'>dicente:</span> <span class='ocrx_word' id='word_1_161' title='bbox 804 2243 914 2308; x_wconf 85' lang='lat' dir='ltr'>abite</span> <span class='ocrx_word' id='word_1_162' title='bbox 939 2246 976 2306; x_wconf 92' lang='lat' dir='ltr'>iu</span> <span class='ocrx_word' id='word_1_163' title='bbox 1000 2244 1007 2306; x_wconf 91' lang='lat' dir='ltr'>i</span> <span class='ocrx_word' id='word_1_164' title='bbox 1017 2263 1131 2326; x_wconf 79' lang='lat' dir='ltr'>guent</span> <span class='ocrx_word' id='word_1_165' title='bbox 1155 2251 1264 2308; x_wconf 69' lang='lat' dir='ltr'>ruter-</span> 
     </span>
     <span class='ocr_line' id='line_1_20' title="bbox 111 2347 1264 2430; baseline 0.001 -21"><span class='ocrx_word' id='word_1_166' title='bbox 111 2366 221 2421; x_wconf 83' lang='lat' dir='ltr'>uum,</span> <span class='ocrx_word' id='word_1_167' title='bbox 268 2366 381 2429; x_wconf 88' lang='lat' dir='ltr'>quern</span> <span class='ocrx_word' id='word_1_168' title='bbox 428 2347 678 2430; x_wconf 81' lang='lat' dir='ltr'>praepuruuit</span> <span class='ocrx_word' id='word_1_169' title='bbox 723 2354 839 2426; x_wconf 87' lang='lat' dir='ltr'>pater</span> <span class='ocrx_word' id='word_1_170' title='bbox 875 2368 983 2412; x_wconf 86' lang='lat' dir='ltr'>meus</span> <span class='ocrx_word' id='word_1_171' title='bbox 1022 2347 1188 2412; x_wconf 86' lang='lat' dir='ltr'>diabulo</span> <span class='ocrx_word' id='word_1_172' title='bbox 1227 2354 1264 2410; x_wconf 87' lang='lat' dir='ltr'>st</span> 
     </span>
     <span class='ocr_line' id='line_1_21' title="bbox 111 2448 1317 2535; baseline 0.002 -22"><span class='ocrx_word' id='word_1_173' title='bbox 111 2448 278 2531; x_wconf 84' lang='lat' dir='ltr'>angelis</span> <span class='ocrx_word' id='word_1_174' title='bbox 309 2450 406 2515; x_wconf 90' lang='lat' dir='ltr'>eius.</span> <span class='ocrx_word' id='word_1_175' title='bbox 452 2448 485 2513; x_wconf 93' lang='lat' dir='ltr'>hi</span> <span class='ocrx_word' id='word_1_176' title='bbox 510 2470 584 2532; x_wconf 84' lang='lat' dir='ltr'>ergo</span> <span class='ocrx_word' id='word_1_177' title='bbox 614 2456 734 2515; x_wconf 89' lang='lat' dir='ltr'>montes</span> <span class='ocrx_word' id='word_1_178' title='bbox 764 2452 835 2515; x_wconf 87' lang='lat' dir='ltr'>tacti</span> <span class='ocrx_word' id='word_1_179' title='bbox 859 2452 1024 2515; x_wconf 80' lang='lat' dir='ltr'>adomiun</span> <span class='ocrx_word' id='word_1_180' title='bbox 1056 2450 1261 2535; x_wconf 78' lang='lat' dir='ltr'>fumigabunt.</span> <span class='ocrx_word' id='word_1_181' title='bbox 1292 2473 1317 2507; x_wconf 62' lang='grc' dir='ltr'>(ο</span> 
     </span>
    </p>

    <p class='ocr_par' dir='ltr' id='par_1_4' title="bbox 110 2553 1265 3261">
     <span class='ocr_line' id='line_1_22' title="bbox 162 2553 1262 2633; baseline 0.001 -15"><span class='ocrx_word' id='word_1_182' title='bbox 162 2555 209 2618; x_wconf 74' lang='grc'>12.</span> <span class='ocrx_word' id='word_1_183' title='bbox 235 2553 477 2633; x_wconf 83' lang='lat' dir='ltr'>Dissipabuutur</span> <span class='ocrx_word' id='word_1_184' title='bbox 491 2556 582 2619; x_wconf 82' lang='lat' dir='ltr'>etiarn</span> <span class='ocrx_word' id='word_1_185' title='bbox 599 2560 757 2619; x_wconf 75' lang='lat' dir='ltr'>coruscabo</span> <span class='ocrx_word' id='word_1_186' title='bbox 774 2556 995 2629; x_wconf 81' lang='lat' dir='ltr'>coruscatione,</span> <span class='ocrx_word' id='word_1_187' title='bbox 1021 2555 1124 2620; x_wconf 88' lang='lat' dir='ltr'>lumen</span> <span class='ocrx_word' id='word_1_188' title='bbox 1144 2554 1262 2619; x_wconf 88' lang='lat' dir='ltr'>scilicet</span> 
     </span>
     <span class='ocr_line' id='line_1_23' title="bbox 111 2658 1263 2741; baseline 0.001 -18"><span class='ocrx_word' id='word_1_189' title='bbox 111 2678 231 2724; x_wconf 72' lang='lat' dir='ltr'>citrum.</span> <span class='ocrx_word' id='word_1_190' title='bbox 257 2658 430 2741; x_wconf 83' lang='lat' dir='ltr'>dequibus</span> <span class='ocrx_word' id='word_1_191' title='bbox 461 2659 576 2723; x_wconf 88' lang='lat' dir='ltr'>dictum</span> <span class='ocrx_word' id='word_1_192' title='bbox 613 2666 674 2722; x_wconf 88' lang='lat' dir='ltr'>est:</span> <span class='ocrx_word' id='word_1_193' title='bbox 711 2679 782 2723; x_wconf 91' lang='lat' dir='ltr'>uos</span> <span class='ocrx_word' id='word_1_194' title='bbox 817 2660 919 2722; x_wconf 88' lang='lat' dir='ltr'>estis</span> <span class='ocrx_word' id='word_1_195' title='bbox 956 2659 1086 2723; x_wconf 90' lang='lat' dir='ltr'>lumcu</span> <span class='ocrx_word' id='word_1_196' title='bbox 1118 2658 1263 2724; x_wconf 93' lang='lat' dir='ltr'>muudi.</span> 
     </span>
     <span class='ocr_line' id='line_1_24' title="bbox 110 2762 1264 2846; baseline -0.001 -19"><span class='ocrx_word' id='word_1_197' title='bbox 110 2782 177 2827; x_wconf 90' lang='lat' dir='ltr'>uon</span> <span class='ocrx_word' id='word_1_198' title='bbox 214 2762 357 2826; x_wconf 85' lang='lat' dir='ltr'>serentes.</span> <span class='ocrx_word' id='word_1_199' title='bbox 405 2763 521 2826; x_wconf 90' lang='lat' dir='ltr'>domini</span> <span class='ocrx_word' id='word_1_200' title='bbox 554 2782 687 2846; x_wconf 84' lang='lat' dir='ltr'>namque</span> <span class='ocrx_word' id='word_1_201' title='bbox 718 2763 869 2827; x_wconf 87' lang='lat' dir='ltr'>aduentus</span> <span class='ocrx_word' id='word_1_202' title='bbox 900 2772 1060 2846; x_wconf 87' lang='lat' dir='ltr'>tamquam</span> <span class='ocrx_word' id='word_1_203' title='bbox 1092 2762 1196 2846; x_wconf 85' lang='lat' dir='ltr'>fulgur</span> <span class='ocrx_word' id='word_1_204' title='bbox 1226 2763 1264 2826; x_wconf 89' lang='lat' dir='ltr'>ab</span> 
     </span>
     <span class='ocr_line' id='line_1_25' title="bbox 110 2866 1265 2950; baseline 0.002 -21"><span class='ocrx_word' id='word_1_205' title='bbox 110 2866 233 2930; x_wconf 86' lang='lat' dir='ltr'>oriente</span> <span class='ocrx_word' id='word_1_206' title='bbox 250 2885 346 2949; x_wconf 88' lang='lat' dir='ltr'>usque</span> <span class='ocrx_word' id='word_1_207' title='bbox 370 2866 400 2929; x_wconf 91' lang='lat' dir='ltr'>in</span> <span class='ocrx_word' id='word_1_208' title='bbox 425 2867 615 2932; x_wconf 80' lang='lat' dir='ltr'>occidentem</span> <span class='ocrx_word' id='word_1_209' title='bbox 637 2887 790 2947; x_wconf 82' lang='lat' dir='ltr'>apparens</span> <span class='ocrx_word' id='word_1_210' title='bbox 814 2866 1017 2950; x_wconf 77' lang='lat' dir='ltr'>intellegetur.</span> <span class='ocrx_word' id='word_1_211' title='bbox 1064 2868 1118 2932; x_wconf 92' lang='lat' dir='ltr'>sed</span> <span class='ocrx_word' id='word_1_212' title='bbox 1141 2867 1265 2931; x_wconf 88' lang='lat' dir='ltr'>interim</span> 
     </span>
     <span class='ocr_line' id='line_1_26' title="bbox 112 2970 1263 3051; baseline 0 -16"><span class='ocrx_word' id='word_1_213' title='bbox 112 2970 343 3035; x_wconf 85' lang='lat' dir='ltr'>coruscationes</span> <span class='ocrx_word' id='word_1_214' title='bbox 378 2970 479 3034; x_wconf 76' lang='lat' dir='ltr'>multae</span> <span class='ocrx_word' id='word_1_215' title='bbox 511 2979 590 3041; x_wconf 80' lang='lat' dir='ltr'>sunt,</span> <span class='ocrx_word' id='word_1_216' title='bbox 626 2971 656 3033; x_wconf 92' lang='lat' dir='ltr'>id</span> <span class='ocrx_word' id='word_1_217' title='bbox 691 2979 737 3035; x_wconf 90' lang='lat' dir='ltr'>est</span> <span class='ocrx_word' id='word_1_218' title='bbox 767 2971 941 3051; x_wconf 77' lang='lat' dir='ltr'>apostolica</span> <span class='ocrx_word' id='word_1_219' title='bbox 976 2972 1210 3051; x_wconf 76' lang='lat' dir='ltr'>praedicationes</span> <span class='ocrx_word' id='word_1_220' title='bbox 1234 2980 1263 3035; x_wconf 88' lang='lat' dir='ltr'>ct</span> 
     </span>
     <span class='ocr_line' id='line_1_27' title="bbox 112 3074 1265 3157; baseline -0.001 -18"><span class='ocrx_word' id='word_1_221' title='bbox 112 3075 264 3155; x_wconf 84' lang='lat' dir='ltr'>splendor</span> <span class='ocrx_word' id='word_1_222' title='bbox 287 3074 431 3138; x_wconf 79' lang='lat' dir='ltr'>doctrinan</span> <span class='ocrx_word' id='word_1_223' title='bbox 455 3074 513 3141; x_wconf 88' lang='lat' dir='ltr'>dei.</span> <span class='ocrx_word' id='word_1_224' title='bbox 549 3095 617 3157; x_wconf 77' lang='lat' dir='ltr'>quio</span> <span class='ocrx_word' id='word_1_225' title='bbox 652 3077 841 3139; x_wconf 90' lang='lat' dir='ltr'>condensam</span> <span class='ocrx_word' id='word_1_226' title='bbox 877 3075 962 3139; x_wconf 88' lang='lat' dir='ltr'>illam</span> <span class='ocrx_word' id='word_1_227' title='bbox 998 3084 1027 3139; x_wconf 88' lang='lat' dir='ltr'>et</span> <span class='ocrx_word' id='word_1_228' title='bbox 1058 3074 1265 3154; x_wconf 76' lang='lat' dir='ltr'>conspiratam</span> 
     </span>
     <span class='ocr_line' id='line_1_28' title="bbox 114 3178 981 3261; baseline -0.001 -18"><span class='ocrx_word' id='word_1_229' title='bbox 114 3181 292 3243; x_wconf 76' lang='lat' dir='ltr'>daemonum</span> <span class='ocrx_word' id='word_1_230' title='bbox 315 3178 460 3243; x_wconf 83' lang='lat' dir='ltr'>ulrtutem</span> <span class='ocrx_word' id='word_1_231' title='bbox 485 3180 706 3243; x_wconf 85' lang='lat' dir='ltr'>coruscationis</span> <span class='ocrx_word' id='word_1_232' title='bbox 729 3179 797 3243; x_wconf 89' lang='lat' dir='ltr'>luce</span> <span class='ocrx_word' id='word_1_233' title='bbox 822 3180 981 3261; x_wconf 84' lang='lat' dir='ltr'>dispergit.</span> 
     </span>
    </p>

    <p class='ocr_par' dir='ltr' id='par_1_5' title="bbox 111 3282 1320 3676">
     <span class='ocr_line' id='line_1_29' title="bbox 160 3282 1263 3366; baseline 0.001 -21"><span class='ocrx_word' id='word_1_234' title='bbox 160 3282 211 3346; x_wconf 85' lang='lat'>13.</span> <span class='ocrx_word' id='word_1_235' title='bbox 237 3282 365 3366; x_wconf 82' lang='lat' dir='ltr'>Sugittae</span> <span class='ocrx_word' id='word_1_236' title='bbox 390 3283 480 3346; x_wconf 90' lang='lat' dir='ltr'>etiam</span> <span class='ocrx_word' id='word_1_237' title='bbox 506 3283 628 3347; x_wconf 70' lang='lat' dir='ltr'>emissan</span> <span class='ocrx_word' id='word_1_238' title='bbox 648 3283 875 3348; x_wconf 89' lang='lat' dir='ltr'>conturbabunt</span> <span class='ocrx_word' id='word_1_239' title='bbox 891 3303 949 3347; x_wconf 87' lang='lat' dir='ltr'>eos.</span> <span class='ocrx_word' id='word_1_240' title='bbox 998 3282 1139 3348; x_wconf 89' lang='lat' dir='ltr'>meminit</span> <span class='ocrx_word' id='word_1_241' title='bbox 1155 3282 1263 3346; x_wconf 89' lang='lat' dir='ltr'>eadem</span> 
     </span>
     <span class='ocr_line' id='line_1_30' title="bbox 113 3385 1262 3470; baseline -0.001 -20"><span class='ocrx_word' id='word_1_242' title='bbox 113 3404 241 3469; x_wconf 87' lang='lat' dir='ltr'>quoque</span> <span class='ocrx_word' id='word_1_243' title='bbox 266 3385 426 3465; x_wconf 87' lang='lat' dir='ltr'>prophetia</span> <span class='ocrx_word' id='word_1_244' title='bbox 461 3394 490 3450; x_wconf 88' lang='lat' dir='ltr'>et</span> <span class='ocrx_word' id='word_1_245' title='bbox 513 3385 579 3451; x_wconf 93' lang='lat' dir='ltr'>loco</span> <span class='ocrx_word' id='word_1_246' title='bbox 614 3386 672 3450; x_wconf 89' lang='lat' dir='ltr'>alio</span> <span class='ocrx_word' id='word_1_247' title='bbox 707 3386 818 3450; x_wconf 89' lang='lat' dir='ltr'>harum</span> <span class='ocrx_word' id='word_1_248' title='bbox 853 3386 1053 3470; x_wconf 83' lang='lat' dir='ltr'>sagittarum:</span> <span class='ocrx_word' id='word_1_249' title='bbox 1089 3385 1262 3468; x_wconf 80' lang='lat' dir='ltr'>sagittas,</span> 
     </span>
     <span class='ocr_line' id='line_1_31' title="bbox 111 3489 1320 3584; baseline -0.001 -31"><span class='ocrx_word' id='word_1_250' title='bbox 111 3491 223 3573; x_wconf 85' lang='lat' dir='ltr'>iuquit,</span> <span class='ocrx_word' id='word_1_251' title='bbox 255 3489 515 3569; x_wconf 86' lang='lat' dir='ltr'>paruulorum</span> <span class='ocrx_word' id='word_1_252' title='bbox 546 3491 663 3555; x_wconf 71' lang='lat' dir='ltr'>facta·</span> <span class='ocrx_word' id='word_1_253' title='bbox 694 3497 787 3555; x_wconf 90' lang='lat' dir='ltr'>suut</span> <span class='ocrx_word' id='word_1_254' title='bbox 821 3490 951 3573; x_wconf 76' lang='lat' dir='ltr'>plaga</span> <span class='ocrx_word' id='word_1_255' title='bbox 975 3509 1124 3584; x_wconf 85' lang='lat' dir='ltr'>eorum:</span> <span class='ocrx_word' id='word_1_256' title='bbox 1148 3509 1261 3571; x_wconf 88' lang='lat' dir='ltr'>paruu·</span> <span class='ocrx_word' id='word_1_257' title='bbox 1288 3512 1320 3545; x_wconf 76' lang='lat' dir='ltr'>eo</span> 
     </span>
     <span class='ocr_line' id='line_1_32' title="bbox 112 3592 1264 3676; baseline -0.002 -18"><span class='ocrx_word' id='word_1_258' title='bbox 112 3594 222 3671; x_wconf 86' lang='lat' dir='ltr'>lorum,</span> <span class='ocrx_word' id='word_1_259' title='bbox 246 3601 279 3658; x_wconf 87' lang='lat' dir='ltr'>ut</span> <span class='ocrx_word' id='word_1_260' title='bbox 302 3592 457 3674; x_wconf 84' lang='lat' dir='ltr'>apostolus</span> <span class='ocrx_word' id='word_1_261' title='bbox 489 3594 537 3670; x_wconf 74' lang='lat' dir='ltr'>ait,</span> <span class='ocrx_word' id='word_1_262' title='bbox 570 3594 695 3670; x_wconf 84' lang='lat' dir='ltr'>malitia,</span> <span class='ocrx_word' id='word_1_263' title='bbox 727 3615 788 3659; x_wconf 93' lang='lat' dir='ltr'>uon</span> <span class='ocrx_word' id='word_1_264' title='bbox 820 3613 922 3658; x_wconf 89' lang='lat' dir='ltr'>seusu.</span> <span class='ocrx_word' id='word_1_265' title='bbox 968 3592 1079 3656; x_wconf 90' lang='lat' dir='ltr'>horum</span> <span class='ocrx_word' id='word_1_266' title='bbox 1104 3592 1208 3676; x_wconf 83' lang='lat' dir='ltr'>igitur,</span> <span class='ocrx_word' id='word_1_267' title='bbox 1233 3593 1264 3656; x_wconf 91' lang='lat' dir='ltr'>id</span> 
     </span>
    </p>
   </div>
   <div class='ocr_carea' id='block_1_3' title="bbox 111 3731 1266 3886">
    <p class='ocr_par' dir='ltr' id='par_1_6' title="bbox 111 3731 1266 3886">
     <span class='ocr_line' id='line_1_33' title="bbox 157 3731 1266 3799; baseline -0.007 -13"><span class='ocrx_word' id='word_1_268' title='bbox 157 3734 238 3787; x_wconf 89' lang='lat' dir='ltr'>8Ps.</span> <span class='ocrx_word' id='word_1_269' title='bbox 266 3732 360 3799; x_wconf 83' lang='lat' dir='ltr'>LXIV,</span> <span class='ocrx_word' id='word_1_270' title='bbox 388 3735 411 3786; x_wconf 77' lang='lat' dir='ltr'>t.</span> <span class='ocrx_word' id='word_1_271' title='bbox 457 3735 488 3787; x_wconf 83' lang='lat'>18</span> <span class='ocrx_word' id='word_1_272' title='bbox 516 3734 614 3787; x_wconf 86' lang='lat' dir='ltr'>Matbh.</span> <span class='ocrx_word' id='word_1_273' title='bbox 642 3734 725 3797; x_wconf 87' lang='lat' dir='ltr'>XXV,</span> <span class='ocrx_word' id='word_1_274' title='bbox 752 3736 795 3787; x_wconf 78' lang='lat'>41.</span> <span class='ocrx_word' id='word_1_275' title='bbox 837 3735 872 3786; x_wconf 74' lang='grc'>22</span> <span class='ocrx_word' id='word_1_276' title='bbox 899 3732 998 3785; x_wconf 79' lang='lat' dir='ltr'>Metth.</span> <span class='ocrx_word' id='word_1_277' title='bbox 1026 3731 1057 3798; x_wconf 89' lang='lat' dir='ltr'>V,</span> <span class='ocrx_word' id='word_1_278' title='bbox 1087 3735 1135 3784; x_wconf 82' lang='lat'>14.</span> <span class='ocrx_word' id='word_1_279' title='bbox 1171 3734 1205 3783; x_wconf 82' lang='lat'>23</span> <span class='ocrx_word' id='word_1_280' title='bbox 1233 3732 1266 3784; x_wconf 82' lang='lat' dir='ltr'>cl.</span> 
     </span>
     <span class='ocr_line' id='line_1_34' title="bbox 111 3819 985 3886; baseline -0.005 -12"><span class='ocrx_word' id='word_1_281' title='bbox 111 3820 213 3874; x_wconf 72' lang='lat' dir='ltr'>atetth.</span> <span class='ocrx_word' id='word_1_282' title='bbox 233 3819 329 3885; x_wconf 83' lang='lat' dir='ltr'>XXIV,</span> <span class='ocrx_word' id='word_1_283' title='bbox 349 3821 390 3873; x_wconf 76' lang='lat'>27.</span> <span class='ocrx_word' id='word_1_284' title='bbox 426 3822 461 3873; x_wconf 84' lang='grc'>29</span> <span class='ocrx_word' id='word_1_285' title='bbox 478 3820 521 3873; x_wconf 90' lang='lat' dir='ltr'>Ps.</span> <span class='ocrx_word' id='word_1_286' title='bbox 541 3820 639 3885; x_wconf 89' lang='lat' dir='ltr'>LXIII,</span> <span class='ocrx_word' id='word_1_287' title='bbox 657 3823 682 3875; x_wconf 83' lang='lat'>8.</span> <span class='ocrx_word' id='word_1_288' title='bbox 718 3822 752 3874; x_wconf 85' lang='lat'>30</span> <span class='ocrx_word' id='word_1_289' title='bbox 771 3821 783 3872; x_wconf 96' lang='lat' dir='ltr'>I</span> <span class='ocrx_word' id='word_1_290' title='bbox 803 3820 863 3873; x_wconf 87' lang='lat' dir='ltr'>Cor.</span> <span class='ocrx_word' id='word_1_291' title='bbox 884 3823 924 3886; x_wconf 84' lang='lat'>14,</span> <span class='ocrx_word' id='word_1_292' title='bbox 944 3821 985 3872; x_wconf 77' lang='lat'>20.</span> 
     </span>
    </p>
   </div>
   <div class='ocr_carea' id='block_1_4' title="bbox 158 3948 1270 4070">
    <p class='ocr_par' dir='ltr' id='par_1_7' title="bbox 158 3948 1270 4070">
     <span class='ocr_line' id='line_1_35' title="bbox 158 3948 1270 4070; baseline -0.004 -15"><span class='ocrx_word' id='word_1_293' title='bbox 158 3948 303 4070; x_wconf 57' lang='lat' dir='ltr'>ilfumlglLt</span> <span class='ocrx_word' id='word_1_294' title='bbox 321 4020 386 4054; x_wconf 83' lang='lat' dir='ltr'>corr.</span> <span class='ocrx_word' id='word_1_295' title='bbox 408 4020 439 4053; x_wconf 90' lang='lat' dir='ltr'>m.</span> <span class='ocrx_word' id='word_1_296' title='bbox 462 4002 475 4052; x_wconf 88' lang='lat' dir='ltr'>l</span> <span class='ocrx_word' id='word_1_297' title='bbox 496 4002 520 4053; x_wconf 81' lang='lat' dir='ltr'>It</span> <span class='ocrx_word' id='word_1_298' title='bbox 576 4004 607 4054; x_wconf 77' lang='lat'>12</span> <span class='ocrx_word' id='word_1_299' title='bbox 626 4001 725 4055; x_wconf 87' lang='lat' dir='ltr'>habeat</span> <span class='ocrx_word' id='word_1_300' title='bbox 753 4002 886 4055; x_wconf 83' lang='lat' dir='ltr'>maximas</span> <span class='ocrx_word' id='word_1_301' title='bbox 905 4003 930 4053; x_wconf 81' lang='lat' dir='ltr'>Il</span> <span class='ocrx_word' id='word_1_302' title='bbox 954 4000 1090 4053; x_wconf 82' lang='lat' dir='ltr'>maximas</span> <span class='ocrx_word' id='word_1_303' title='bbox 1116 3998 1217 4052; x_wconf 80' lang='lat' dir='ltr'>habeut</span> <span class='ocrx_word' id='word_1_304' title='bbox 1243 4000 1270 4050; x_wconf 76' lang='grc' dir='ltr'><em>Ε</em></span> 
     </span>
    </p>
   </div>
   <div class='ocr_carea' id='block_1_5' title="bbox 111 4085 1263 4329">
    <p class='ocr_par' dir='ltr' id='par_1_8' title="bbox 111 4085 1263 4329">
     <span class='ocr_line' id='line_1_36' title="bbox 113 4085 1262 4143; baseline -0.002 -3"><span class='ocrx_word' id='word_1_305' title='bbox 113 4092 146 4143; x_wconf 83' lang='grc'>17</span> <span class='ocrx_word' id='word_1_306' title='bbox 167 4094 226 4142; x_wconf 78' lang='lat' dir='ltr'>oms</span> <span class='ocrx_word' id='word_1_307' title='bbox 255 4088 312 4141; x_wconf 85' lang='lat' dir='ltr'>eius</span> <span class='ocrx_word' id='word_1_308' title='bbox 341 4090 365 4140; x_wconf 80' lang='lat' dir='ltr'>Il</span> <span class='ocrx_word' id='word_1_309' title='bbox 419 4104 473 4141; x_wconf 90' lang='lat' dir='ltr'>non</span> <span class='ocrx_word' id='word_1_310' title='bbox 502 4088 576 4141; x_wconf 89' lang='lat' dir='ltr'>enirn</span> <span class='ocrx_word' id='word_1_311' title='bbox 604 4088 652 4140; x_wconf 89' lang='lat' dir='ltr'>uni</span> <span class='ocrx_word' id='word_1_312' title='bbox 680 4090 704 4141; x_wconf 77' lang='lat' dir='ltr'>Id</span> <span class='ocrx_word' id='word_1_313' title='bbox 731 4104 787 4140; x_wconf 90' lang='lat' dir='ltr'>non</span> <span class='ocrx_word' id='word_1_314' title='bbox 814 4088 862 4141; x_wconf 88' lang='lat' dir='ltr'>uui</span> <span class='ocrx_word' id='word_1_315' title='bbox 890 4089 919 4139; x_wconf 87' lang='lat' dir='ltr'><em>E</em></span> <span class='ocrx_word' id='word_1_316' title='bbox 970 4089 1003 4141; x_wconf 83' lang='lat'>18</span> <span class='ocrx_word' id='word_1_317' title='bbox 1021 4086 1101 4139; x_wconf 80' lang='lat' dir='ltr'>habit</span> <span class='ocrx_word' id='word_1_318' title='bbox 1127 4085 1152 4139; x_wconf 76' lang='lat' dir='ltr'>dt</span> <span class='ocrx_word' id='word_1_319' title='bbox 1179 4086 1207 4138; x_wconf 93' lang='lat' dir='ltr'>iu</span> <span class='ocrx_word' id='word_1_320' title='bbox 1236 4087 1262 4138; x_wconf 83' lang='lat' dir='ltr'><em>R</em></span> 
     </span>
     <span class='ocr_line' id='line_1_37' title="bbox 111 4173 1263 4243; baseline -0.005 -12"><span class='ocrx_word' id='word_1_321' title='bbox 111 4180 148 4231; x_wconf 76' lang='lat'>20</span> <span class='ocrx_word' id='word_1_322' title='bbox 166 4176 344 4243; x_wconf 81' lang='lat' dir='ltr'>fumigabunt</span> <span class='ocrx_word' id='word_1_323' title='bbox 363 4176 388 4227; x_wconf 76' lang='lat' dir='ltr'>a</span> <span class='ocrx_word' id='word_1_324' title='bbox 406 4175 552 4228; x_wconf 82' lang='lat' dir='ltr'>fumabunt</span> <span class='ocrx_word' id='word_1_325' title='bbox 568 4176 593 4225; x_wconf 74' lang='lat' dir='ltr'>lt</span> <span class='ocrx_word' id='word_1_326' title='bbox 643 4178 674 4228; x_wconf 77' lang='lat'>21</span> <span class='ocrx_word' id='word_1_327' title='bbox 696 4181 840 4227; x_wconf 85' lang='lat' dir='ltr'>coruncata</span> <span class='ocrx_word' id='word_1_328' title='bbox 859 4173 1051 4227; x_wconf 84' lang='lat' dir='ltr'>coruscatione</span> <span class='ocrx_word' id='word_1_329' title='bbox 1071 4173 1097 4224; x_wconf 84' lang='lat' dir='ltr'><em>R</em></span> <span class='ocrx_word' id='word_1_330' title='bbox 1114 4189 1165 4239; x_wconf 86' lang='lat' dir='ltr'>per</span> <span class='ocrx_word' id='word_1_331' title='bbox 1184 4188 1263 4225; x_wconf 87' lang='lat' dir='ltr'>coru·</span> 
     </span>
     <span class='ocr_line' id='line_1_38' title="bbox 111 4260 973 4329; baseline -0.006 -13"><span class='ocrx_word' id='word_1_332' title='bbox 111 4268 203 4316; x_wconf 80' lang='lat' dir='ltr'>scalas</span> <span class='ocrx_word' id='word_1_333' title='bbox 222 4263 428 4315; x_wconf 81' lang='lat' dir='ltr'>coruscationes</span> <span class='ocrx_word' id='word_1_334' title='bbox 448 4262 475 4313; x_wconf 79' lang='lat' dir='ltr'><em>E</em></span> <span class='ocrx_word' id='word_1_335' title='bbox 525 4264 558 4314; x_wconf 81' lang='lat'>27</span> <span class='ocrx_word' id='word_1_336' title='bbox 578 4262 713 4329; x_wconf 79' lang='lat' dir='ltr'>dispergit</span> <span class='ocrx_word' id='word_1_337' title='bbox 734 4262 772 4313; x_wconf 72' lang='lat' dir='ltr'>lib</span> <span class='ocrx_word' id='word_1_338' title='bbox 790 4260 933 4328; x_wconf 80' lang='lat' dir='ltr'>disperget-</span> <span class='ocrx_word' id='word_1_339' title='bbox 952 4280 973 4311; x_wconf 81' lang='lat' dir='ltr'>c.</span> 
     </span>
    </p>
   </div>
   <div class='ocr_carea' id='block_1_6' title="bbox 0 0 1542 4967">
    <p class='ocr_par' dir='ltr' id='par_1_9' title="bbox 0 0 1542 4967">
     <span class='ocr_line' id='line_1_39' title="bbox 0 0 1542 4967; baseline 0 0"><span class='ocrx_word' id='word_1_340' title='bbox 0 0 1542 4967; x_wconf 95' lang='lat' dir='ltr'> </span> 
     </span>
    </p>
   </div>
  </div>
 </body>
</html>
