3075 4967
298 277 362 343 784
637 282 757 338 saneti
780 283 914 338 Hilarii
939 283 1103 354 episcopi

298 481 329 539 ct
351 495 388 540 ex
410 475 543 544 bominis
560 481 738 546 infirmitate
761 479 974 560 trepidationis
995 477 1185 546 affectumet
1198 499 1238 545 en
1252 479 1431 545 conscientia

298 578 467 646 diuinitatis
489 583 636 650 fiduciam
660 584 843 650 securitatis.
889 583 947 649 scit
975 589 1078 649 antem
1107 603 1143 648 se
1171 583 1202 647 in
1233 583 1284 648 die
1313 581 1429 668 gloriosi

297 681 380 748 illius
402 685 484 762 belli,
519 707 579 771 quo
613 694 744 754 mortem
777 688 916 769 perimet
951 707 1011 771 quc
1043 686 1201 752 diabolum
1236 687 1348 765 uincet,
1376 704 1429 770 quc
1521 692 1522 721 ³

298 808 404 854 omnes
426 792 757 870 potestatesinimicas
780 790 936 873 triumpho
959 791 1060 856 crucia
1082 811 1146 856 suaa
1164 791 1310 875 configet
1332 791 1429 856 obern·

258 920 271 957 a
297 892 419 958 bratum
432 955 436 962 ,
443 901 680 980 protectumque
703 916 783 962 asse.
827 915 962 980 namque
985 915 1053 960 cum
1075 915 1113 960 er
1129 915 1262 976 persona
1276 895 1327 962 dei
1345 893 1429 976 patris

298 996 414 1062 dietum
438 1000 478 1065 de
497 1020 533 1065 eo
549 1001 743 1067 anteluerit:
778 1020 862 1066 eum
884 1000 973 1083 ipsc
995 1019 1079 1064 sum
1101 1000 1141 1064 in
1163 999 1429 1064 tribulatione

298 1109 329 1166 et
365 1121 504 1169 rursum:
550 1124 687 1170 manus
732 1105 839 1170 enim
882 1123 968 1168 mea
1011 1103 1284 1169 auxiliabitur
1327 1104 1363 1169 ei
1396 1108 1428 1166 et

297 1205 507 1272 brachium
541 1227 666 1274 meum
699 1207 956 1274 confortabit
977 1227 1073 1282 anm,
1104 1207 1210 1272 nihil
1238 1206 1429 1288 proficiet

296 1309 488 1378 inimicus
521 1311 559 1376 in
594 1333 637 1378 ec
673 1319 712 1378 et
745 1311 863 1378 filius
896 1311 1137 1396 iniquitatis
1174 1332 1249 1376 non
1283 1311 1429 1377 adiciet

247 1439 270 1476 ιο
297 1432 343 1476 no
353 1433 441 1478 cere
464 1435 559 1493 eum,
583 1415 658 1499 quid
677 1417 759 1481 enim
775 1416 896 1496 proficit
910 1415 1054 1482 inimicus
1069 1415 1179 1482 Iudam
1194 1418 1235 1482 ad
1250 1415 1429 1481 uoluntatem

297 1516 470 1584 traditionis
502 1519 682 1601 inspirans?
726 1522 912 1604 permissum
947 1522 1032 1586 enim
1061 1539 1173 1604 eorpus
1205 1521 1341 1602 passioni
1374 1525 1428 1595 est;

296 1623 353 1687 sed
369 1623 510 1702 permissi
525 1624 584 1689 sibi
600 1625 739 1705 eorporis
755 1625 913 1690 dominata
927 1645 1013 1690 mors
1029 1645 1091 1690 non
1113 1625 1184 1690 init:
1207 1631 1332 1690 sanetus
1352 1625 1427 1690 enirn

297 1745 357 1790 non
381 1727 459 1793 uidit
481 1728 716 1809 corruptionem.
760 1736 793 1794 et
813 1729 983 1813 iniqnitatis
1005 1727 1087 1794 filins
1110 1749 1180 1794 cum
1202 1749 1275 1794 cnm
1289 1729 1425 1800 traderet

296 1829 336 1894 ad
359 1833 529 1897 nocendum
553 1832 629 1916 quid
652 1831 789 1899 adiecit?
833 1853 894 1898 non
917 1833 1074 1899 modoad
1096 1835 1192 1899 uitam
1214 1853 1326 1917 corpus
1343 1831 1427 1898 rediit

245 1957 270 1995 a
297 1953 335 1998 ex
357 1941 467 2013 morte,
501 1937 557 2002 sed
580 1937 671 2001 etiam
693 1937 725 2002 in
749 1938 920 2003 diuinitatis
942 1936 1074 2021 gloriam
1097 1943 1208 2002 natura
1228 1935 1424 2021 curruptionis

296 2038 420 2102 absorta
442 2045 498 2104 est

342 2142 391 2208 12.
415 2143 546 2209 Securus
573 2145 676 2229 itaque
699 2153 730 2211 et
752 2146 911 2212 confidens
944 2146 1159 2211 obumbratum
1182 2166 1218 2211 sa
1240 2165 1311 2212 esse
1330 2145 1360 2209 in
1381 2145 1423 2210 dia

296 2244 368 2312 belli
384 2246 474 2312 etiam
492 2247 551 2316 lice
567 2255 724 2332 precatur:
747 2269 795 2314 ne
818 2250 966 2327 tradas,
990 2250 1160 2326 domine,
1181 2271 1200 2314 a
1222 2249 1420 2316 desiderio

296 2370 380 2416 meo
402 2354 622 2432 peccatori.
667 2354 719 2437 qui
742 2355 800 2419 ait:
822 2374 899 2419 non
921 2354 1013 2420 ueni
1036 2353 1288 2419 uoluntatem
1311 2371 1419 2418 maan

244 2474 269 2512 20
296 2454 441 2534 lacere,
458 2457 527 2521 sed
551 2457 806 2524 uoluntatem
829 2458 924 2534 aius,
945 2459 1012 2541 qui
1035 2478 1094 2523 me
1115 2458 1238 2533 misit,
1261 2465 1418 2539 susceptum
1523 2514 1524 2519 ,

295 2577 373 2640 opus
396 2561 489 2625 etiam
511 2579 566 2642 pro
590 2560 786 2628 oboediantiae
807 2560 987 2646 obsequella
1009 2561 1135 2628 festinat
1150 2561 1285 2643 inplera;
1307 2564 1360 2628 sed
1377 2561 1417 2632 ita
1523 2594 1524 2649 3

295 2668 329 2726 ut
351 2664 583 2730 meminerimus
616 2685 685 2731 osse
708 2667 739 2730 in
763 2687 800 2732 ao
830 2665 994 2733 uoluntatis
1024 2665 1172 2731 cilicium.
1216 2665 1282 2731 nult
1304 2681 1418 2747 namque
1523 2670 1524 2757 J

295 2785 365 2849 qna
379 2773 467 2848 pater
485 2768 586 2834 nolint.
631 2770 664 2834 id
679 2771 772 2846 enim,
788 2772 870 2854 quod
886 2771 943 2835 ait:
967 2789 1043 2834 non
1065 2770 1158 2835 ueni
1180 2769 1417 2836 uoluntatem
1523 2760 1524 2835 l

295 2889 421 2935 meant
450 2871 595 2952 faeere,
627 2873 697 2938 sad
725 2874 979 2941 uoluntatem
1009 2875 1105 2951 eins,
1136 2875 1203 2957 qui
1235 2894 1293 2940 me
1313 2871 1416 2943 misit

244 2994 269 3032 aa
296 2994 375 3050 enm,
406 2995 507 3058 aquo
530 2982 577 3042 est
610 2979 725 3044 misens
748 2979 859 3063 cuique
893 2978 1018 3055 obradit
1051 2979 1203 3045 ostendit:
1240 2998 1303 3044 non
1330 2983 1417 3042 tunm

295 3077 354 3142 sibi
373 3079 506 3144 detrabit
526 3081 723 3148 uoluntatem.
769 3083 873 3148 omnia
890 3102 976 3167 ergo,
993 3102 1199 3168 quacumque
1221 3083 1301 3164 patri
1323 3079 1415 3162 placita

338 3235 416 3289 era.
435 3235 490 3303 xc,
511 3239 551 3291 ra.
587 3239 602 3289 r
622 3237 664 3292 rs.
683 3238 858 3307 nxxxvnr,
877 3241 911 3293 na
930 3258 970 3308 aq.
1009 3242 1042 3294 re
1060 3240 1117 3294 roa.
1137 3239 1184 3306 vr,
1202 3241 1246 3294 aa.

339 3376 352 3427 l
371 3371 533 3429 infirmitate
551 3376 744 3445 trepidationis
765 3378 820 3430 GE
834 3377 996 3432 infirmitate
1009 3377 1241 3446 &trepidationis
1258 3379 1285 3431 R
1334 3378 1415 3444 apro

295 3463 454 3529 tactumque
478 3479 535 3516 assa
561 3463 586 3515 R
609 3469 822 3532 protectumque
845 3464 881 3517 iri
900 3465 928 3516 E
943 3466 977 3533 cs.
997 3467 1041 3518 lira
1061 3466 1103 3530 17,
1127 3465 1171 3516 abi
1190 3467 1268 3518 etiam
1284 3467 1312 3517 ia
1330 3463 1417 3516 Gesta

294 3565 344 3632 lapi
364 3575 447 3634 potest
501 3567 598 3620 bante
626 3567 664 3620 Ge
691 3572 773 3621 antea
791 3569 831 3621 Rb
884 3569 948 3621 ain
974 3585 1006 3622 eo
1037 3569 1091 3622 GE
1114 3568 1145 3621 in
1172 3550 1208 3623 ed
1232 3587 1298 3623 corr.
1319 3563 1417 3620 rrt3R

295 3652 328 3703 10
346 3667 445 3704 nocere
463 3669 527 3706 eum
545 3653 570 3706 R
588 3655 622 3722 cs.
641 3655 761 3710 Subatier
778 3655 817 3718 II,
838 3655 889 3708 178
907 3672 1007 3710 nocere
1024 3655 1051 3710 ei
1068 3656 1097 3708 E
1148 3653 1215 3724 qnid
1234 3655 1306 3710 enim
1322 3649 1417 3723 proficit

296 3737 359 3790 Gli¹
384 3739 419 3807 cf.
438 3739 544 3802 Lucifer
567 3743 605 3793 ed.
631 3742 723 3795 Harrei
741 3761 769 3812 p.
787 3741 846 3797 361
864 3743 931 3811 quid
948 3742 1059 3812 proficit
1076 3740 1115 3796 13¹
1170 3746 1203 3797 18
1228 3741 1350 3812 permisci
1373 3735 1416 3791 sibl

294 3825 418 3892 corporis
442 3843 456 3878 e
479 3836 502 3880 et
528 3826 560 3888 G,
585 3837 612 3878 at
635 3830 745 3896 uidetur,
768 3830 956 3898 permissis
974 3829 1053 3893 (eros.
1077 3830 1095 3898 i,
1118 3833 1213 3884 codd
1236 3849 1268 3883 m.
1286 3827 1318 3894 3)
1334 3823 1416 3881 sibili

294 3912 328 3964 13
354 3927 417 3965 cum
444 3912 518 3966 enim
544 3915 669 3968 traderet
697 3915 722 3967 G
785 3919 819 3971 14
842 3916 1049 3971 aduocandum
1069 3917 1095 3970 G
1112 3918 1147 3970 ad
1165 3917 1318 3972 nocendum
1333 3913 1356 3968 ai
1372 3908 1417 3964 RE

294 3997 329 4050 ad
353 3997 430 4052 uisa*
454 4001 479 4052 G
505 4001 534 4053 in
561 4001 648 4055 uitam
675 4004 730 4056 RE
782 4005 815 4058 15
841 4004 890 4058 sed
917 4005 1001 4058 etiam
1028 4005 1058 4057 in
1086 4006 1112 4056 G
1138 4005 1188 4059 sed
1214 4004 1296 4058 etiam
1320 4001 1352 4054 sd
1369 3995 1415 4050 RE

296 4086 328 4139 16
346 4086 458 4139 absorta
476 4087 501 4140 R
519 4089 648 4156 absorpta
667 4090 695 4141 E
755 4092 788 4144 18
806 4108 822 4143 a
839 4090 977 4146 desiderio
998 4091 1053 4144 GE
1068 4091 1206 4146 desiderio
1224 4092 1250 4144 R
1308 4091 1338 4141 19
1357 4083 1411 4152 quit

294 4171 334 4224 ait
354 4175 379 4224 G
430 4176 465 4227 23
482 4179 562 4243 pater
588 4193 657 4244 quae
684 4182 763 4244 pater
790 4178 881 4232 uoluit
897 4176 988 4247 lpater
1012 4181 1101 4248 priore
1125 4181 1171 4232 loc.
1189 4181 1217 4232 in
1234 4195 1307 4231 uersu
1322 4179 1410 4227 W

294 4260 354 4310 add.
372 4277 404 4312 m.
423 4259 450 4324 3,
469 4262 558 4315 uoluit
575 4281 647 4333 supr·
665 4281 714 4316 scr.
734 4283 767 4318 m.
785 4262 816 4332 3)
833 4267 859 4318 R
910 4265 951 4318 ait
969 4284 1018 4318 ent.
1037 4266 1068 4319 R.
