3075 4967
287 290 350 356 298
628 290 744 344 suncti
763 289 898 343 Hilarii
918 290 1081 357 episcopi

288 480 528 564 profundiorque
551 480 630 546 ratio
654 486 809 546 tractatur.
854 499 891 543 ao
914 479 1050 562 primurn
1073 478 1150 563 quid
1166 479 1197 544 in
1212 479 1314 544 crucis
1329 497 1434 544 sacra·

288 593 392 652 mento
426 592 518 669 atque
551 585 659 649 mortis
692 585 731 649 ab
764 583 925 667 unigenito
959 584 1016 648 deo
1050 590 1080 648 et
1113 583 1240 648 domino
1263 581 1434 648 maiestatis

287 689 430 756 effectum
462 689 509 766 sit,
539 709 595 770 per
633 687 803 772 apostolum
833 686 1061 772 intellegamus,
1102 696 1136 751 ut
1169 687 1247 752 duee
1264 707 1316 752 ·eo
1352 687 1435 752 docti

287 793 458 876 prophetiae
481 793 642 859 scientiam
666 811 903 876 consequamur.
947 791 990 856 ait
1004 791 1090 856 enim
1104 791 1162 856 ita:
1185 798 1224 857 et
1245 810 1324 868 uos,
1349 810 1436 855 cunr

250 898 441 968 soasetis
472 897 617 964 mortui
650 898 688 962 in
719 896 905 982 peccatis
942 902 980 961 et
1015 897 1214 976 praeputio
1244 895 1435 976 corporis

289 1005 427 1080 uestri,
444 1001 766 1068 conuiuiiicuuit
782 1019 866 1066 cum
887 1000 961 1066 illo
984 1002 1140 1066 donans
1162 1000 1281 1065 nobis
1302 999 1437 1064 omnia

288 1115 466 1190 peccata,
491 1106 634 1173 delens
657 1107 761 1189 quod
790 1106 988 1171 aduersus
1018 1125 1089 1169 nos
1119 1105 1196 1170 fuit
1223 1103 1436 1189 chirogra-

288 1211 405 1298 phum
442 1212 480 1276 in
516 1209 749 1284 sententiis,
773 1210 877 1294 quod
909 1219 996 1274 erat
1025 1209 1277 1275 contrarium
1306 1208 1436 1284 nobis,

288 1317 440 1383 tollens
463 1316 567 1381 illud
591 1316 636 1380 de
659 1313 1055 1397 medicetudsigeus
1079 1311 1182 1377 illud
1205 1311 1328 1390 eruci,
1351 1332 1436 1393 spo·

237 1451 261 1486 10
289 1421 397 1487 liuns
420 1441 461 1485 se
484 1439 615 1492 carue,
638 1431 677 1484 et
700 1418 959 1499 principatus
982 1424 1019 1483 at
1048 1423 1279 1498 potestates
1301 1423 1436 1482 osteu-

289 1526 340 1590 tui
365 1524 468 1590 fecit
490 1544 575 1590 curu
599 1523 756 1589 t'iducia
773 1521 1031 1603 triumphans
1052 1541 1118 1586 eos
1140 1521 1178 1585 in
1202 1521 1437 1602 semetipso.

289 1635 517 1696 sacramentum
542 1628 646 1712 itaque
669 1627 777 1692 salutis
804 1636 916 1692 noema
947 1627 1078 1707 primum
1110 1645 1278 1710 resurgens
1306 1624 1378 1706 ipse
1400 1643 1437 1689 ex

289 1733 417 1798 mortuis
440 1733 660 1815 decretumque
683 1731 791 1796 mortis
813 1738 936 1807 nostra,
960 1749 1022 1813 quo
1043 1737 1114 1796 auto
1131 1730 1358 1807 detinebamur,
1384 1729 1438 1794 ab·

289 1836 411 1902 soluens
433 1836 465 1900 iu
489 1855 523 1901 se
545 1837 621 1916 ipso,
644 1835 698 1919 qui
721 1855 758 1900 er
779 1835 907 1900 mortuis
922 1845 1056 1900 aternus
1070 1833 1134 1898 iam
1150 1841 1303 1913 maneret,
1325 1833 1437 1914 imple·

238 1969 263 2004 rs
291 1941 341 2006 uit.
388 1941 442 2006 sed
472 1940 504 2004 in
527 1962 563 2005 eo
586 1940 663 2019 ipso.
695 1940 776 2022 quod
807 1938 896 2004 uubis
924 1937 998 2004 uitae
1028 1947 1135 2004 auctor
1162 1937 1196 2002 iu
1218 1957 1253 2002 se
1275 1944 1331 2013 est,
1359 1937 1438 2001 dum

291 2065 345 2126 per
367 2044 616 2127 adsumptionem
641 2043 778 2124 corporis
802 2043 896 2108 homo
911 2055 1001 2108 natus
1017 2050 1049 2107 et
1063 2050 1203 2107 mortuus
1226 2041 1288 2106 iam
1312 2060 1438 2106 rursum

289 2158 423 2215 aeternus
447 2169 483 2214 er
506 2147 634 2212 mortuis
650 2154 705 2224 est,
733 2132 843 2212 omues
858 2166 982 2230 quoque
1004 2146 1145 2212 inimicas
1167 2145 1297 2211 uirtutes
1312 2143 1437 2211 mundi·

289 2273 349 2337 que
374 2259 539 2334 potestates
562 2252 781 2334 principesque
804 2251 884 2316 aeris
907 2250 997 2315 huius
1017 2251 1148 2316 ostentui
1164 2249 1309 2326 reddidit
1331 2249 1366 2314 id
1389 2256 1437 2315 ast

290 2351 345 2422 uol¹
364 2363 475 2421 nostra
498 2357 564 2439 spei
586 2356 634 2422 uel
658 2375 721 2420 suae
744 2354 953 2421 damnationis
976 2355 1049 2420 iecit
1071 2361 1192 2420 ostenta
1206 2363 1238 2419 et
1251 2354 1337 2435 ipsos
1352 2373 1436 2437 qua»

239 2486 264 2523 20
290 2460 362 2525 darn
385 2461 470 2544 quusi
501 2481 537 2524 er
569 2460 627 2525 diis
658 2458 762 2525 saculi
794 2467 935 2540 portenta
963 2458 1123 2524 coustituit
1151 2457 1202 2524 his
1232 2458 1308 2539 ipsis
1339 2457 1373 2521 in
1402 2477 1436 2522 se

290 2583 358 2630 curu
389 2563 503 2629 fiducia
533 2563 745 2645 triumphatis:
776 2565 853 2628 dum
884 2571 914 2628 et
944 2582 1000 2644 per
1028 2564 1224 2628 securitatem
1253 2561 1437 2627 aeternitatis

292 2688 374 2732 ruors
390 2668 502 2749 ipsein
519 2669 577 2732 deo
594 2667 745 2733 moriente
761 2667 875 2733 fiducia
891 2673 939 2733 est
953 2675 984 2731 et
999 2674 1140 2732 auctores
1157 2665 1264 2733 mortis
1279 2665 1437 2741 humana,

289 2773 362 2836 dum
397 2771 487 2836 etiam
512 2772 543 2836 in
566 2791 600 2836 se
632 2773 700 2852 ipso
722 2791 779 2852 per
801 2777 981 2853 occupatum
1006 2791 1025 2834 u
1046 2780 1156 2836 satana
1177 2789 1231 2835 cor
1253 2769 1340 2834 Iudae
1363 2789 1437 2834 auc-

291 2884 373 2941 tores
404 2882 477 2940 aunt
506 2876 624 2953 mortis,
662 2875 832 2956 triumphat
869 2896 906 2941 ex
937 2875 1072 2950 mortuis,
1102 2881 1136 2939 ut
1164 2893 1266 2957 neque
1296 2893 1315 2936 a
1344 2891 1437 2957 potua

240 3001 265 3040 as
292 2979 397 3044 mortis
421 2980 571 3055 abessent,
596 3000 665 3045 curn
683 3001 716 3046 se
732 2999 832 3063 usque
848 2981 888 3045 ad
903 2980 1010 3045 mortis
1025 2979 1237 3044 infirmitatem
1253 2976 1438 3043 subiecisset

334 3123 351 3172 t
371 3120 471 3173 Colore.
490 3121 525 3187 11,
544 3122 578 3175 13
596 3137 656 3188 sqq.

335 3274 550 3329 Vdrnouddmr.
566 3275 625 3328 ΞΤ
674 3275 862 3345 dprophetae
881 3277 931 3328 PT
983 3276 1023 3330 uit
1041 3293 1071 3330 er
1088 3281 1137 3329 aut
1154 3293 1187 3328 m.
1210 3274 1263 3328 1V
1313 3238 1436 3328 desuem

293 3363 318 3415 R
370 3363 473 3416 mortui
493 3380 522 3416 aa
539 3364 645 3416 murtui
663 3381 696 3416 m.
718 3365 732 3414 1
751 3363 778 3416 R
830 3363 945 3418 duobis
967 3381 1040 3433 supr.
1067 3381 1116 3416 ser.
1136 3380 1169 3415 m.
1188 3360 1206 3415 1
1223 3361 1250 3414 R
1302 3360 1435 3413 ‘ludner-

292 3518 353 3556 sum
380 3502 435 3554 RE
485 3499 674 3570 chirografum
699 3501 747 3554 VP
771 3459 896 3571 cyrfphu
923 3518 990 3555 corr.
1012 3520 1045 3555 m,
1067 3500 1088 3554 2
1116 3501 1140 3554 R
1192 3503 1243 3554 ite
1267 3499 1361 3552 medio
1387 3499 1436 3551 PT

292 3639 432 3721 sponliuns
459 3656 525 3692 corr.
553 3656 586 3691 m.
609 3637 629 3691 2
656 3639 680 3691 V
732 3643 765 3695 10
783 3655 812 3693 se
830 3657 942 3694 earnem
969 3657 1000 3693 a
1026 3645 1135 3694 eramen
1161 3639 1230 3693 nul
1253 3596 1394 3693 Vwoarne
1412 3637 1438 3690 P

292 3742 450 3823 potestastis
481 3741 505 3794 V
569 3744 596 3795 11
619 3741 766 3796 triumfans
797 3743 823 3796 R
889 3745 921 3796 12
939 3760 1071 3812 esurgens
1100 3743 1126 3796 R
1188 3745 1221 3797 18
1238 3742 1435 3810 decretumque

292 3898 390 3952 mortis
418 3899 477 3951 add.
506 3917 539 3952 ru.
561 3897 581 3950 2
609 3899 631 3951 V
699 3900 848 3954 absorbens
867 3899 917 3952 PT
987 3902 1020 3953 15
1038 3899 1086 3952 dm
1111 3915 1163 3966 per
1189 3897 1212 3951 V
1281 3901 1313 3952 17
1331 3853 1433 3952 mosi·

292 4003 358 4038 corr.
377 4003 409 4038 ur.
428 3982 450 4037 2
472 3985 637 4070 Vmort'uus
656 3985 685 4052 (u
704 3987 731 4038 iu
751 4003 814 4053 roa,
831 4004 864 4041 us
881 3988 971 4040 odient.
989 3989 1017 4039 iu
1035 3982 1222 4050 rreraeceuut.)
1235 3985 1262 4037 R
1317 3987 1349 4039 18
1366 3983 1433 4038 aeria

293 4089 415 4144 echaris
434 4105 466 4142 m.
486 4087 547 4142 21*
598 4091 719 4144 ostentui
738 4089 806 4144 iecit
829 4091 854 4143 V
903 4093 935 4144 21
955 4089 1126 4144 triumfantia
1144 4089 1171 4142 P
1220 4091 1257 4143 911
1274 4086 1436 4143 auctoris?

293 4177 414 4229 auctoris
441 4194 472 4228 ea
495 4177 645 4230 auctoritas
669 4174 742 4228 rm?
765 4176 791 4229 V
839 4179 875 4230 24
893 4184 958 4230 suut
974 4193 1005 4229 au
1022 4193 1078 4230 uno
1095 4173 1168 4228 aa?
1191 4175 1217 4228 V
1266 4173 1433 4230 triumfutR

292 4262 467 4331 triumphant
485 4279 515 4315 er
532 4262 729 4331 triumphantia
748 4262 821 4316 uu?
844 4265 869 4317 V
918 4263 953 4316 ad
971 4280 1087 4331 poenam
1111 4261 1140 4316 V.
