3075 4967
434 264 615 313 tractatus
640 258 675 312 in
699 260 870 327 psalmum
895 260 928 312 ll.
1211 257 1252 319 43
1336 296 1339 299 ·

144 451 240 533 unique
270 450 402 530 superius
437 454 607 514 memorato
641 455 672 514 et
705 450 812 534 generi
836 455 869 514 et
890 451 1007 513 nomini
1037 450 1188 513 conuenit.
1223 458 1253 511 ut

139 553 239 618 uincula
264 556 398 637 gentium
434 559 585 635 rumpant,
620 554 725 637 iugum
761 567 864 618 autem
898 552 1077 635 populorum
1112 552 1253 618 abiciant.

136 660 194 740 qnia
213 668 313 743 gentes
335 664 532 738 peccatorum
564 677 687 722 snorum
720 658 853 723 uinculis
876 659 1078 740 conligentur,
1101 656 1253 739 aquibus

133 762 270 826 absoluere
310 782 343 827 se
380 782 437 843 pen
473 761 688 827 infidelitatem
727 782 787 825 non
825 769 968 842 possunt,
1013 763 1183 825 secundum
1221 762 1251 825 id

135 867 200 948 quod
231 867 342 930 dictum
378 878 442 931 est:
478 866 627 929 fasciis
666 871 926 946 peccatorum
974 885 1134 929 suorum
1168 884 1292 929 eon-s

134 971 283 1034 strictus
313 977 376 1034 cst
409 975 610 1051 peccator,
641 969 736 1034 ludaei
771 990 844 1033 uero
877 971 950 1052 iugo
981 970 1059 1054 legis
1081 975 1253 1044 onerentur,

134 1075 198 1155 quod
219 1094 235 1137 a
256 1094 287 1139 se
310 1074 443 1153 apostoli
466 1076 609 1150 abiciunt,
633 1074 723 1139 beato
749 1074 840 1139 Petro
870 1075 1007 1140 dicente:
1031 1094 1135 1137 nunc
1158 1094 1252 1137 uero

134 1179 210 1259 quid
232 1180 446 1259 temptatis
470 1178 680 1246 dominum.
705 1199 854 1259 ponera
878 1200 999 1260 snpra
1025 1178 1172 1241 collum
1201 1178 1253 1241 di-

134 1280 359 1362 scipulorum
384 1284 530 1365 iugum,
550 1284 653 1365 quod
677 1290 961 1365 nequepatres
978 1284 1108 1356 nostri,
1132 1300 1253 1364 aequo

134 1405 188 1449 nos
207 1387 406 1466 potuimus
431 1408 449 1467 p
459 1388 619 1451 cartana?
665 1386 722 1451 hoc
747 1406 821 1470 ergo
845 1386 1023 1467 populorum
1050 1388 1155 1469 iugum
1179 1408 1196 1448 a
1219 1405 1252 1449 se
1282 1415 1305 1448 ιο

132 1488 350 1573 autuonsomo
373 1491 488 1555 subditi
512 1512 547 1555 eo
572 1492 709 1555 luerunt:
740 1490 863 1554 uincula
892 1497 994 1554 {autent
1024 1510 1084 1553 non
1108 1490 1175 1565 sini,
1199 1490 1252 1553 sed

131 1595 255 1675 gentibus
277 1596 483 1674 disrumpunt.
529 1600 558 1658 et
589 1596 631 1659 ita
662 1596 821 1677 utriusque
852 1596 1003 1659 seriuonis
1027 1595 1103 1657 natio
1133 1602 1254 1658 seruata

132 1704 177 1771 est,
197 1710 232 1775 ut,
254 1698 303 1762 ubi
324 1699 445 1763 uincula
462 1699 702 1779 disiumpuntun.
720 1698 833 1762 nullom
850 1718 989 1778 personae
1002 1720 1064 1761 sua
1077 1696 1254 1781 significan·

132 1802 194 1863 tiam
214 1804 333 1882 addant,
357 1803 408 1866 ubi
432 1824 506 1868 uero
529 1803 664 1867 abiciunt
687 1804 801 1887 iugum,
838 1802 899 1866 illio
924 1803 1071 1866 dicendo:
1106 1801 1253 1866 abicia-

132 1924 202 1968 mus
222 1926 238 1969 a
259 1907 384 1984 nobis,
419 1927 479 1970 nota
516 1908 554 1972 de
589 1908 656 1972 aliis
686 1927 780 1990 quam
805 1908 844 1970 ‹le
867 1927 901 1971 sa
924 1907 999 1987 ipsis
1021 1906 1113 1970 locuti
1136 1905 1253 1971 intelle·
1282 1936 1306 1972 η

132 2018 240 2090 gantur:
262 2018 294 2075 ut
317 2013 403 2094 graui
431 2014 487 2076 isto
511 2018 542 2077 et
571 2012 751 2077 intolerabili
784 2012 904 2076 abiecto
934 2011 1019 2074 suuni
1054 2010 1106 2073 illo
1128 2031 1164 2074 ao
1187 2009 1254 2087 leui,

131 2112 163 2175 ad
182 2115 256 2195 qnod
288 2116 407 2180 inuitati
431 2122 509 2192 sunt,
540 2115 726 2199 euangelica
758 2114 1008 2180 sanctificationis
1031 2134 1065 2179 so
1087 2115 1160 2197 ingo
1182 2114 1254 2178 sub-

132 2216 232 2293 derent,
241 2222 376 2303 gentium
391 2226 492 2284 autem
506 2219 628 2284 uincula
640 2240 695 2299 per
707 2219 879 2283 libertatem
892 2219 1119 2299 praedicationis
1131 2219 1254 2282 abrum-

132 2329 229 2400 perent,
253 2324 419 2387 secundum
440 2323 522 2401 illud,
539 2325 620 2407 quod
638 2326 666 2387 iu
684 2324 821 2388 eiusdem
838 2323 949 2405 psalmi
963 2322 1253 2387 commemoratione

131 2425 266 2490 dixerunt:
289 2436 327 2492 et
351 2448 461 2504 nunc,
487 2428 656 2504 domine,
680 2429 841 2508 respice
866 2428 902 2491 in
938 2428 1066 2491 minas
1094 2425 1253 2491 illorum
1282 2456 1307 2492 ρο

131 2531 220 2595 etda
244 2532 374 2596 seruis
398 2534 478 2595 tuis
509 2552 593 2597 cum
625 2533 729 2596 omni
763 2532 919 2595 fiducia
950 2531 1058 2615 loqui
1090 2530 1253 2595 uerbum

132 2643 227 2699 tuum.
273 2636 318 2700 lue
343 2636 427 2701 enim
461 2634 634 2715 apostolica
659 2636 806 2700 doctrina
829 2638 964 2699 (omnium
987 2633 1200 2699 infidelita-tuni
1226 2645 1254 2695 ot

133 2741 323 2814 peccuninum
346 2739 472 2822 laqueos
488 2742 681 2820 abrumpunt.

168 2876 209 2940 10.
230 2876 268 2941 Et
298 2880 370 2961 quia
401 2879 540 2958 superius
572 2878 682 2959 duplex
712 2898 844 2959 persona
875 2883 995 2942 seruata
1018 2885 1072 2951 est,
1103 2878 1254 2940 ‹²11mait:

132 2978 306 3046 aduersus
357 2983 557 3047 donuinuni
598 2989 635 3046 ot
673 2984 871 3063 aduersus
914 2980 1122 3046 Christum
1168 2982 1253 3045 sius
1282 3010 1307 3046 a

132 3084 237 3164 gemina
280 3106 402 3169 qnoque
449 3106 527 3150 nunc
573 3086 702 3151 ridentis
733 3093 763 3150 et
808 3086 1025 3150 subsannantis
1071 3084 1255 3168 significatio

165 3224 266 3278 5Pnou.
285 3224 317 3291 V,
335 3228 378 3279 22.
416 3227 511 3279 tuot.
530 3243 572 3293 ap.
593 3226 650 3291 XV,
672 3229 711 3279 10.
747 3228 782 3279 20
800 3227 862 3278 not.
882 3244 924 3292 ap.
943 3224 988 3291 lv,
1007 3227 1049 3277 29.

168 3415 177 3463 l
208 3420 233 3467 et
263 3414 368 3467 homini
405 3416 426 3467 Γ
485 3419 517 3468 ut
544 3434 574 3467 cx
618 3420 646 3469 et
675 3414 698 3463 R
760 3416 777 3467 2
804 3414 917 3468 uincula
947 3416 1058 3483 quidem
1091 3414 1217 3481 gentium
1244 3435 1254 3463 ι

132 3496 145 3550 3
159 3498 314 3569 colligantur
327 3503 356 3553 E
397 3504 415 3553 4
433 3502 576 3555 absoluere
590 3518 672 3570 super
685 3500 851 3554 infidelitate
867 3503 891 3553 Γ
931 3504 947 3554 5
965 3501 1057 3553 fasciis
1070 3520 1100 3552 cs
1118 3500 1216 3552 fasceis
1237 3502 1258 3551 Γ

131 3583 254 3638 lusceisli
305 3587 491 3641 constrinctus
512 3588 535 3636 Ji
587 3588 696 3641 diudei
716 3588 740 3639 Γ
790 3593 942 3641 onerantur
965 3589 1015 3640 Vn
1067 3592 1100 3641 10
1118 3604 1133 3638 a
1152 3604 1180 3639 se
1198 3606 1255 3657 sap.

131 3706 166 3758 lio.
187 3726 201 3760 o
224 3728 253 3762 in.
281 3710 347 3763 21·
436 3713 463 3760 ll
493 3710 517 3762 ei
538 3712 565 3762 Ε
636 3712 667 3761 12
696 3668 836 3777 {camonis
862 3710 885 3762 V
947 3712 977 3762 13
1005 3709 1027 3761 c
1055 3706 1146 3762 ubil?
1176 3709 1255 3761 unio

131 3810 220 3865 nullam
246 3832 273 3867 cc
299 3814 384 3869 ullam
412 3834 444 3867 m.
470 3816 489 3866 ⁶.)
527 3816 550 3867 Γ
623 3816 652 3867 14
679 3802 782 3868 addant
801 3813 833 3877 (v
859 3816 952 3866 diuers.
981 3814 1038 3881 lio.)
1067 3810 1091 3860 ll
1163 3816 1195 3866 15
1222 3813 1255 3865 de

133 3896 225 3963 ipsisll
249 3902 282 3955 de
300 3902 497 3969 semetipsisE
549 3886 746 3969 intelliguntur¹
767 3921 798 3955 es
824 3899 1019 3967 intelligantur
1038 3898 1062 3947 ll
1124 3902 1156 3951 16
1178 3900 1255 3951 suani

132 3982 166 4035 illi
182 3988 240 4039 etlz'
254 3990 287 4057 cs.
306 3990 431 4041 Bia-liele·
449 3990 494 4041 lot.
511 3990 583 4041 Deci.
601 4007 628 4058 p.
647 3990 696 4040 Ill
751 3992 785 4041 22
803 3988 855 4041 liae
909 3988 921 4048 (
927 3988 939 4037 I
959 3988 1004 4039 litt.
1023 3984 1141 4048 aroald
1159 3985 1210 4038 hoc
1237 3986 1258 4036 Γ

133 4070 161 4120 23
183 4080 349 4139 peccalorum
376 4096 388 4126 e
468 4077 502 4127 24
530 4080 639 4128 seruata
666 4094 695 4127 ea·
713 4092 794 4128 serua
821 4094 853 4126 ne.
881 4074 901 4125 ἑ)
931 4073 955 4127 V
1022 4075 1056 4125 26
1083 4072 1200 4124 ridentis
1227 4090 1256 4124 eo·

134 4155 237 4211 ridentes
254 4164 323 4215 aad!
348 4162 371 4215 V
424 4162 616 4215 subsannantis
641 4180 671 4215 ea·
699 4162 837 4215 subsantis
864 4159 936 4213 m..⁹
968 4160 992 4212 Γ
1043 4159 1208 4227 significatio
1227 4178 1256 4210 en

136 4241 360 4310 significationibus
381 4252 452 4299 aaz)
477 4250 504 4302 Γ.
