3075 4967
252 357 255 364 ,
371 317 552 367 tractatus
571 313 603 366 in
623 313 795 382 psalmum
815 313 946 368 CXXXV.
1167 313 1230 380 719

94 501 246 586 regionem
280 502 464 587 cognitionis
498 522 561 567 suaa
596 503 647 586 qui
686 501 824 569 infinitus
863 509 911 568 est
948 502 1118 579 collocaret,
1156 504 1231 569 caelo

94 607 243 686 superiore
275 616 368 690 atque
388 606 490 688 primo
520 607 631 672 eadem
655 625 726 672 cum
748 607 868 672 ratione
891 605 1038 672 collocato
1062 607 1231 673 torminum

93 712 241 792 quendam
256 710 429 788 uirtutibus,
453 729 524 794 quae
535 710 644 791 primae
656 714 696 777 ad
709 712 960 796 cognoscendum
972 731 1007 777 se
1019 711 1231 796 gignerentur,

91 814 216 879 inclusit.
262 833 363 898 neque
387 814 469 879 enim
492 814 660 899 gignendus
684 816 858 881 creationes
876 815 1024 880 uirtutem
1040 815 1231 896 inconspica-

90 916 155 982 bilis
189 917 239 983 dei
274 918 356 983 ferre
390 917 571 998 potuissent,
604 917 665 983 nisi
699 925 817 984 naturae
851 919 1077 999 temperatioris
1110 919 1231 985 obiectu
1270 945 1283 982 s

90 1023 193 1088 sedem
217 1020 299 1088 hanc
322 1023 492 1087 moderata
516 1023 556 1087 ad
578 1022 794 1088 infirmitatem
822 1021 1021 1088 habitationis
1051 1022 1230 1090 incolerent.

88 1125 172 1209 aquis
192 1126 309 1192 etenim
326 1126 454 1192 eleuatis
469 1127 569 1208 ipsam
586 1125 669 1191 illam
686 1128 780 1210 primi
796 1125 862 1192 caeli
878 1133 1019 1192 naturam
1038 1129 1230 1209 temperouit,

88 1248 151 1312 quae
174 1230 302 1311 superni
337 1230 386 1295 dei
420 1249 552 1296 accensa
585 1231 698 1296 uirtute
732 1250 931 1315 nequaquam
964 1231 1003 1295 ab
1034 1230 1231 1297 inferioribus

86 1337 167 1398 esset
188 1334 337 1416 patienda
359 1335 484 1400 naturis.

126 1437 155 1502 9.
179 1437 298 1505 Ocelum
321 1459 395 1504 uero
418 1439 548 1504 inferius
571 1458 630 1503 non
656 1439 817 1516 uniforme,
841 1441 898 1506 sed
913 1439 1071 1523 multiplex
1086 1440 1228 1518 tetendit;
1259 1464 1282 1499 lc

86 1545 165 1626 quod
188 1548 288 1608 totum
311 1543 543 1608 firmamentum
566 1562 748 1623 nuncupans
771 1540 875 1609 ualida
904 1543 944 1608 ad
975 1545 1230 1609 sustentationem

85 1665 234 1730 aquarum
268 1649 460 1732 superiorum
494 1647 815 1731 temperationemque
848 1649 919 1713 aeris
952 1647 1066 1714 nostri¹
1081 1646 1230 1714 firmitate

84 1750 233 1816 solidauit
279 1751 448 1818 etidcirco
472 1751 575 1834 plures
600 1749 692 1816 caelos
716 1752 858 1816 doctrina
879 1751 1063 1833 prophetica
1084 1752 1228 1832 prodidit,

84 1853 152 1937 quia
174 1855 387 1920 necessarium
409 1865 527 1921 nuturae
550 1860 663 1920 nostrae
689 1853 754 1930 luit,
778 1875 835 1936 per
858 1861 1016 1920 momenta
1038 1854 1183 1940 quaedam
1199 1863 1229 1921 et

83 1958 236 2036 profectus
267 1958 496 2024 rationabilium
528 1959 772 2025 moderationum
807 1959 968 2043 regionem
1003 1958 1085 2026 hanc
1117 1960 1228 2026 indulti
1257 1982 1281 2018 u

82 2061 167 2128 nobis
191 2063 231 2128 ad
255 2082 392 2143 praeaens
416 2061 585 2129 habitaculi
608 2063 784 2143 temperari.

122 2183 173 2248 10.
198 2185 247 2250 De
271 2205 399 2251 numero
422 2204 494 2250 uero
517 2184 662 2250 caelorum
697 2184 776 2249 nihil
809 2184 868 2249 sibi
903 2185 1047 2251 humanae
1082 2186 1228 2252 doctiore

81 2289 240 2354 temeritas
263 2295 439 2370 praesumat.
484 2288 640 2370 apostolus
663 2309 760 2372 usque
777 2291 817 2354 ad
834 2289 957 2355 tertium
974 2295 1093 2355 tantum
1118 2288 1226 2356 caelum

80 2412 147 2459 sese
185 2398 312 2474 raptum
350 2393 512 2478 intellegit.
564 2393 669 2476 plures
707 2393 835 2478 quidem
871 2393 1007 2473 thronos,
1042 2394 1226 2473 dominatus,

79 2502 258 2576 potestates,
280 2497 472 2581 principatus
496 2504 705 2574 connumerat,
729 2499 840 2583 quibus
864 2517 993 2564 necesse
1016 2505 1064 2564 est
1086 2499 1226 2579 proprios
1254 2518 1280 2556 ²⁰

78 2601 169 2668 sedes
209 2601 412 2667 habitationis
449 2622 593 2686 congruae
632 2603 783 2685 deputari.
829 2602 885 2667 ssd
920 2607 951 2667 at
988 2601 1056 2675 alia,
1095 2622 1223 2688 quorum

77 2706 291 2790 cognitionem
314 2705 424 2772 futuris
447 2708 637 2789 temporibus
669 2707 828 2788 promittit,
859 2725 928 2771 esse
958 2705 1123 2791 significat,
1155 2727 1227 2773 cum

77 2810 133 2874 ait:
170 2815 210 2875 et
244 2829 366 2892 super
400 2831 512 2876 omna
546 2831 699 2889 nomen,
733 2811 838 2896 quod
873 2811 1114 2888 nominatur,
1149 2821 1230 2876 non

76 2913 208 2980 solum
247 2913 287 2980 in
328 2913 402 2980 hoc
439 2913 597 2994 saeculo,
636 2916 706 2981 sed
745 2915 867 2981 stiam
900 2915 942 2980 in
977 2914 1123 2982 futuro.
1170 2919 1226 2982 sed

76 3017 112 3083 de
147 3038 279 3085 numero
313 3018 470 3100 apostolus
500 3018 576 3084 nihil
612 3020 729 3098 docuit;
764 3025 795 3084 et
827 3020 932 3085 nescio
955 3039 994 3083 an
1018 3020 1156 3099 mouerit,
1187 3041 1226 3086 an
1253 3037 1278 3075 π

116 3230 151 3282 23
170 3227 275 3296 Ephcs.
294 3228 315 3296 1,
334 3227 376 3283 21.

119 3404 132 3455 1
144 3401 316 3470 cognitionis
327 3402 463 3456 suaeRTe
473 3401 625 3471 cognitioni
634 3402 748 3456 suaebl'
781 3399 904 3455 heodem
914 3418 977 3454 cum
986 3401 1094 3455 ratione
1100 3404 1225 3473 temptaui

73 3486 121 3558 (cs.
132 3509 163 3560 p.
175 3489 239 3558 718,
249 3487 289 3543 26
299 3500 323 3543 ct
340 3489 376 3543 ibi
389 3492 450 3543 adn.
461 3489 558 3543 Bssoed.
573 3489 696 3556 ,ratione
711 3488 873 3542 moderante
888 3484 1057 3554 ordinatos“l
1073 3487 1225 3556 eademque

72 3576 182 3630 ratione
214 3577 240 3630 R
270 3575 422 3645 eodemque
458 3577 488 3629 in
517 3575 612 3631 orbem
648 3576 727 3628 m
760 3575 896 3629 collocato
932 3575 1013 3627 PTE
1044 3574 1162 3629 collecta
1198 3575 1224 3629 R

71 3663 218 3730 dprimas
243 3663 284 3715 Ru
311 3663 404 3731 primu
422 3662 485 3717 PTe
538 3664 554 3714 7
578 3663 667 3730 ipsam
685 3661 764 3715 illam
782 3662 861 3715 RTE
877 3661 941 3730 ipstt
958 3661 1010 3715 illu
1029 3661 1056 3714 P
1104 3662 1224 3729 8supni

73 3750 111 3802 Re
129 3749 297 3804 circumfusi
307 3748 371 3804 Pru
424 3749 459 3804 ah
477 3747 653 3803 inferiorisP
703 3749 738 3803 10
754 3747 945 3802 uniformaeR
998 3749 1030 3800 13
1048 3747 1224 3802 solidauidR

71 3837 102 3890 21
123 3837 206 3892 sedes
225 3835 404 3891 habitationis
423 3851 562 3905 congruae
574 3835 703 3905 deputari
713 3833 879 3889 RTEsedes
896 3833 1081 3889 habitationes
1099 3850 1223 3903 congrua

71 3975 216 4030 demutari
234 3977 262 4030 P
311 3978 347 4030 sic
365 3976 445 4044 RPb;
472 3976 568 4030 sedet
590 3931 682 4044 aliqitl
709 3975 896 4044 cognitionem
924 3973 1026 4028 futuris
1050 3972 1222 4043 temporibus

70 4065 237 4182 promittit’¹
270 4131 331 4170 esse
357 4113 497 4185 significat
524 4131 588 4169 cum
615 4113 655 4169 ait
674 4114 699 4166 T
721 4113 778 4168 sed
797 4118 826 4167 et
852 4113 1010 4181 aliquorum
1034 4112 1222 4180 cognitionem

69 4200 172 4258 futuris
192 4203 366 4272 temporibus
384 4201 503 4271 ,pmittit
530 4217 598 4270 esse,
626 4203 664 4270 qu
691 4199 839 4270 significat,
864 4217 927 4253 cum
946 4200 1016 4254 aite
1068 4201 1104 4254 23
1121 4215 1222 4254 nomen

71 4287 125 4342 RE
141 4309 193 4344 om.
215 4289 265 4342 PT
317 4291 352 4343 24
369 4289 418 4344 sad
435 4289 470 4343 ds
488 4289 569 4342 RTE
585 4287 633 4342 sed
652 4288 736 4342 stiam
755 4288 790 4342 de
811 4285 839 4340 P.
