3075 4967
285 228 347 294 212
623 231 742 284 sancti
766 201 1090 300 Hilarii'episco'pi

284 438 386 504 neque
408 419 521 485 Iudaeis
545 439 646 503 noque
671 420 788 486 Graecis
822 440 922 504 neque
945 419 1083 486 ecclesiae
1106 420 1283 488 scandalum
1308 428 1365 501 est
1388 441 1425 486 ne

286 523 400 589 babeat
422 524 616 590 aduersarius
647 523 728 590 male
751 525 789 589 de
812 543 846 589 se
869 525 943 608 quid
967 525 1058 609 loqui,
1081 525 1133 589 illo
1156 526 1283 609 quidem
1306 526 1425 590 obtrec-

286 629 372 695 tandi
393 628 529 694 studium
551 628 803 711 uoluntatomque
825 629 989 708 retinente,
1012 631 1155 713 quamuis
1171 649 1204 695 se
1219 629 1272 694 ille
1292 629 1424 696 liberum

285 733 324 798 ab
347 733 432 798 omni
455 732 685 798 obtrectationis
719 735 879 799 occasione
913 739 1090 814 praestarem
1125 733 1207 818 quod
1240 745 1271 798 et
1305 735 1335 798 in
1368 733 1426 798 hoc

247 842 393 904 asancto
415 838 447 902 iu
470 837 521 903 siti
544 843 684 902 currente
707 837 928 922 cognoscimus.
973 839 1112 922 sequitur
1136 839 1233 903 enim:
1267 858 1335 904 ore
1358 857 1427 902 suo

287 940 591 1007 benedicebant
620 948 659 1007 et
689 943 811 1007 corde
841 961 910 1007 suo
939 941 1253 1020 maledicebant,
1295 961 1368 1008 oum
1398 949 1428 1006 et

286 1056 504 1112 consemantes
527 1046 677 1112 honorem
700 1066 790 1111 suum
813 1046 981 1128 probabilis
1010 1047 1082 1111 uitae
1116 1045 1312 1112 confessione
1335 1046 1428 1111 bene-

287 1150 426 1216 dicerent
447 1157 478 1216 et
500 1149 654 1216 interioris
678 1150 741 1216 odii
764 1150 955 1236 malignitate
978 1150 1212 1217 maledicerent.

331 1274 360 1338 s.
384 1271 446 1337 Sed
469 1272 510 1337 id.
534 1272 615 1355 quod
638 1271 697 1337 sibi
721 1274 856 1338 maxime
879 1272 1012 1338 salutare
1035 1280 1091 1350 est,
1114 1281 1237 1338 sanctus
1260 1273 1319 1336 iste
1335 1273 1427 1337 etiam

238 1397 260 1434 ιο
289 1375 458 1456 diapsalma
488 1377 712 1441 interueniente
741 1379 947 1460 congeminat,
977 1377 1142 1442 indefessae
1176 1377 1207 1440 in
1238 1375 1328 1440 nobis
1359 1395 1431 1440 con·

287 1481 431 1559 sessionis
453 1481 715 1560 perseuerantiam
745 1485 887 1562 oportere
917 1501 986 1546 esse
1017 1481 1243 1546 demonstrans.
1288 1479 1430 1563 sequitur
1457 1467 1458 1470 ¹

288 1585 387 1648 enim:
425 1590 702 1648 cerumtamen
741 1586 814 1650 deo
851 1586 1038 1651 subiecta
1076 1593 1136 1650 est
1173 1583 1303 1648 anima
1335 1602 1429 1662 mea,

288 1689 476 1772 quoniam
499 1688 545 1753 ab
569 1689 658 1768 ipso
681 1695 742 1753 est
764 1690 971 1769 patientia
994 1709 1087 1754 mea.
1133 1691 1227 1772 quia
1257 1688 1348 1768 ipse
1372 1697 1433 1752 est

288 1791 385 1857 deus
416 1812 523 1857 meus
554 1798 592 1856 et
622 1791 806 1859 saluatur
844 1813 962 1870 meus,
1000 1793 1164 1859 adiutor
1200 1811 1320 1870 meus,
1356 1811 1431 1855 non

237 1916 261 1952 1⁶
289 1896 507 1980 emigrabo.
551 1897 589 1960 in
621 1895 692 1962 deo
723 1895 905 1963 salutare
942 1917 1067 1964 meum
1099 1907 1136 1962 et
1166 1895 1304 1980 gloria
1339 1915 1432 1968 mea,

289 2002 386 2066 deus
409 1999 556 2065 auxilii
579 2001 664 2081 mei,
689 2013 727 2066 et
750 2021 843 2082 spes
874 2021 960 2067 mea
989 2003 1028 2067 in
1057 2003 1128 2067 deo
1148 2007 1245 2067 meo.
1280 1999 1432 2082 inpellant

289 2105 415 2189 quidem
439 2107 488 2169 isti
511 2104 691 2170 inclinatum
713 2107 863 2186 parietem
889 2104 1116 2190 maceriamque
1138 2107 1202 2171 iam
1226 2123 1375 2189 quassam
1396 2113 1433 2180 et,

290 2208 492 2274 benedicente
514 2207 585 2274 licet
607 2229 667 2286 ore,
698 2211 791 2275 corde
815 2209 1006 2288 maledicant,
1037 2212 1095 2275 scit
1124 2217 1229 2275 tamen
1258 2209 1430 2274 subiectam

290 2313 427 2377 animam
450 2331 537 2378 suam
562 2314 619 2378 deo
641 2332 711 2378 esse
732 2319 880 2394 oportere,
905 2315 977 2397 quia
992 2314 1032 2379 ab
1048 2316 1115 2395 ipso
1137 2313 1285 2394 patientia
1305 2333 1362 2378 sua
1385 2312 1431 2376 sit.

237 2432 262 2470 2⁰
291 2417 399 2482 didicit
429 2417 512 2481 enim
542 2417 581 2482 ab
612 2436 648 2481 eo
679 2437 737 2481 non
768 2425 908 2483 auertere
941 2418 1052 2484 faciem
1092 2438 1110 2482 a
1140 2417 1343 2499 sputamentis
1375 2435 1431 2481 nec
1528 2415 1529 2424 ’

290 2518 473 2586 subtrahere
503 2521 600 2601 alapis
630 2519 772 2586 maxillas
809 2542 867 2587 nec
906 2524 1073 2603 potandum
1104 2542 1175 2587 curu
1206 2520 1278 2586 felle
1309 2527 1432 2586 acetum

289 2644 419 2690 renuere
449 2644 506 2690 uec
537 2632 605 2705 post
638 2624 784 2706 colaphos
809 2633 840 2691 et
862 2625 985 2711 flagella
1017 2626 1212 2691 maledicere.
1258 2625 1326 2706 ipse
1349 2625 1432 2690 enim

290 2728 366 2794 deus
389 2749 462 2793 suns
486 2734 639 2812 astatque
655 2729 796 2808 saluator‚
820 2731 886 2811 ipse
903 2731 995 2796 etiam
1011 2731 1140 2808 adiutor,
1165 2750 1203 2795 ne
1220 2731 1258 2795 de
1273 2728 1431 2810 patiendo

289 2831 380 2897 huius
403 2833 634 2912 perseuerantia
656 2835 785 2917 speique
809 2854 870 2899 suae
893 2833 1008 2900 fiducia
1029 2847 1131 2901 motus
1151 2834 1293 2919 emigret.
1340 2835 1372 2898 in
1397 2853 1432 2896 eo
1528 2861 1529 2864 ¹

238 2955 263 2990 2⁶
291 2939 373 3003 enirn
398 2943 445 3001 est
466 2936 547 3001 salus
571 2944 601 3002 et
623 2936 722 3020 gloria
750 2939 816 3003 eius
840 2945 870 3004 et
892 2959 973 3020 spes,
1004 2940 1057 3023 qui
1086 2957 1119 3004 se
1147 2938 1350 3004 coexcitatum
1374 2937 1432 3001 sibi
1528 2957 1529 2964 ¹

289 3041 481 3107 conformem
504 3041 545 3105 sit
567 3040 682 3106 calesti
705 3063 768 3107 suae
792 3041 898 3128 gloriae
920 3043 1103 3108 redditurus.

335 3232 532 3287 leclesiaeV
580 3233 785 3288 dretinercV
835 3250 1020 3304 occupator.
1040 3231 1076 3286 Ρι
1129 3234 1193 3286 det
1216 3235 1277 3286 cdd
1302 3251 1335 3286 m.
1361 3229 1381 3283 2
1410 3229 1433 3283 V

289 3316 374 3387 daip’f
400 3319 473 3372 euim
498 3319 523 3372 R
577 3321 778 3373 'lconseruant
801 3321 850 3374 VR
904 3321 1102 3375 benedicebant
1121 3321 1147 3372 R
1198 3321 1263 3372 det
1288 3317 1431 3372 interioris

177 3396 180 3401 ⁴
289 3406 345 3460 oris
370 3405 546 3474 malignitate
573 3406 623 3458 Pr
648 3403 687 3470 (iu
717 3407 742 3459 P
766 3407 822 3460 oris
849 3425 920 3477 supr.
947 3425 996 3460 acr.
1024 3425 1057 3460 m.
1078 3405 1128 3472 Ii)
1181 3405 1291 3474 9quod
1310 3405 1431 3458 maxima

289 3492 342 3546 sibi
366 3492 391 3547 V
441 3495 475 3546 to
492 3492 663 3561 diabpsalma
680 3492 839 3548 inuenioute
855 3495 882 3546 P
933 3497 963 3547 ll
983 3493 1191 3562 perseuerantia
1210 3493 1236 3545 P
1287 3495 1320 3547 lc
1337 3496 1367 3546 et
1385 3509 1432 3560 pa·

289 3579 388 3633 tientia
407 3579 433 3632 P
484 3580 518 3633 14
535 3579 603 3632 deus
628 3597 706 3633 mens
734 3586 762 3634 et
785 3579 820 3634 V¹
837 3580 1117 3634 deus÷÷÷÷÷et
1136 3580 1162 3633 P
1185 3580 1221 3650 cs.
1249 3579 1370 3632 Saburicr
1395 3579 1431 3644 II,

291 3665 482 3720 maeoseu
504 3661 620 3719 V‘RTE
672 3668 704 3721 lb
722 3667 871 3721 salutarem
889 3668 1024 3722 meumV
1076 3670 1108 3722 16
1126 3664 1231 3721 auxilid
1249 3667 1305 3722 mei
1323 3665 1350 3720 R
1402 3665 1431 3719 iu

290 3753 342 3808 deo
359 3753 375 3808 ὃ
394 3754 434 3806 Rc
485 3752 622 3821 inpellant
639 3752 751 3821 quidem
769 3754 847 3808 insiti
860 3755 886 3808 R
949 3757 980 3810 17
999 3753 1272 3810 etbonedicentesT
1322 3755 1355 3808 21
1376 3769 1432 3806 ma·

289 3841 378 3896 xellas
408 3839 433 3894 V
487 3839 641 3908 potandum
670 3857 701 3893 cu
729 3841 882 3909 putandum
910 3861 944 3895 m.
976 3840 995 3894 2
1030 3841 1056 3896 V
1080 3841 1235 3910 putandum
1265 3841 1291 3894 P
1340 3839 1379 3894 iel
1412 3837 1435 3892 V

290 3929 325 3981 ‘22
347 3943 484 3980 rennuere
514 3927 567 3979 RP
628 3927 731 3981 colafos
767 3927 841 3982 VPY
903 3931 938 3983 23
962 3928 1052 3997 adque
1087 3925 1173 3983 VRP¹
1240 3927 1377 3997 patientia
1406 3926 1432 3980 R

291 4017 327 4069 24
344 4012 446 4068 fiducia
463 4032 493 4067 ca
510 4011 628 4067 fiduciae
646 4013 765 4068 m.2V
816 4020 908 4069 mutus
932 4034 1003 4087 capr.
1028 4033 1077 4070 scr.
1096 4033 1130 4069 m.
1148 4015 1165 4068 1
1183 4016 1209 4068 R
1261 4011 1434 4097 demigretP

292 4119 326 4172 26
345 4117 419 4171 salus
438 4115 465 4183 (s
483 4120 511 4171 ia
527 4136 580 4172 rca-
598 4135 632 4173 m.
651 4119 675 4188 1,
692 4129 782 4189 postea
800 4119 823 4174 ia
842 4119 922 4186 eras.)
942 4119 968 4174 R
1020 4124 1049 4174 et
1067 4135 1129 4188 spes
1148 4137 1178 4174 ea
1195 4125 1238 4173 est
1254 4135 1317 4188 spes
1329 4137 1362 4172 m.
1377 4116 1396 4170 ‘2
1411 4116 1434 4168 V

291 4207 326 4260 26
341 4215 400 4274 poet
419 4221 484 4258 suae
501 4203 574 4258 3-4
593 4206 639 4260 tiu.
658 4223 723 4260 eruc.
742 4207 776 4260 R.
