3075 4967
416 276 594 325 tractatus
613 272 647 325 in
666 274 836 340 psalmum
855 273 973 326 CXLIV.
1206 273 1269 339 835

123 483 187 528 non
203 464 261 528 erit
278 463 391 547 [iusta],
415 462 441 526 si
459 462 678 527 miserabiliter
692 464 784 543 inope
801 463 1007 528 calumniante
1023 463 1071 528 ius
1087 462 1271 544 opulentiori

122 566 275 645 inuideas,
300 568 325 632 si
350 566 475 632 semine
497 566 641 632 lacrimas
663 567 721 632 uiri
745 568 894 651 praeleras
922 567 1125 647 contumeliae,
1148 568 1175 632 si
1197 568 1272 633 caeci

123 670 266 736 conuicia
288 691 349 735 uon
371 678 458 752 putes
475 671 644 755 arguenda
690 675 721 735 at
736 691 811 735 uero
827 691 845 737 e
861 671 1013 737 contrario
1029 672 1271 743 misericordiam

122 775 241 840 iustitia
263 795 326 840 non
351 775 475 853 tenebit,
500 774 526 838 si
550 776 650 839 iurem
679 774 769 841 unius
800 775 919 841 nummi
951 781 983 839 ut
1013 776 1114 841 furem
1137 776 1272 860 ingentis

123 878 263 945 thesauri
286 880 411 961 plectes,
434 899 503 944 cum
528 886 632 944 tamen
655 880 686 943 in
702 900 764 944 nno
781 899 909 945 nummo
924 879 1105 945 thesaurum
1121 880 1273 958 habuerit,
1312 908 1325 943 a

124 984 179 1066 qui
196 984 309 1061 emisit,
332 983 382 1049 uel
398 982 625 1049 adolescentem
641 1002 699 1047 uno
715 990 837 1050 motum
860 990 891 1050 et
913 986 1024 1050 eodem
1047 984 1174 1050 infamis
1189 985 1273 1050 adnl-

124 1086 203 1153 torio
226 1088 386 1153 inretitum
409 1089 474 1169 pari
497 1088 528 1151 in
550 1093 656 1167 morte,
678 1093 712 1151 ut
726 1087 861 1169 plurium
877 1087 1098 1154 adulteriorum
1113 1088 1272 1166 artificem,

124 1212 285 1273 poenarum
311 1193 480 1276 quaestione
502 1192 638 1269 uexatis,
669 1212 739 1257 cum
761 1198 867 1259 tamen
891 1193 1009 1258 crimen
1040 1192 1080 1257 sit
1109 1193 1273 1258 mortisia

123 1303 266 1381 utroque.
313 1295 380 1362 haec
403 1302 494 1380 atque
516 1296 690 1361 istiusmodi
719 1296 924 1377 inperfectam
947 1296 1064 1362 faciunt
1094 1303 1125 1362 et
1154 1297 1274 1362 miseri·

124 1401 264 1465 cordiam
290 1406 322 1465 et
342 1400 490 1465 iustitiam
515 1398 696 1478 humanam;
724 1400 775 1466 dei
797 1407 903 1466 antem
925 1401 1075 1465 iustitiam
1099 1400 1273 1466 misericor·
1300 1426 1325 1463 ιο

126 1505 197 1570 dem
220 1512 349 1585 praestat
378 1504 616 1585 criminosorum
638 1505 740 1586 poenis
770 1504 890 1569 indulte
918 1505 1072 1586 patientia.
1117 1505 1179 1589 qui,
1201 1525 1273 1570 cum

125 1614 234 1674 contra
250 1629 372 1674 morem
388 1608 533 1673 humanae
550 1608 738 1689 inpatientiae
753 1628 817 1673 non
832 1608 959 1674 festinat
973 1609 1092 1691 punire,
1109 1609 1273 1674 miseratus

126 1719 190 1778 est:
224 1718 337 1777 tenens
370 1712 516 1777 iustitiam
552 1712 585 1775 in
618 1732 710 1793 poena
742 1717 814 1793 post
842 1712 1090 1777 misericordiam
1119 1733 1181 1778 non
1204 1732 1273 1797 pro-

124 1816 252 1882 ficiente
275 1816 430 1897 patientia,
453 1815 575 1881 habens
591 1816 838 1882 misericordiam
854 1816 886 1879 in
902 1834 994 1897 prena
1008 1823 1078 1897 post
1092 1816 1273 1897 patientiam

126 1921 282 1987 exerendo
305 1920 462 1986 iustitiam.
507 1940 568 1985 non
592 1920 675 1985 enim
700 1921 777 1985 dens
792 1919 873 2002 rapit
889 1919 1094 1985 humanorum
1110 1920 1274 1986 criminum
1301 1945 1325 1981 aa

125 2026 307 2091 occasiones
323 2044 424 2108 neque
441 2032 599 2108 tamquam
616 2024 803 2089 infirmitatis
818 2030 933 2089 nostrae
947 2030 1127 2109 naturaque
1149 2025 1274 2091 nescius

127 2131 231 2211 ipsum
255 2128 331 2194 illud
354 2131 393 2194 ad
417 2149 543 2210 poensm
566 2130 678 2194 erroris
702 2137 733 2193 et
754 2129 873 2210 peccati
888 2129 985 2194 nostri
1001 2134 1124 2209 tempus
1139 2129 1273 2195 inuadit:

126 2234 182 2298 sed
207 2232 382 2298 dissimulat
405 2239 436 2298 et
456 2231 560 2298 differt
576 2239 607 2298 et
621 2233 807 2315 paenitentiae
823 2232 972 2297 solacium
988 2232 1135 2298 dilatione
1150 2232 1273 2298 ultionis

126 2342 277 2419 expectat,
300 2356 429 2401 suauem
453 2358 486 2402 se
510 2336 652 2401 omnibus
675 2342 837 2419 praestans,
862 2338 936 2401 dum
966 2357 1022 2417 per
1053 2337 1273 2402 misericordie

127 2452 159 2506 et
196 2440 319 2505 iustitie
356 2442 482 2505 modum
528 2442 739 2522 temperandae
780 2441 954 2506 seueritatis
998 2440 1201 2525 indulgentiae
1238 2462 1273 2508 se
1299 2462 1325 2500 ao

125 2552 275 2611 reseruat.

171 2650 223 2714 15.
248 2648 316 2715 Hoc
339 2650 370 2714 in
394 2650 451 2715 deo
475 2650 672 2730 praecipuum,
696 2648 754 2714 hoc
777 2650 808 2714 in
832 2655 957 2729 potente
981 2648 1183 2714 laudandum:
1211 2670 1272 2715 non

126 2752 237 2818 caelum
272 2752 393 2831 iecisse,
430 2753 502 2837 quia
536 2759 644 2834 potens
679 2760 739 2831 est;
774 2773 836 2817 non
866 2759 980 2818 terrem
1011 2754 1170 2832 fundasse,
1201 2754 1274 2838 quie

125 2856 224 2923 uirtus
260 2862 324 2935 est;
359 2877 420 2922 uon
455 2877 570 2922 annum
605 2858 696 2923 astris
730 2863 929 2939 temperasse,
963 2858 1035 2941 quia
1065 2858 1188 2939 sapiens
1211 2865 1272 2948 est;

126 2980 188 3025 non
212 2961 374 3026 hominem
397 2963 562 3040 animasse,
586 2962 658 3046 quia
680 2962 743 3027 uita
767 2970 829 3040 est;
859 2982 921 3027 non
951 2982 1039 3027 mare
1068 2961 1100 3027 in
1131 2982 1273 3029 accessus
1300 2981 1326 3018 aa

125 3086 162 3131 oc
201 3067 351 3131 decessus
388 3067 532 3145 mouisse,
571 3066 644 3148 quia
681 3066 808 3147 spiritus
842 3073 903 3131 est:
949 3067 1006 3132 sed
1038 3066 1273 3133 misericordem

126 3190 206 3249 esse,
230 3170 283 3253 qui
306 3170 405 3235 iustus
429 3175 492 3249 est;
527 3171 582 3236 sed
617 3170 819 3235 miserantem
854 3189 931 3249 esse,
965 3170 1017 3253 qui
1040 3190 1095 3235 rer
1124 3177 1185 3248 est;
1216 3172 1272 3235 sed

171 3380 184 3429 l
204 3378 278 3433 iusta
293 3388 354 3450 post
371 3380 445 3432 enim
463 3381 549 3450 suppl.
562 3380 653 3433 Bened
670 3380 698 3431 ia
717 3380 787 3444 oda,
797 3378 911 3447 facilius
925 3380 1069 3449 posteriore
1087 3380 1141 3431 loco
1160 3379 1273 3431 excidere

121 3468 208 3537 potuit
235 3467 266 3518 ob
292 3466 362 3519 illud
387 3466 460 3520 iuste
486 3466 524 3519 ait
547 3468 575 3519 ia
600 3468 668 3519 linea
686 3468 808 3530 anteced,
826 3482 874 3518 om.
894 3465 933 3518 Re
986 3465 1068 3533 inope
1087 3464 1273 3519 calumniante

123 3554 226 3623 scripsi,
245 3570 311 3622 qum
328 3554 420 3605 lorum
438 3554 610 3607 ablativos-um
619 3553 717 3622 forma
734 3553 798 3605 alibi
815 3553 889 3621 apud
904 3553 991 3605 Hilar.
1019 3554 1121 3622 optimae
1147 3553 1273 3605 codicibus

126 3642 240 3694 traditur
260 3638 305 3703 (dc
317 3638 409 3703 forma
426 3639 509 3709 inope
526 3640 681 3693 substantiali
697 3641 753 3692 uice
763 3640 894 3708 sunyaatc
911 3639 947 3707 cs.
966 3640 1043 3692 ctiam
1056 3638 1131 3693 Neue
1142 3640 1272 3693 Forment.

125 3727 164 3795 11,
185 3725 237 3792 42)
256 3718 334 3796 inopi
353 3727 536 3781 calumnianti
554 3724 610 3779 RE
660 3726 828 3795 opulentiori
845 3727 939 3797 scripsi
957 3723 1005 3794 (cs.
1021 3726 1141 3795 Drueper
1159 3729 1230 3794 Syna
1250 3727 1273 3790 I,

125 3810 183 3865 404
209 3824 233 3867 et
258 3814 391 3883 tetemet.
420 3816 458 3867 od
484 3814 559 3883 Vcrp.
587 3814 646 3866 Ecl.
670 3813 731 3877 VII,
758 3812 798 3866 58
821 3816 853 3865 dc
879 3812 1005 3866 inuidere
1024 3833 1055 3855 =
1076 3812 1273 3883 „nertoeipcrn‘¹)

125 3898 311 3969 opulentioris
321 3900 376 3953 RE
418 3899 572 3954 dlaerimaa
582 3899 778 3953 Rblaorimiae
824 3898 1008 3953 contumeliae
1018 3900 1273 3954 Rheontumeliaae

125 3986 266 4055 dpleotea
284 3986 311 4039 R
328 3987 471 4055 plectasE
521 3986 602 4042 duel
621 3986 715 4039 Hartel
731 3990 764 4040 ut
774 3987 829 4039 RE
879 3986 1111 4039 unoRinunoE
1161 3986 1273 4041 infamis

126 4072 170 4139 (=
190 4072 303 4126 infanda
321 4072 457 4140 mulieris)
476 4074 501 4126 R
519 4073 616 4127 infami
635 4074 662 4125 Ε
713 4076 730 4127 8
754 4089 906 4141 poenarum
931 4072 1090 4140 quaestione
1117 4072 1158 4125 Ro
1184 4090 1274 4142 poena

125 4177 182 4214 non
213 4160 374 4228 quaestione
400 4178 414 4213 e
478 4162 511 4215 17
538 4161 630 4228 ipsum
654 4173 688 4203 Ξ
713 4158 790 4227 (erus.
818 4158 846 4225 d)
875 4159 901 4212 R
955 4162 987 4213 18
1015 4159 1038 4212 da
1065 4158 1221 4214 dissimulat
1247 4161 1273 4214 R

126 4246 263 4301 dilatione
281 4265 311 4299 ea
329 4246 491 4301 dilatatione
510 4247 536 4300 R
588 4250 623 4301 26
641 4246 866 4301 missericordem
884 4247 917 4298 R.

1064 4348 1115 4403 53*
