3075 4967
384 344 566 395 traetstua
585 341 620 394 in
642 340 813 408 psalmum
832 338 953 394 cxvssl.
1176 339 1239 405 501

107 533 215 598 sedne
238 535 269 596 in
294 531 344 598 his
367 530 490 615 quidem
514 529 663 612 propheta
686 529 822 595 insolens
846 537 900 595 est
944 549 1016 594 nam
1047 530 1079 594 in
1101 549 1137 595 eo
1163 529 1239 610 ipso,

105 639 181 720 qnod
204 637 297 702 dixit:
320 635 392 714 iae,
415 635 542 701 adiecit:
574 653 658 701 oum
688 653 806 700 seruo
836 639 910 699 tuo.
955 641 986 698 et
1009 633 1083 718 quia
1104 633 1239 700 seruitus

104 753 202 806 nostra
225 741 265 808 ad
287 741 321 808 id
341 741 454 824 ipsum,
476 740 563 804 utin
585 739 740 806 seruitutis
770 737 832 804 fide
862 745 995 816 maneat,
1029 738 1240 804 misericordia

104 845 215 910 domini
238 845 364 930 indiget,
396 843 625 926 superaddidit:
656 843 875 909 seeundum
905 843 1239 908 misericordiam

103 955 218 1014 tuam:
252 950 325 1032 qnia
358 947 555 1014 miseratione
589 949 654 1014 eius
688 967 764 1028 opus
799 953 855 1023 est,
889 947 976 1012 utin
1000 945 1059 1012 hae
1082 947 1239 1012 seruitutis
1278 969 1292 1010 e

101 1059 209 1118 nostrae
233 1051 425 1134 professione
447 1072 637 1118 maneamus.
682 1050 826 1117 inbecilla
859 1051 942 1116 enim
973 1055 1020 1117 est
1049 1070 1105 1132 per
1127 1071 1161 1116 se
1183 1050 1238 1115 ali-

101 1156 170 1240 quid
193 1157 351 1222 obtinendi
375 1155 512 1222 humana
533 1156 707 1238 infirmitas,
739 1162 771 1220 et
792 1155 851 1220 hoe
882 1162 1001 1220 tantum
1032 1161 1146 1220 natura
1176 1174 1239 1220 suae
1289 1200 1293 1208 -

100 1260 235 1327 ostiaium
257 1267 313 1339 est
335 1267 368 1326 ut
391 1261 564 1346 adgregare
587 1281 621 1326 se
642 1263 672 1326 in
689 1259 839 1326 familiam
854 1260 904 1325 dei
920 1266 951 1326 et
966 1258 1041 1324 uelit
1055 1266 1087 1324 et
1101 1260 1237 1340 eoeperit.

100 1365 209 1431 diuinae
233 1385 304 1431 uero
327 1364 548 1431 misericordiae
579 1372 634 1447 est,
665 1371 697 1428 ut
726 1364 866 1430 uolentes
897 1364 1029 1443 adiuuet,
1058 1363 1239 1444 incipientes

100 1469 266 1548 confirmet,
290 1470 438 1535 adeuntes
460 1469 604 1550 recipiat:
639 1489 675 1534 ex
709 1468 799 1534 nohis
833 1473 936 1534 autem
969 1467 1092 1532 initium
1126 1477 1181 1545 est,
1205 1473 1239 1532 ut
1266 1473 1297 1528 ιο·

99 1573 148 1638 iila
169 1573 320 1658 perficiat

140 1783 189 1847 11.
215 1781 277 1848 Sed
308 1782 384 1866 quid
418 1780 542 1846 modern
577 1789 610 1847 ut
644 1779 738 1846 iaciat
767 1799 837 1845 eurn
867 1800 958 1846 seruo
988 1799 1044 1845 suo
1068 1780 1237 1845 seeundum

100 1886 343 1951 misericordiam
374 1905 462 1950 susm
494 1885 648 1967 postulat?
692 1904 805 1966 nempe
840 1891 872 1950 ut
902 1883 1134 1950 iustificationes
1165 1904 1237 1949 suas

100 1991 211 2056 doceat.
255 1992 312 2057 seit
335 1991 366 2055 in
390 1991 668 2069 iustificationibus,
692 2011 770 2074 quas
793 1991 921 2076 Moyses
955 1990 1138 2056 constituere
1159 2011 1236 2071 pree·

99 2100 200 2175 ceptus
224 2100 278 2173 est,
303 2114 453 2179 magnum
488 2095 592 2162 neseio
615 2096 690 2179 quid
713 2101 744 2161 et
765 2094 1069 2176 inconprehensibile
1091 2093 1236 2159 humanae
1264 2122 1289 2158 aa

99 2197 314 2284 intellegentiae
338 2199 497 2265 contineri.
542 2200 620 2266 seire
643 2205 734 2281 optet,
759 2201 830 2283 quis
852 2200 911 2265 iste
934 2201 983 2277 sit,
999 2205 1034 2263 ut
1055 2198 1237 2283 frequenter

98 2301 236 2382 diximus,
260 2310 418 2384 coemptus
442 2303 595 2368 Hebraeus
617 2322 694 2385 puer
717 2324 771 2369 sex
794 2309 915 2369 tantum
938 2303 1028 2368 annis
1058 2302 1236 2368 seruiturus.

98 2403 170 2490 legit
192 2405 259 2473 haec
283 2406 417 2490 quidem,
441 2408 497 2473 sed
521 2428 581 2472 non
604 2408 718 2484 stetim,
734 2409 820 2491 quod
842 2407 961 2492 legitur,
984 2413 1016 2473 et
1037 2406 1235 2492 intellegitur.

98 2510 174 2576 seira
195 2510 269 2590 uult,
292 2531 358 2596 quae
382 2511 435 2576 iila
457 2511 590 2577 seruitus
613 2512 661 2590 sit,
678 2532 748 2596 quae
764 2512 889 2594 septimi
905 2512 977 2576 anni
993 2510 1127 2590 libertas,
1152 2511 1234 2594 quod

98 2614 135 2677 sit
157 2615 236 2680 nuris
260 2615 399 2680 foramen
424 2637 460 2682 ex
484 2615 601 2696 subula,
625 2617 651 2681 si
674 2615 753 2682 liber
776 2635 845 2682 esse
865 2615 948 2694 nolit,
972 2635 1042 2700 quae
1058 2614 1110 2680 illa
1124 2613 1245 2680 muher'
1259 2642 1284 2678 ao

99 2715 226 2798 Hehraei‚
251 2719 327 2803 quid
349 2718 433 2797 illud
455 2725 488 2785 ut
511 2721 577 2786 sine
593 2720 722 2786 muliero
739 2719 916 2805 egrediatur
930 2720 1006 2800 ipsa,
1030 2719 1105 2804 quid
1121 2718 1233 2785 deinde

99 2822 229 2887 secunde
240 2822 423 2901 iustidontiq
437 2824 511 2907 quid
528 2825 624 2904 tertia,
641 2825 716 2909 quid
732 2830 898 2908 sequentes
914 2822 1049 2890 habeant
1063 2824 1232 2888 futurorum

100 2931 352 2991 sacramentorum
381 2928 645 3008 praeformationis.
690 2947 750 2992 non
781 2933 829 2993 est
858 2926 988 2993 humani
1018 2928 1135 3014 ingenii
1165 2927 1233 2994 haec

140 3149 273 3206 16E10d.
293 3151 365 3220 xxl,
384 3156 401 3207 2
420 3171 479 3222 sqq.

141 3347 364 3402 raedarium?
378 3349 404 3402 V
453 3351 483 3402 in
494 3369 535 3421 pr.
545 3353 561 3403 Ι.
571 3369 620 3404 ora.
634 3351 681 3404 Vt.v
731 3351 880 3406 bsertutis
896 3352 921 3404 V
969 3351 1233 3405 dmisserationeR

103 3431 128 3484 in
151 3451 196 3488 om.
228 3435 254 3488 V
313 3439 491 3491 dmsnemus
524 3438 548 3490 V
603 3437 728 3493 inbieilla
760 3439 786 3492 V
841 3437 947 3507 aliquid
974 3437 1117 3506 optinendi
1145 3437 1170 3486 11
1196 3439 1231 3506 rs.

103 3515 302 3591 DraeperSynr.
321 3521 436 3587 11833
463 3524 498 3578 sd
524 3523 629 3594 aliquid
656 3526 801 3580 obtinendi
825 3524 899 3579 Vad
926 3523 1032 3593 aliquid
1051 3524 1232 3578 obtinendum

105 3604 150 3674 (bb
197 3610 443 3679 SsdgrsegsrsV
483 3603 514 3664 (11
532 3611 613 3680 uellit
628 3611 653 3664 V
701 3615 804 3667 tiuare
821 3613 935 3681 om.0ph
986 3611 1192 3665 miseridordiae
1202 3629 1232 3663 rx

104 3691 308 3750 misericordiam
327 3695 399 3750 aa?
422 3697 448 3752 V
496 3700 528 3751 ut
546 3699 634 3750 om.V
685 3702 718 3753 10
736 3704 767 3752 ut
785 3699 919 3752 euntesC
967 3697 1084 3767 resipiat
1102 3697 1231 3766 eareeipi

106 3778 160 3831 1112
175 3782 199 3836 V
246 3789 339 3838 nutem
357 3785 450 3837 onaC
501 3787 531 3838 ll
552 3784 601 3838 ille
615 3785 651 3855 pb
706 3786 738 3839 15
756 3791 799 3838 eat
817 3787 878 3839 add.
898 3784 1019 3839 m.2V
1068 3785 1231 3854 inoonprne·

105 3859 224 3924 hemihile
252 3871 277 3924 R
349 3873 382 3925 16
400 3870 470 3926 seire
497 3871 552 3924 etin
579 3875 656 3940 optat
689 3871 726 3924 Vb
798 3873 831 3925 17
848 3871 966 3926 hebaeos
999 3871 1033 3925 V¹
1060 3872 1178 3926 hebreus
1206 3871 1231 3924 R

107 3950 133 4002 19
148 3969 213 4020 qnae
230 3967 289 4010 aare
307 3957 420 4026 septimi
444 3958 536 4010 orn-C
585 3959 673 4011 2001
699 3957 785 4011 nbula
805 3958 870 4011 Cet
897 3959 1058 4013 subolaeV
1107 3958 1177 4012 nolit
1201 3977 1232 4012 ex

105 4037 172 4094 nolae
195 4042 363 4097 VnolletC
412 4045 443 4097 21
464 4043 561 4098 hebrei
584 4043 608 4096 V
632 4043 734 4098 hebres
758 4045 781 4096 C
804 4043 925 4099 hebraea
942 4046 982 4100 Re
1034 4046 1164 4130 mulieret
1188 4047 1229 4100 in·

105 4143 232 4208 gradiatur
254 4147 411 4201 Vmuliere
429 4145 603 4216 ingredietur
622 4145 778 4218 (ingrediar
798 4147 831 4215 O)
852 4149 913 4203 Rr'e
939 4153 986 4204 sed
1002 4151 1037 4220 cs.
1056 4153 1115 4204 adn.
1132 4152 1230 4206 Berred.

106 4225 429 4287 hisembertum?
453 4234 478 4287 V
526 4235 666 4303 sequentis
692 4235 849 4304 Vsequens
870 4238 893 4289 (¹
942 4238 976 4290 23
995 4241 1230 4292 sacramentorum

106 4329 131 4366 α
145 4332 244 4374 noram
262 4338 295 4374 m.
315 4319 335 4374 2
358 4321 384 4375 V
433 4321 678 4390 praeformationes
698 4322 744 4376 Re.
