3075 4967
242 210 306 313 412
583 204 700 303 saneti
724 247 859 303 Hilarii
882 248 1045 316 episcopi

242 439 315 507 inde
339 440 431 519 oepit
453 440 559 517 oratio,
582 438 665 504 unde
687 452 717 505 et
747 434 831 505 salus
847 433 985 504 >inchoat
1014 439 1220 521 deprecantis.
1266 440 1384 520 dehinc,

242 564 283 611 ne
306 562 344 621 er
366 545 486 609 ineerta
509 550 539 609 et
560 542 717 623 inopinata
741 562 797 625 spe
819 543 940 624 predari
968 542 1121 625 propheta
1151 545 1383 621 existimaretur,

241 648 380 731 primum
403 647 658 725 misericordiam,
682 645 797 713 dehinc
814 646 947 713 salutare
962 656 1192 727 oommemorat
1214 658 1280 715 tum
1297 647 1385 715 tertio

242 751 389 821 subiecit:
414 752 633 816 seeundum
656 750 821 816 uerbum
844 760 961 829 tuum,
976 758 1012 817 ut
1026 750 1108 818 hane
1122 753 1230 818 orandi
1240 753 1384 819 fiduciam

203 855 397 938 sprofieisoi
431 856 602 921 seeundum
636 853 765 920 uerbum
803 854 864 929 dai,
902 855 934 919 id
973 862 1021 922 est
1056 876 1094 921 er
1132 856 1271 923 doctrina
1307 857 1386 943 legis

243 960 429 1027 ostenderet.

286 1064 315 1129 d.
339 1064 415 1129 Post
436 1062 518 1129 huno
541 1063 646 1147 itaque
669 1062 814 1145 perieotse
848 1061 993 1129 orationis
1014 1064 1155 1129 ordinem
1179 1064 1211 1131 id
1232 1064 1386 1148 sequitur:

243 1175 283 1235 et
305 1168 562 1249 respondebo
585 1168 935 1247 exprobrantibus
968 1166 1069 1234 mihi
1092 1168 1269 1247 uerbum,
1293 1170 1386 1253 quia

243 1272 407 1353 sperani
431 1272 468 1337 in
492 1270 631 1338 uerbis
666 1271 755 1337 tuis.
802 1277 887 1337 tenet
907 1272 1048 1337 ordinem
1073 1272 1152 1337 ratio
1175 1272 1328 1353 perfeeto:
1352 1274 1387 1344 si..

191 1402 216 1440 ro
243 1376 352 1460 inquit,
375 1377 407 1441 in
430 1396 481 1441 me
503 1376 607 1441 ueniat
629 1375 840 1440 misericordia
863 1381 916 1439 tua
937 1382 970 1440 et
997 1372 1134 1441 miniato
1164 1382 1248 1441 tunm
1278 1394 1388 1442 secun·

242 1481 319 1547 dum
341 1481 472 1545 uerbum
495 1486 581 1545 tuum
604 1484 636 1544 et
657 1500 676 1543 a
699 1486 729 1544 te
751 1476 840 1544 suero
863 1478 1109 1545 misericordiam
1143 1486 1326 1546 oonseontus
1358 1490 1388 1546 et

242 1589 315 1649 ate
338 1590 547 1660 massmanno,
568 1590 603 1647 nt
630 1582 833 1664 spopondisti,
863 1601 1059 1667 consequens
1088 1584 1157 1665 orit,
1187 1590 1222 1648 ut
1243 1584 1303 1661 his,
1333 1584 1388 1668 qui

242 1687 452 1769 insipientiam
476 1686 553 1751 mihi
576 1692 607 1753 et
629 1706 766 1753 errorem
790 1687 856 1767 spei
879 1692 912 1752 et
934 1687 1063 1753 uerbum
1086 1685 1154 1764 hoe,
1185 1688 1269 1771 quod
1298 1688 1328 1753 in
1360 1695 1389 1754 te

243 1812 343 1873 spero,
381 1791 575 1872 exprobrant,
613 1792 828 1872 respondeam.
872 1790 947 1875 quid
979 1789 1085 1884 itaque
1121 1792 1273 1857 aduersus
1305 1790 1389 1857 hane

192 1918 219 1959 ra
246 1894 405 1977 prophetae
436 1896 669 1977 responsionem
701 1895 887 1975 exprobrare
921 1894 1100 1979 inreligiosa
1133 1914 1222 1960 mens
1252 1895 1390 1976 poterit?

216 1996 457 2067 'misericordia
487 2000 622 2079 primurn
652 2006 796 2064 oratura
824 1998 892 2075 deo,
923 1997 1007 2078 sal-ns
1037 1999 1131 2064 etiam
1161 2006 1344 2080 expectatur
1372 2020 1389 2063 a

244 2104 319 2181 deo;
343 2104 455 2169 deinde
478 2122 548 2167 eam
571 2104 775 2187 spopondisse
796 2123 850 2183 per
864 2103 992 2168 uerbum
1008 2123 1098 2169 suum
1114 2104 1190 2169 deus
1205 2104 1388 2169 ostenditur.

243 2206 433 2274 uoneluditur
455 2208 558 2291 itaque
581 2207 830 2287 exprobrantium
853 2208 997 2288 impietas
1024 2207 1063 2271 ab
1096 2206 1154 2286 his,
1186 2208 1239 2291 qui
1273 2208 1307 2272 in
1338 2208 1388 2273 dei

242 2310 347 2377 uerbis
370 2319 509 2392 sperant:
533 2331 603 2377 enm
627 2312 750 2395 quando
773 2311 851 2377 deus
873 2312 1068 2391 praedicetur,
1092 2316 1125 2376 et
1143 2311 1389 2377 misericordiam

192 2435 217 2475 ao
244 2421 276 2480 et
298 2414 428 2481 salutem
452 2416 491 2480 ab
515 2436 550 2481 eo
574 2415 768 2481 credentium
791 2414 871 2480 fides
893 2422 1006 2495 sperat,
1030 2422 1062 2480 et
1080 2416 1222 2480 doctrina
1237 2415 1304 2481 haee
1319 2416 1389 2497 spei

243 2526 355 2584 nostrae
379 2520 427 2596 sit,
451 2526 485 2584 ut
503 2525 611 2584 oratus
634 2524 665 2583 et
688 2520 871 2584 misereatur
894 2527 923 2584 et
945 2517 1052 2584 salust

287 2622 318 2687 4.
342 2622 630 2706 Dehinosequitur:
654 2630 693 2687 et
715 2642 761 2687 ue
785 2622 948 2689 auferas
968 2623 1015 2687 de
1037 2643 1104 2688 ore
1120 2624 1389 2689 meouerbnm

244 2726 439 2792 ueritatis
462 2747 755 2810 usquequaque
779 2728 917 2804 nimis;
941 2729 1035 2810 quie
1054 2726 1282 2792 iniudieiis
1306 2728 1388 2793 tuis

244 2830 416 2910 sperani.
462 2832 593 2911 accipiat
616 2830 751 2895 humana
773 2830 937 2897 insolentia
959 2830 1141 2895 humilitatis
1165 2832 1388 2915 modestiaeque

191 2954 217 2993 aa
244 2935 424 3000 doctrinam.
469 2935 554 3015 prius
569 2934 718 3016 propheta
737 2935 864 3001 oonuedi
879 2934 939 3000 sibi
955 2941 1030 3011 orat
1053 2954 1148 3018 quam
1163 2954 1198 3001 se
1212 2936 1243 3000 id
1261 2936 1387 3002 mereri.

243 3044 275 3103 ut
295 3038 437 3104 obtineat.
455 3040 599 3105 ostendit.
644 3040 748 3103 omnia
771 3038 837 3103 uuit
858 3059 876 3102 a
899 3038 1035 3104 bonitate
1057 3039 1106 3104 dei
1129 3039 1160 3103 in
1180 3059 1216 3105 se
1230 3038 1389 3116 inchoari3

288 3164 299 3214 1
319 3160 413 3215 inooat
430 3178 461 3214 ex
478 3160 575 3215 ineoae
593 3180 625 3214 m.
646 3160 665 3213 2
689 3162 714 3215 V
762 3161 936 3229 depromitis
961 3161 1008 3214 VR
1059 3163 1119 3215 iet
1137 3176 1172 3215 ex
1190 3160 1335 3229 inopinata
1349 3163 1388 3231 Cp

243 3254 271 3303 st
296 3264 330 3302 ex
354 3248 465 3317 opinata
490 3248 514 3301 V
561 3249 688 3317 praecari
711 3248 760 3303 VR
787 3259 811 3303 et
836 3251 873 3302 sic
898 3250 1046 3320 saepissime
1097 3250 1165 3302 dut
1191 3247 1263 3302 hane
1290 3266 1341 3302 ons.
1367 3248 1391 3300 V

161 3326 165 3335 ’
243 3335 431 3391 dasoundam
448 3334 603 3389 doctrinam
622 3336 692 3405 legia
707 3336 745 3407 Op
798 3335 1236 3389 doatenderetexostenderitii
1289 3336 1390 3403 'lpost

242 3422 316 3476 huno
326 3422 412 3491 igitur
422 3422 532 3490 itaquae
541 3422 681 3491 perfectae
696 3422 729 3476 V¹
783 3422 929 3491 bsperabi
943 3422 978 3475 1⁷¹
1030 3421 1168 3491 perfectae
1184 3420 1218 3475 V¹
1273 3422 1308 3477 10
1324 3437 1390 3477 eue-

241 3508 302 3563 niat
325 3509 350 3562 V
365 3508 457 3563 ueniet
473 3528 494 3579 p
512 3508 622 3563 uenerit
637 3510 665 3561 Ε
717 3508 740 3563 dt
758 3527 775 3563 a
793 3510 909 3564 salutari
928 3508 966 3576 (dt
984 3527 1001 3563 a
1018 3511 1046 3563 in
1063 3527 1116 3563 ros.
1129 3508 1162 3575 3)
1176 3508 1202 3562 R
1254 3514 1390 3562 tuazez

242 3648 372 3702 tonza
426 3650 456 3701 11
477 3652 604 3702 etanta
623 3602 889 3702 conseruatusu²v
938 3645 1217 3716 laquiadn.m.21'
1268 3649 1301 3702 la
1318 3647 1389 3701 insi·

242 3732 452 3800 pientiamihiR
504 3740 532 3788 et
550 3740 686 3789 terrorem
710 3736 735 3787 V
787 3738 820 3789 14
837 3734 1022 3804 respondeant
1041 3735 1065 3788 V
1115 3734 1182 3803 quid
1200 3736 1261 3787 odd.
1278 3754 1312 3788 m.
1331 3733 1394 3787 2V

243 3820 276 3871 15
294 3819 451 3889 irreligiosa
466 3822 516 3891 pE
566 3824 599 3876 16
617 3820 826 3875 missericordia
844 3823 870 3876 R
896 3832 920 3875 et
945 3824 982 3875 sic
1000 3824 1065 3891 sere
1081 3840 1182 3893 seraper
1234 3823 1268 3875 1⁷
1286 3820 1391 3875 deinde

242 3904 327 3959 etiam
348 3908 371 3960 Ο
384 3906 485 3961 deinde
504 3924 568 3961 oum
594 3908 739 3963 Virinde
757 3926 818 3962 eam
833 3928 855 3979 p
873 3914 902 3962 et
919 3908 1094 3963 deindeeam
1107 3909 1135 3961 Ε
1186 3910 1220 3963 18
1237 3901 1269 3961 di
1280 3910 1344 3961 odd.
1356 3926 1390 3960 m.

243 3990 263 4043 2
295 3993 320 4117 ἴ
378 3996 411 4047 19
435 4010 498 4047 eum
522 3994 631 4062 quando
655 3999 683 4049 et
709 3994 743 4049 ds
769 3995 793 4048 V
842 4000 972 4064 precatur
991 3995 1020 4049 E
1078 3998 1114 4051 20
1136 3994 1207 4050 fides
1224 4012 1255 4049 ea
1271 3992 1338 4048 fidis
1363 3995 1390 4048 R

242 4132 276 4185 22
311 4132 391 4185 neit
442 4134 477 4186 st
495 4133 717 4202 modestiaeqnae
733 4130 793 4186 VR¹
846 4134 881 4187 26
899 4133 1023 4201 optineat
1042 4134 1068 4186 R
1085 4132 1210 4188 obtineat
1229 4132 1258 4187 id
1282 4133 1307 4185 V
1359 4132 1390 4186 id

243 4235 271 4271 se
287 4217 411 4272 inchoari
435 4219 465 4272 V.
