3075 4967
268 335 329 401 166
612 335 726 390 saneti
751 334 883 390 Hilarii
907 335 1064 404 episcopi

266 546 339 592 earu
361 527 524 609 redempta
547 527 577 590 in
602 517 725 591 Christo
749 526 798 602 sit,
822 536 856 590 ut
878 531 1028 608 resurgat,
1059 531 1090 590 et
1111 544 1235 590 omnem
1259 526 1409 590 adsistere

267 636 337 696 anto
360 630 494 696 tribunal
518 630 583 696 eins
605 649 732 695 neeesse
755 629 804 707 sit,
838 647 899 694 non
934 637 1036 694 tamen
1071 629 1215 694 omnibus
1250 628 1349 713 gloria
1380 636 1412 693 et

268 735 365 801 honor
387 742 436 801 est
458 737 650 816 promiscuus
672 735 868 818 resurgendi.
914 733 1025 818 quibus
1048 753 1123 818 ergo
1157 739 1275 798 tantum
1311 753 1411 799 resur-

267 839 371 918 rectio,
396 859 454 904 non
480 839 572 905 etiam
596 839 763 905 demutatio
786 845 834 904 est-
856 838 979 904 tributa.
1002 837 1035 902 hi
1051 836 1209 903 saluant-ur
1222 838 1253 902 in
1267 835 1410 902 nihilum.

229 945 298 1010 nin
323 944 369 1008 ira
391 944 474 1009 euim
498 944 688 1009 deducentur
721 943 753 1007 hi
788 942 901 1024 populi,
936 942 1047 1026 quibus
1081 942 1121 1008 ad
1155 961 1255 1023 poeum
1285 961 1412 1007 sensum

268 1047 349 1113 salus
380 1048 615 1114 resurrectionis
649 1055 697 1114 est
731 1048 912 1125 constituta;
935 1069 953 1111 a
977 1065 1037 1130 qua
1070 1047 1116 1111 ira
1147 1047 1323 1128 eripiendos
1357 1065 1414 1110 nos

267 1152 422 1234 apostolus
445 1150 605 1234 pollicetur
628 1153 750 1217 dicens:
786 1152 971 1236 quoniam
1003 1151 1046 1230 si,
1069 1171 1151 1216 oum
1176 1150 1305 1216 adhue
1326 1169 1414 1232 pea-

266 1263 430 1323 eatores
454 1276 645 1335 essemus,
670 1255 861 1322 Christus
884 1275 953 1337 pro
976 1255 1094 1321 nobis
1129 1262 1309 1321 mortuns
1342 1261 1413 1328 est,

269 1360 393 1426 multo
415 1361 545 1445 magis
568 1360 798 1426 iustifieati
823 1362 859 1425 iu
884 1361 1086 1444 sanguine
1116 1361 1202 1425 eius
1233 1359 1414 1424 saluabi·

215 1492 240 1528 ιο
269 1484 351 1530 mur
383 1485 455 1546 per
488 1484 571 1530 eum
607 1466 652 1530 ab
677 1466 745 1529 ira.
789 1485 845 1546 pro
867 1464 1078 1545 peecatoribus
1102 1464 1196 1548 igitur
1218 1463 1257 1528 ad
1280 1463 1414 1528 salutem

267 1569 499 1634 resurrectionis
533 1577 581 1635 est
614 1575 759 1647 mortuus,
794 1569 850 1634 sed
885 1567 1093 1634 sanctificatos
1115 1569 1146 1632 in
1171 1567 1324 1652 sanguine
1357 1588 1415 1632 suo

267 1671 401 1739 saluabit
425 1674 463 1738 ab
487 1673 541 1738 ira

311 1776 341 1843 8.
365 1777 506 1862 Denique
529 1797 584 1858 pro
607 1777 703 1844 nihilo
727 1778 846 1859 populis
869 1777 994 1843 saluatis
1010 1778 1087 1842 etin
1104 1778 1150 1842 ira
1165 1778 1307 1842 deductis
1323 1797 1415 1858 spem

267 1882 339 1947 uitae
363 1901 425 1947 suae
450 1893 573 1947 sanetus
596 1881 648 1947 hie
679 1883 799 1948 nuntiat
832 1882 955 1948 dicens:
991 1885 1097 1958 deus,
1130 1882 1254 1947 uitam
1288 1901 1419 1945 meam

216 2009 241 2046 n
268 1987 456 2052 nuntiaui
481 1986 570 2065 tibi,
594 1987 771 2068 posuisti
796 1985 990 2052 lacrimas
1013 1986 1420 2066 measiuoonspeotu

267 2096 338 2169 tuo,
370 2090 477 2156 siout
507 2091 544 2155 in
580 2092 855 2172 promissione
878 2098 953 2156 tua.
1000 2091 1113 2175 dignus
1135 2090 1339 2171 promissione
1363 2091 1417 2155 dei

267 2199 314 2260 est
346 2196 385 2260 ob
420 2196 624 2261 constantiam
659 2196 849 2277 praedicandi
874 2203 904 2261 et
926 2197 965 2261 ob
998 2196 1142 2260 meritum
1176 2214 1237 2259 non
1272 2196 1421 2260 tacendi:

267 2298 404 2365 laorimae
426 2299 508 2364 enim
533 2320 605 2379 sum,
640 2319 715 2384 quos
749 2299 798 2367 uel
828 2320 884 2381 pro
913 2319 947 2365 se
970 2298 1122 2381 propheta
1154 2297 1205 2364 nel
1238 2319 1293 2380 pro
1323 2299 1422 2364 nobis

268 2401 409 2468 dominus
432 2403 576 2484 profudit,
599 2404 630 2468 iu
655 2404 705 2469 dei
728 2410 799 2469 sunt
832 2411 1005 2484 conspeetu,
1040 2402 1196 2488 legatione
1230 2422 1335 2468 earum
1374 2406 1420 2468 ad

217 2527 241 2564 ao
269 2505 445 2584 obtinenda,
470 2527 539 2592 quae
562 2510 638 2574 deus
661 2508 811 2589 promisit,
833 2528 953 2573 usurus.

312 2609 341 2675 9.
366 2609 427 2676 Sed
451 2631 484 2677 se
506 2613 637 2696 gratiam
660 2619 784 2678 {aterum
817 2612 1030 2693 promissionis
1053 2611 1166 2676 inituro
1196 2611 1312 2675 inimici
1344 2612 1421 2678 eins

268 2721 487 2781 oonnertentur
508 2721 683 2795 retrorsum,
707 2723 748 2795 ut,
774 2737 833 2800 quo
849 2718 879 2781 in
903 2717 945 2781 ira
971 2718 1204 2795 deducerentur,
1224 2716 1421 2782 ostenderet

268 2820 300 2884 id
317 2820 398 2884 euim
415 2821 570 2906 sequitur:
594 2826 891 2887 conuertentur
913 2821 1068 2886 inimici
1085 2820 1423 2895 meiretrorsum,

268 2923 306 2987 in
330 2942 580 3008 quecumque
610 2925 674 2990 die
699 2926 946 2991 inuocauero
969 2931 1014 2990 te.
1059 2923 1110 2990 illo
1134 2925 1226 2990 deum
1250 2924 1425 2991 inuooaute

217 3044 242 3083 π
270 3027 312 3092 illi
337 3047 380 3106 eo,
404 3029 486 3094 unde
502 3030 714 3110 processerint,
739 3036 971 3095 eonuerteutur:
996 3029 1169 3094 deducente
1184 3048 1238 3094 eos
1254 3027 1303 3093 dei
1321 3027 1372 3092 ira
1391 3040 1426 3095 et

268 3137 426 3213 resumpto
448 3133 488 3199 ad
511 3152 619 3214 poeuas
641 3152 769 3215 oorpore
795 3134 959 3215 puniendo.

315 3236 364 3302 10.
390 3236 452 3302 Sed
475 3237 536 3302 illis
559 3239 598 3302 ad
622 3239 823 3304 eternitatem
848 3257 947 3320 poenoe
977 3238 1008 3302 in
1031 3238 1184 3303 infernum
1219 3241 1289 3318 poet
1312 3256 1426 3303 resur·

269 3341 433 3406 rectionem
457 3343 590 3407 reuersis
624 3342 675 3408 hio
699 3341 800 3408 officio
823 3342 1038 3428 gratulationis
1071 3362 1135 3406 suae
1158 3341 1304 3425 fungitur,
1341 3342 1426 3408 dum

270 3446 326 3510 ait:
362 3465 457 3512 eoae
481 3447 662 3530 eognoui,
694 3446 787 3530 quia
822 3448 917 3512 deus
952 3466 1061 3511 meus
1085 3466 1125 3511 es
1149 3451 1196 3523 tu,
1219 3456 1256 3510 et
1279 3445 1317 3508 in
1342 3445 1427 3514 deo

314 3624 329 3674 7
349 3622 427 3676 Rom.
447 3621 480 3688 V,
499 3623 522 3675 8.

314 3779 429 3831 2neees
460 3778 496 3832 sit
527 3779 552 3831 R
614 3777 752 3832 dhonene
781 3779 807 3830 P
865 3777 940 3831 ahii
967 3778 1019 3830 ΒΤ
1079 3778 1184 3832 dirum
1215 3775 1239 3825 Τ
1296 3777 1339 3830 hii
1373 3782 1430 3835 ΒΤ

271 3864 371 3918 9iusti
396 3865 459 3917 Vre
514 3867 545 3920 lt
564 3866 633 3947 iram
654 3866 678 3917 T
733 3865 897 3918 renunciat
921 3865 972 3917 RT
1027 3867 1058 3919 18
1076 3881 1127 3932 pro
1145 3882 1175 3917 se
1192 3864 1299 3932 profeta
1319 3865 1347 3917 R
1372 3885 1430 3936 per

272 3985 300 4022 se
325 3967 491 4036 prophetae
561 3971 595 4024 20
619 3969 769 4038 optinenda
789 3970 841 4022 Rl'
908 3969 1075 4022 iussurusR
1143 3971 1174 4022 at
1199 3969 1233 4021 ad
1252 3968 1382 4037 grat-iam
1403 3973 1432 4026 Τ

272 4055 423 4108 ituroPTa
476 4057 555 4110 aaut
568 4055 606 4124 qd
620 4057 646 4108 P
696 4056 724 4109 in
737 4055 842 4108 ira'aRP
891 4057 1431 4113 ffloonuertauturetoouuerteuturll

272 4145 469 4196 conuertentur
489 4143 524 4196 Pe
576 4146 611 4197 25
623 4142 790 4196 deducentes
802 4140 836 4194 P¹
846 4143 1007 4196 deducentis
1018 4139 1080 4195 ΡΤ
1131 4143 1165 4197 26
1182 4141 1366 4209 puuiendoR
1379 4145 1431 4210 (de

272 4229 324 4283 att.
348 4231 456 4298 pernnd.
483 4247 539 4283 cum
564 4232 658 4300 partic.
684 4247 770 4300 prees.
797 4231 929 4282 coniuncto
956 4229 989 4293 of.
1017 4229 1139 4299 Drueper
1174 4231 1246 4297 Synt-
1278 4229 1317 4298 11,
1347 4231 1430 4298 8⁴9)

272 4315 426 4385 puniendos
446 4316 497 4368 PE
512 4317 645 4386 puniendi
664 4317 688 4368 T
741 4317 774 4370 27
792 4332 880 4384 poene
903 4318 928 4369 R
980 4319 1015 4372 28
1032 4313 1150 4396 offioioio
1170 4317 1202 4369 Τ.
