3075 4967
313 251 376 318 288
659 251 776 306 saneti
793 251 932 305 Hilarii
950 253 1114 335 epis-copi

311 442 384 508 lieet
405 443 438 506 in
460 442 603 507 omnibus
625 461 705 506 unus
729 447 821 525 atquo
843 441 927 506 idem
951 451 1033 508 esset
1055 444 1189 524 spiritus,
1216 467 1447 513 numerosamm

312 553 414 611 tamen
438 547 589 611 uirtutum
611 545 679 610 fieri
702 545 898 619 montionem,
922 546 994 629 qnia
1009 548 1051 612 od
1065 547 1326 628 pulchritudinem
1343 553 1447 617 domus

311 652 378 732 ipse
400 651 548 715 uirtutum
568 649 666 732 spolia
686 651 847 716 diuideret.
892 651 931 715 ad
948 651 1085 717 ooolssiae
1101 653 1186 718 enim
1201 655 1297 720 deons
1313 656 1447 722 domante

312 756 350 820 ab
374 754 424 820 his
447 753 569 820 diabolo
598 762 629 819 et
658 755 799 839 gentium
829 753 928 836 spolia
958 756 1139 822 diuiduntur
1172 765 1264 842 atque
1299 760 1392 825 etiam
1414 782 1449 826 er

271 887 284 924 a
311 858 362 924 his
384 858 491 940 spoliis
514 860 625 924 domus
647 857 842 940 pulchritudo
864 859 1031 940 perficitur,
1053 879 1125 926 oum
1147 861 1180 926 in
1203 865 1380 930 sacerdotes
1403 865 1449 930 doi

312 964 351 1028 ad
381 963 545 1028 ministerii
576 962 852 1028 sanctificationem
886 964 925 1028 ab
960 964 1023 1029 aris
1056 965 1242 1050 templisque
1275 967 1449 1034 damonum

312 1065 533 1133 abstrahuntur
563 1073 731 1151 sanctoque
755 1067 865 1148 spiritu
894 1068 1019 1153 inrigati
1049 1069 1299 1154 euangelizantss
1332 1071 1446 1139 effecta

311 1177 383 1236 sunt
405 1171 508 1239 dilecti
531 1191 600 1236 esso
622 1171 760 1238 uirtutes.

358 1275 404 1340 13.
430 1273 481 1341 Ad
505 1273 563 1340 has
587 1275 670 1342 onim
694 1277 819 1341 easdem
851 1276 989 1355 uirtutes,
1019 1298 1090 1362 quse
1121 1281 1161 1344 ad
1189 1279 1450 1364 pulchritudinem

260 1408 285 1444 a
312 1381 424 1445 domus
445 1379 496 1444 uel
519 1379 616 1460 spolia
645 1380 787 1445 diuident
807 1379 858 1445 uel
880 1383 956 1462 ipsae
980 1390 1052 1448 sunt
1073 1383 1180 1465 spolia,
1204 1385 1329 1450 diuinus
1352 1405 1451 1452 sermo

312 1505 345 1550 so
377 1483 494 1549 rettulit
516 1483 640 1548 dioens:
672 1484 704 1548 si
736 1484 954 1552 dormiatis
983 1486 1093 1553 inter
1122 1489 1279 1554 medios
1309 1488 1450 1565 eleros,

311 1589 442 1669 pinnae
465 1587 659 1653 oolumbae
688 1589 977 1673 deargentatae,
1008 1597 1046 1655 et
1074 1593 1311 1671 posteriora
1340 1594 1449 1658 dorsi

312 1693 399 1756 eius
433 1693 472 1756 iu
505 1692 723 1757 niriditato
762 1694 859 1758 auri.
905 1693 1074 1775 prophetiae
1111 1702 1184 1761 uota
1220 1704 1300 1774 sunt
1338 1698 1450 1780 quibus

310 1815 436 1862 manere
460 1797 492 1861 in
513 1797 624 1862 mediis
647 1796 739 1862 oloris
762 1797 830 1862 haeo
852 1799 892 1863 ad
914 1797 1175 1879 pulchritudinem
1205 1802 1316 1866 domus
1351 1802 1451 1867 diuisa

259 1925 284 1964 ra
312 1900 409 1982 spolia
432 1907 562 1981 exoptat,
585 1907 740 1985 utusque
764 1902 804 1966 ad
826 1903 1099 1968 eonsummationis
1123 1925 1187 1970 suae
1207 1907 1291 1970 diem
1315 1907 1454 1989 -quia

311 2005 482 2089 significari
517 2025 601 2070 mors
632 2002 727 2070 soleat
760 2006 792 2069 in
816 2025 924 2071 somno
948 2008 1044 2072 —in
1079 2009 1191 2073 domus
1223 2008 1452 2090 pulchritudine

310 2117 519 2191 personarent.
564 2110 617 2193 qui
641 2110 768 2193 quidem
792 2110 918 2174 suntin
940 2130 1033 2176 usum
1049 2111 1275 2192 pradicationis
1291 2121 1451 2196 tamquam

311 2214 521 2298 deargentata
544 2213 646 2294 pinnae
669 2211 829 2290 columba,
857 2215 891 2278 id
913 2222 960 2279 est
982 2217 1080 2280 saneti
1104 2216 1231 2296 spiritus
1253 2236 1385 2282 munero
1407 2239 1453 2282 or·

310 2326 446 2402 natuque
469 2319 604 2399 pretiosi.
648 2316 752 2422 inlhis
787 2325 898 2392 autom,
922 2339 992 2402 quas
1024 2326 1094 2400 post
1128 2339 1180 2385 eos
1214 2328 1293 2400 sunt
1324 2322 1358 2386 in
1388 2321 1451 2386 auri

259 2444 284 2482 ao
311 2423 467 2488 uiriditate
490 2423 666 2501 consistent,
689 2430 723 2487 ut
745 2422 795 2487 his
817 2437 887 2504 post
907 2423 1159 2504 pradicationem
1182 2424 1337 2508 euangelii
1357 2425 1453 2490 honor

311 2527 415 2610 regius
438 2534 468 2592 et
490 2526 646 2592 indefessa
668 2527 824 2594 aeternitas
848 2547 885 2592 er
907 2528 1103 2594 eonscientiae
1126 2549 1191 2593 suae
1213 2527 1315 2594 fruotn
1337 2530 1370 2594 in
1386 2532 1451 2594 auri

310 2631 464 2696 uiriditate
498 2632 659 2697 reddatur:
694 2632 769 2696 dum
804 2638 835 2696 et
868 2652 976 2696 aurum
1005 2631 1139 2697 retertur
1173 2632 1213 2698 ad
1246 2631 1398 2700 honorem
1421 2641 1451 2698 ot

310 2736 341 2799 in
376 2733 532 2800 uiriditate
564 2737 655 2820 uigor
688 2743 823 2802 aeternus
855 2736 1034 2802 ostenditur.
1079 2738 1312 2817 posteriora
1346 2738 1449 2821 itaque

312 2840 432 2917 dorsi,
455 2859 524 2922 quae
547 2839 843 2920 intersoapilia
872 2841 975 2924 magis
998 2860 1121 2925 graeous
1151 2861 1254 2906 sermo
1284 2841 1450 2926 signifieat,

259 2961 284 2998 ne
311 2943 343 3008 id
392 2955 439 3008 est
483 2964 552 3027 quae
592 2945 681 3010 bonae
730 2944 925 3010 oonsaientiae
972 2951 1065 3028 atque
1110 2945 1236 3010 honoris
1281 2946 1450 3025 posteriora

357 3172 369 3222 l
389 3174 435 3238 sps
453 3169 670 3241 supraemos?
688 3171 714 3223 P
763 3170 941 3225 nomerosard
959 3170 996 3224 Ρι
1048 3173 1065 3223 2
1083 3171 1131 3240 qui
1149 3172 1185 3224 ad
1207 3171 1233 3225 V
1280 3172 1378 3240 dipsa
1395 3172 1451 3225 uir·

311 3257 364 3310 tuti
396 3256 422 3309 V
443 3257 503 3325 ipse
526 3257 639 3310 uirtutis
666 3257 745 3310 ΡΤΕ
768 3258 844 3326 ipsae
870 3258 989 3312 uirtutes
1012 3261 1078 3312 coni.
1102 3259 1199 3313 Bened.
1217 3261 1245 3311 in
1262 3261 1325 3313 oda.
1380 3258 1450 3312 diui·

310 3345 408 3397 derant
434 3345 499 3396 coni.
526 3344 623 3397 Bened.
676 3345 811 3398 aeclesiae
840 3345 862 3398 l'
917 3345 1065 3399 ddiabolo
1082 3373 1117 3382 -
1134 3361 1170 3400 ex
1195 3344 1239 3398 his
1266 3362 1314 3398 om.
1351 3346 1377 3398 V
1423 3353 1449 3397 et

311 3442 369 3484 nate
395 3432 521 3499 gentium
546 3449 616 3501 supr.
643 3449 691 3484 scr.
720 3433 745 3482 T
769 3449 818 3485 om.
847 3433 874 3483 E
925 3432 995 3486 dad
1021 3432 1183 3487 ministeriis
1208 3431 1257 3484 VP
1307 3432 1400 3485 dsint
1426 3431 1449 3482 R

310 3518 406 3570 dilecti
433 3535 463 3570 ea
488 3515 590 3570 dilecte
614 3517 640 3569 P
691 3521 725 3572 10
742 3518 801 3586 ipss
820 3518 846 3571 R
863 3518 925 3587 ipsa
948 3517 973 3572 V
1023 3535 1114 3572 sermo
1142 3537 1172 3573 a
1198 3534 1289 3572 sermo
1316 3519 1448 3572 sermolt

311 3607 342 3657 ll
362 3605 458 3658 retulit
482 3602 621 3657 V¹RPTE
671 3605 744 3658 inter
770 3604 877 3658 medios
904 3623 934 3658 es
959 3605 989 3657 in
1015 3605 1107 3658 medio
1125 3624 1159 3659 m.
1177 3604 1195 3656 1
1213 3605 1240 3658 lt
1294 3606 1326 3657 12
1344 3621 1447 3673 pennae

310 3693 414 3744 RVFE
466 3693 498 3745 13
513 3689 655 3744 uiriditate
682 3711 712 3745 ex
738 3689 856 3745 uiditate
881 3691 933 3744 PT
983 3691 1134 3760 prophetae
1162 3693 1199 3744 Ta
1253 3694 1286 3745 14
1303 3691 1393 3745 diuisa
1418 3709 1447 3742 rr

310 3779 421 3832 diuinae
439 3797 471 3830 m.
490 3777 553 3830 21⁷
603 3781 635 3832 16
653 3777 749 3831 domus
768 3797 799 3831 ea
816 3779 912 3831 domos
930 3778 957 3830 P
1005 3777 1242 3846 pulchritudinem
1256 3778 1281 3831 V
1332 3780 1366 3832 18
1381 3794 1445 3846 pen·

310 3883 360 3919 nae
380 3865 458 3917 PTE
491 3869 536 3932 sps
555 3869 598 3918 sde
622 3865 645 3918 V
698 3867 729 3918 19
747 3865 880 3934 praetiosi
894 3865 943 3919 VR
994 3869 1059 3933 post
1076 3884 1147 3936 supr.
1164 3883 1214 3919 scr.
1234 3866 1259 3918 Τ
1310 3867 1345 3920 20
1360 3863 1446 3917 honor

310 3951 447 4006 siusetV
495 3953 529 4004 22
538 3956 567 4004 et
576 3958 750 4006 aurumoaeet
760 3951 790 4005 in
799 3953 933 4005 aummR
984 3954 1019 4007 23
1027 3952 1171 4005 uiriditate
1181 3950 1241 4018 (om.
1250 3951 1291 4018 in)
1302 3953 1342 4004 To
1351 3949 1444 4004 uiridi-

311 4040 375 4092 tatis
404 4057 433 4092 aa
459 4037 572 4092 uiritate
599 4057 631 4090 m.
658 4037 722 4091 21³
771 4039 864 4092 uictor
887 4039 913 4092 V
960 4042 996 4093 24
1013 4039 1196 4107 interscaplia
1222 4039 1249 4092 R
1272 4035 1443 4105 intersoaplia

312 4125 413 4193 (soapli
430 4128 458 4178 in
475 4143 528 4179 ras.
547 4125 584 4190 P)
609 4125 710 4178 VPTE
760 4128 795 4179 25
813 4125 842 4178 id
869 4144 899 4180 ea
922 4126 966 4180 iad
983 4127 1052 4180 m.1
1075 4127 1101 4178 V
1150 4142 1220 4194 quae
1246 4128 1307 4178 odd
1333 4123 1401 4178 aa?
1423 4122 1447 4175 l'

311 4217 366 4278 atq.
385 4211 496 4265 honoris
514 4231 585 4283 appr.
603 4230 652 4264 scr.
666 4213 691 4264 T
707 4213 814 4292 adquae
831 4212 949 4266 honores
975 4214 1002 4265 V.
