3075 4967
375 285 558 334 tractatus
577 282 611 334 in
629 281 801 349 psalmum
821 280 918 333 LXVI.
1155 279 1215 342 271

96 473 120 533 in
135 469 246 534 Christo
269 470 411 535 caelestes
434 477 520 548 sunt3
544 477 576 535 et
591 470 746 535 benedicti
762 477 842 548 sunt,
860 470 912 554 qui
929 469 1058 551 spiritali
1074 469 1219 534 benedic·

95 575 164 638 done
185 575 215 638 in
232 573 409 640 caelestibus
425 574 656 640 benedicuntur.
702 583 733 639 et
748 575 919 646 uideamus,
934 593 972 638 an
992 573 1219 640 benedictionis

94 679 169 742 istius
189 676 323 744 fructum
346 698 483 759 praesens
505 679 618 759 psalmi
641 679 737 743 oratio
760 679 953 759 deprecetur.

130 781 155 846 3.
176 782 248 846 Post
270 782 515 847 misericordiam
549 783 633 847 enim
656 790 687 847 et
716 781 965 848 benedictionem
998 783 1030 846 id
1064 782 1218 866 sequitur:

94 887 293 952 inluminet
322 885 478 951 uultum
508 906 618 951 suum
647 905 770 967 super
800 905 870 950 nos
903 892 941 950 et
970 886 1220 950 misereatur

92 993 202 1056 nobis
236 990 453 1056 benedictione
476 990 526 1056 dei
548 1010 624 1071 opus
648 997 704 1069 est,
727 997 761 1056 ut
775 1010 832 1054 nos
850 989 951 1055 uultus
968 989 1032 1055 eius
1047 989 1219 1064 inluminet,

92 1104 119 1160 ut
137 1095 297 1160 tenebrosa
320 1095 415 1158 corda
442 1101 550 1159 nostra
571 1093 756 1179 cognitionis
787 1113 849 1159 suae
880 1093 985 1160 lumen
1015 1093 1157 1170 inradiet,
1189 1105 1221 1157 ut

93 1199 248 1264 maiestatis
279 1218 342 1262 suae
373 1197 499 1277 spiritus
521 1196 623 1262 lucem
653 1198 825 1262 obscuratis
854 1195 1076 1282 intellegentiae
1107 1203 1219 1262 nostiae

93 1303 219 1368 sensibus
242 1302 359 1367 tribuat
382 1307 414 1366 et
435 1300 561 1384 gloriari
584 1301 732 1382 deinceps
763 1301 864 1379 liceat,
900 1301 1054 1366 dicentes:
1087 1301 1220 1384 desig·

93 1413 212 1470 uatum
249 1415 312 1471 est
348 1425 471 1485 super
507 1425 578 1470 nos
615 1405 747 1469 lumen
784 1404 922 1470 uultus
957 1405 1013 1470 tui
1049 1403 1219 1469 domine.

93 1509 161 1576 hanc
181 1517 284 1575 autem
308 1508 576 1575 inluminationem
599 1508 701 1574 uultus
725 1510 771 1573 sui
802 1529 896 1591 super
923 1529 979 1574 nos
1009 1508 1222 1574 misericordia

92 1615 181 1694 ipsius,
214 1632 283 1697 quae
306 1613 338 1677 in
362 1614 483 1693 peccati
506 1613 688 1679 remissione
710 1614 742 1677 in
765 1613 855 1678 nobis
879 1622 926 1679 est
948 1618 1057 1693 cepta,
1080 1611 1220 1696 largitur.

92 1719 118 1783 in
136 1736 226 1801 quem
249 1728 354 1783 autem
376 1715 548 1797 profectum
581 1717 849 1782 inluminationem
873 1717 973 1782 uultus
997 1717 1048 1781 dei
1071 1735 1164 1800 super
1187 1735 1220 1781 se

93 1827 248 1900 precentur,
272 1839 591 1903 sermoconsequens
615 1821 712 1886 docet

127 1925 154 1989 l.
178 1925 227 1990 Ut
248 1944 546 2010 cognoscamus
567 1925 607 1989 in
631 1930 743 1990 terra
765 1924 870 1989 uiam
894 1931 1000 1990 tuam
1023 1929 1062 1989 et
1084 1924 1123 1988 in
1146 1944 1219 1988 om-

92 2028 197 2093 uibus
230 2029 423 2119 gentibus
457 2028 641 2094 salutare
675 2036 793 2093 tuum.
839 2029 1012 2094 interiectio
1046 2027 1219 2109 diapsalmi,

93 2132 143 2196 etsi
162 2133 391 2198 conuersionem
415 2152 556 2213 persona
578 2132 697 2210 adtulit,
721 2152 847 2198 sensum
871 2145 1057 2198 tamennon
1081 2132 1220 2196 demuta-

93 2235 137 2299 uit.
177 2255 256 2301 nunc
280 2235 366 2302 enim
390 2236 430 2300 ad
452 2256 521 2302 eum
546 2257 650 2302 sermo
673 2242 729 2313 est,
764 2237 817 2320 qui
841 2255 1042 2320 nuncusque
1066 2235 1219 2302 ineratin

93 2341 169 2405 uotis.
212 2343 293 2424 quod
317 2346 419 2406 autem
448 2340 481 2405 in
504 2339 608 2406 latinis
636 2339 724 2406 libris
752 2340 797 2405 ita
819 2341 977 2406 scribitur:
1007 2346 1048 2405 ut
1077 2359 1220 2424 cogno-

13 2528 14 2533 *
94 2461 235 2509 scamus
256 2445 295 2508 in
320 2444 551 2508 terraniam
569 2451 684 2521 tuam,
701 2444 732 2508 in
748 2443 996 2528 graecisitcest:
1020 2443 1082 2508 τοῦ
1096 2443 1221 2527 γνῶναι

95 2543 126 2607 lu
144 2548 181 2629 τῇ
202 2547 241 2630 γῇ
263 2541 424 2631 uladrico
447 2563 515 2612 ooo.
563 2547 644 2613 inter
665 2547 790 2632 γνῶναι
813 2555 844 2613 et
862 2566 1159 2634 cognoscemus
1189 2548 1221 2612 id

133 2669 309 2737 lhffil

13 2858 14 2863 =
131 2773 273 2893 linhxpo
301 2824 324 2891 (¹
363 2828 391 2878 in
404 2803 535 2896 principio
559 2844 649 2880 wara
674 2845 746 2898 supr.
774 2846 824 2880 acu.
842 2846 875 2880 uu.
894 2826 926 2892 2)
953 2828 976 2880 V
1021 2838 1084 2896 ‘post
1112 2827 1220 2882 Christo

95 2927 160 2962 noun.
177 2913 270 2966 lilleroe
288 2929 380 2965 noane
399 2913 425 2964 P
474 2911 614 2965 benedicti
632 2931 662 2966 en
679 2913 821 2967 benedicti
840 2911 905 2966 aa?
923 2914 947 2966 V
996 2916 1014 2966 2
1032 2917 1060 2967 et
1079 2913 1221 2967 uideamus

96 3013 121 3046 er
135 3001 160 3049 et
175 2998 240 3052 bene
257 2997 401 3052 uideamus
420 3017 453 3051 m.
471 2997 492 3050 2
512 2999 538 3051 V
586 2999 728 3053 diruetua
752 3000 778 3053 V
827 3000 981 3068 praesentis
1002 3001 1054 3052 PE
1104 3001 1176 3052 ratio
1196 2999 1222 3052 R

96 3084 337 3138 emisericordiam
360 3085 434 3139 enim
459 3088 487 3138 et
506 3103 553 3138 oni.
578 3085 603 3139 V
652 3088 670 3139 6
696 3086 889 3140 benedictione
909 3105 939 3140 eu
955 3086 1178 3140 benedictionem
1197 3087 1222 3138 ll

98 3168 228 3225 lirradicl
244 3172 324 3224 PTE
344 3170 461 3224 irradiet
479 3190 509 3224 ez
526 3171 643 3225 irradiat
669 3191 703 3225 m.
725 3172 742 3225 1
763 3173 790 3226 R
842 3175 859 3225 8
877 3173 1032 3226 obscuratis
1052 3191 1081 3226 ec
1099 3174 1222 3226 obscuri·

99 3255 154 3308 cetis
170 3256 201 3323 (l)
223 3259 248 3310 R
270 3257 481 3327 obscuritatise
535 3261 568 3313 la
586 3259 615 3311 in
642 3259 750 3327 peccati
778 3259 968 3313 remissionem
993 3260 1018 3313 V
1041 3260 1069 3312 in
1098 3259 1222 3327 peccatis

98 3342 267 3398 remissionem
286 3345 313 3397 P
363 3344 392 3397 in
409 3361 461 3398 nou
487 3346 510 3397 V
559 3349 621 3398 din
638 3363 691 3398 roa.
712 3346 737 3398 P
752 3345 824 3400 etV
876 3349 907 3400 13
923 3356 982 3416 post
1000 3361 1083 3414 super
1102 3362 1130 3399 se
1148 3343 1222 3398 3-4

99 3427 136 3478 lic.
158 3427 244 3498 (supll
270 3449 338 3484 eruo.
356 3432 383 3483 R
437 3434 470 3484 14
487 3438 654 3499 praecentur
676 3433 702 3485 V
724 3437 823 3501 peetur
842 3433 867 3485 R
920 3431 1222 3500 docel.diupsalma.ut

13 3564 14 3569 ,
98 3527 273 3581 cognoscamus
292 3518 372 3570 PTE
425 3521 456 3572 15
474 3517 504 3570 in
529 3519 659 3573 omnibus
687 3517 748 3584 (om.
768 3519 810 3584 cl)
837 3521 904 3572 RPb
959 3521 990 3573 17
1009 3535 1142 3587 personae
1166 3535 1221 3571 non

467 3613 547 3644 scmus
844 3606 915 3654 paoni

98 3653 175 3707 eludit
192 3653 303 3721 (adtulit
322 3654 369 3721 1²¹)
394 3656 434 3708 Po
451 3673 556 3724 paonae
573 3673 629 3710 non
647 3657 742 3710 attulit
762 3659 786 3710 Τ
839 3655 964 3711 sensiuT
1016 3664 1109 3711 tamen
1128 3657 1223 3710 demu-

99 3739 154 3792 lauit
170 3742 250 3795 Vrec
305 3744 338 3796 18
355 3742 391 3796 ad
409 3742 457 3795 dm
475 3759 566 3797 sermo
585 3748 627 3797 ast
650 3745 676 3797 V
690 3760 781 3798 sermo
807 3750 850 3798 est
869 3744 985 3797 adeum
1005 3745 1033 3796 Ε
1083 3743 1175 3797 suerat
1194 3761 1223 3797 ea

99 3827 167 3888 neat
190 3854 222 3890 m.
248 3837 265 3890 1
293 3837 319 3890 a
372 3839 406 3891 1o
423 3835 476 3889 aas
501 3857 572 3905 apr.
599 3856 648 3891 aa.
676 3839 702 3890 P
753 3839 857 3892 setar
905 3841 940 3892 ao
957 3827 1041 3892 ΤΟΥ
1064 3827 1221 3892 ΥΝωΝΑΙ

102 3922 1049 3998 stitturttllrlonomou·lateatuoucmmtlatrici(
1061 3931 1221 4000 (ΞΝωΝΑΙ

101 4035 237 4116 (maia
249 4050 478 4117 aououcuu·
489 4043 675 4132 interanea
690 4017 865 4119 ΝΑῶΝΑΥ
883 4067 908 4122 a
926 4083 973 4119 om.
992 4067 1041 4133 re,
1054 4068 1082 4119 a
1102 4067 1223 4121 romeu

102 4155 150 4212 leue
173 4175 227 4217 sunl
255 4169 351 4237 empto
379 4157 499 4241 (praeter
526 4155 696 4242 FNONlll),
721 4179 782 4239 post
808 4170 917 4222 oileum
946 4157 1092 4221 ΓΝΟΝΛΙ
1110 4170 1223 4239 apuliam

102 4249 159 4306 t-5
175 4258 217 4311 litt.
234 4278 359 4321 uacuum·
377 4263 554 4332 superscripto
573 4272 611 4315 eat
625 4265 804 4331 pronuntiatio
817 4281 908 4332 guone
921 4279 956 4316 cn
968 4264 990 4316 li
1003 4263 1032 4332 gi
1044 4263 1086 4317 tin
1099 4261 1170 4316 odon
1184 4279 1223 4314 su.

1249 1435 1272 1470 lo
