3075 4967
213 235 217 242 Ι
260 249 300 314 72
598 245 715 302 sancti
739 249 874 302 Hilarii
898 250 1061 318 episcopi

303 439 353 503 45.
377 438 602 522 Intellegentia
625 445 725 504 autem
749 437 840 503 huius
863 443 957 522 atque
979 439 1159 505 eruditionis
1172 461 1247 520 opus
1259 441 1403 505 continuo

260 543 411 625 propheta
433 542 571 617 subiecit,
595 543 716 608 dicens:
748 544 906 608 seruite
937 543 1098 608 domino
1129 545 1165 608 in
1197 545 1343 610 timore
1366 552 1404 609 et

261 647 442 712 exultate
465 667 549 710 oum
573 653 757 712 tremore.
803 667 864 711 non
887 667 1030 712 securum
1045 649 1159 728 patitur
1170 653 1221 712 aut
1232 647 1403 732 neglegens

261 773 329 818 esse
353 751 527 817 seruitium:
550 750 615 815 uult
637 751 668 814 in
691 752 775 815 omni
807 752 962 815 semitutis
993 750 1094 815 offioio
1124 752 1291 817 admisceri
1315 752 1404 816 timo

221 885 233 921 s
260 876 336 922 rem.
382 862 415 919 ut
438 857 521 920 enim
544 861 716 920 metuentes
740 856 821 919 serui
853 854 1031 938 diligentius
1062 854 1197 920 dominis
1227 855 1402 921 carnalibus

261 961 406 1035 seruiunt,
430 979 500 1023 oum
523 958 714 1025 uoluntatem
737 957 916 1024 sollertioris
939 959 1079 1042 obsequii
1095 971 1195 1024 metus
1216 958 1405 1042 obsequella

261 1065 414 1128 admixtus
438 1062 546 1138 elioiat,
584 1064 626 1128 ita
656 1067 688 1126 et
719 1063 776 1129 deo
806 1053 984 1139 seruientes,
1016 1064 1042 1127 si
1074 1065 1202 1128 timeant
1229 1083 1286 1144 per
1315 1064 1406 1127 inmi-

261 1173 386 1233 nentem
410 1167 560 1243 timorem,
582 1186 644 1232 non
660 1166 863 1251 neglegentes
879 1167 911 1230 in
926 1187 964 1231 ea
979 1180 1076 1242 erunt,
1093 1187 1184 1251 quam
1201 1168 1405 1248 susceperint,

261 1273 415 1338 seruitute.
460 1291 497 1335 ao
530 1291 569 1336 ne
604 1272 756 1355 tyrannici
792 1273 916 1336 terroris
947 1270 998 1335 hie
1028 1278 1130 1335 metus
1161 1291 1228 1336 esse
1263 1269 1406 1336 fidelium

210 1402 235 1438 10
262 1377 447 1454 crederetur,
463 1377 503 1440 nd
526 1376 567 1452 id,
591 1377 672 1458 quod
693 1376 825 1440 dixerat:
850 1376 1006 1440 seruite
1032 1377 1070 1438 in
1095 1376 1250 1456 timore,
1273 1376 1406 1440 adiecit:

262 1487 301 1546 et
323 1479 523 1546 exultate:
546 1487 581 1544 ut
603 1488 721 1544 metum
745 1481 903 1546 seruitutis
926 1480 1031 1563 gaudii
1049 1479 1193 1544 exultatio
1209 1485 1408 1559 temperaret,

261 1605 332 1649 oum
354 1587 421 1666 ipse
445 1587 538 1649 timor
561 1604 685 1649 oausam
710 1583 825 1648 laetitia
847 1604 903 1664 per
925 1584 1147 1649 conscientiam
1170 1583 1287 1648 seruitii
1301 1582 1407 1648 fidelis

254 1689 406 1778 ¹adferret.
430 1708 520 1770 porro
543 1695 656 1764 autem,
688 1707 726 1753 ne
748 1687 879 1754 libertas
901 1688 1008 1771 gaudii
1032 1686 1109 1752 fines
1132 1706 1276 1770 congruae
1299 1686 1408 1751 mode·

262 1793 387 1857 rationis
411 1793 581 1871 excederet,
605 1793 649 1857 ita
670 1791 823 1857 subdidit:
848 1791 1029 1857 exultate
1052 1793 1091 1855 in
1115 1797 1307 1869 tremore,
1330 1791 1410 1873 quia

210 1921 234 1958 ιι
262 1894 432 1978 periculosa
454 1898 495 1962 ad
517 1895 703 1961 obliuionem
728 1897 847 1961 timoris
871 1901 953 1960 esset
975 1894 1074 1960 libera
1095 1916 1114 1958 a
1138 1901 1272 1959 tremore
1289 1893 1410 1959 laetitia.

262 2004 354 2084 atque
376 2002 418 2064 ito
441 1999 509 2064 haeo
532 1998 702 2081 prophetioi
725 1999 837 2083 eloquii
860 2000 939 2063 ratio
954 2005 1077 2064 seruata
1093 2003 1149 2074 est,
1171 2004 1206 2062 ut
1221 1999 1410 2063 seruitutem

224 2175 226 2182 ¹
250 2088 354 2169 'timor
376 2105 537 2182 detineret,
561 2105 705 2170 timorem
728 2101 872 2168 exultatio
894 2104 1116 2179 moderaretur,
1140 2107 1171 2166 et
1185 2100 1410 2166 exultationem

262 2213 378 2273 tremor
401 2228 592 2291 consequens
615 2209 795 2272 contineret.

306 2310 358 2375 46.
382 2311 479 2376 Huius
502 2320 605 2377 autern
628 2313 746 2377 seruitii
777 2317 809 2376 et
838 2311 983 2376 timorem
1014 2309 1202 2375 exultantem
1233 2316 1264 2375 et
1286 2308 1408 2375 exulta-

211 2437 236 2476 ιο
264 2415 378 2479 tionem
415 2421 599 2480 trementem
638 2415 741 2480 doouit
777 2416 809 2480 in
848 2436 893 2492 eo,
931 2415 1014 2498 quod
1051 2417 1198 2498 sequitur,
1228 2415 1412 2485 consistere.

264 2519 383 2584 disens:
407 2519 709 2599 adprehendite
741 2519 1018 2600 disciplinam.
1064 2521 1176 2584 uirtute
1198 2518 1286 2583 uerbi
1309 2519 1411 2602 signi·

263 2622 441 2688 ficationem
473 2625 650 2704 inpatientia
685 2630 715 2688 et
746 2624 832 2689 uelut
865 2643 1069 2707 praeproperae
1104 2624 1143 2687 ad
1176 2624 1209 2687 id
1238 2621 1410 2687 uoluntatis

263 2727 406 2803 ostendit,
419 2747 477 2791 non
491 2732 556 2792 tam
572 2729 785 2808 expetendam,
802 2748 896 2811 quam
919 2727 1215 2808 adprehendendam
1236 2727 1338 2807 potius
1362 2727 1412 2790 di·

264 2829 425 2911 sciplinam
448 2832 577 2896 doeens:
601 2851 662 2896 non
687 2838 790 2912 tepore
813 2831 886 2897 fidei
915 2832 947 2895 in
972 2831 1061 2896 huius
1083 2831 1279 2897 oboedientiae
1302 2830 1411 2895 obser·

213 2956 237 2994 rs
264 2934 387 3000 ustione
409 2941 580 3012 contentus,
604 2936 658 3000 sed
681 2935 826 3001 ardorem
849 2937 973 3017 spiritus
995 2936 1028 2999 in
1058 2934 1313 3016 adprehendendi
1343 2935 1412 2999 aui·

264 3038 360 3104 ditate
394 3038 582 3104 desiderans.
627 3041 672 3104 sio
705 3040 737 3103 in
771 3040 919 3120 rapiendo
953 3059 1050 3124 regno
1088 3037 1234 3104 oaelorum
1267 3043 1412 3118 raptores

264 3143 425 3206 dominum
456 3141 617 3219 delectant,
644 3163 715 3208 oum
738 3144 795 3207 ait:
830 3165 849 3208 a
872 3144 1015 3208 diebus
1049 3150 1182 3208 autem
1207 3141 1410 3207 Iohannis

307 3265 340 3317 ιι
359 3263 459 3318 matth.
478 3265 524 3332 ιιι,
546 3266 585 3317 12.

307 3370 370 3421 det
388 3367 510 3422 exultate
529 3369 555 3422 ei
574 3369 629 3421 Ite
682 3371 748 3424 3ut
761 3369 912 3438 neglegens
936 3369 961 3422 V
1009 3371 1101 3423 desse
1120 3368 1196 3420 omo
1249 3365 1413 3419 tiserniunt

264 3458 293 3508 et
310 3471 375 3508 eum
397 3455 423 3508 V
472 3455 623 3510 solertioris
647 3456 672 3510 V
721 3456 900 3524 ubseqnellae
918 3456 945 3508 R
1005 3458 1073 3509 Sea
1090 3473 1147 3524 sap.
1167 3455 1211 3506 lin.
1240 3471 1257 3505 a
1283 3469 1318 3505 m.
1346 3451 1367 3505 2
1392 3453 1417 3504 Γ

264 3541 434 3596 9seruitute
452 3560 482 3594 an·
499 3543 632 3596 seruitem
649 3542 721 3595 aa?
744 3544 769 3596 V
820 3545 854 3596 10
880 3543 1010 3596 credetur
1033 3542 1059 3595 V
1108 3540 1212 3594 seruite
1239 3539 1354 3593 domino
1382 3541 1414 3593 in

264 3629 364 3682 timore
383 3630 411 3681 Ε
462 3632 493 3682 11
513 3633 542 3682 et
560 3628 682 3683 exultate
701 3630 727 3682 ei
746 3635 778 3683 ut
799 3629 825 3682 Ε
876 3632 909 3684 13
935 3629 1057 3683 adferret
1084 3647 1115 3681 ex
1141 3627 1249 3681 adferet
1275 3645 1309 3679 m.
1338 3625 1359 3678 2
1392 3626 1419 3678 V

264 3713 366 3770 finisV
416 3717 450 3768 14
461 3720 623 3770 tremorem
641 3721 778 3770 traemore
791 3714 899 3770 m.2V
950 3718 983 3770 19
996 3715 1104 3769 seruitii
1117 3712 1415 3779 (attoamiiaras.)R

265 3803 297 3854 21
307 3801 558 3869 adpraehenditeR
604 3804 738 3857 uirtutem
748 3804 828 3857 uerbi
837 3800 1205 3872 significatioipstieutisV
1245 3798 1413 3883 idumelndR

264 3904 454 3972 praeproperp¹
476 3888 503 3954 (e
530 3891 557 3941 in
583 3888 646 3955 roo.)
675 3891 700 3942 R
726 3906 911 3958 praepropere
944 3890 969 3942 V
988 3904 1154 3957 propersee
1209 3888 1245 3940 24
1261 3891 1360 3953 tepore
1388 3886 1415 3939 R

264 3979 390 4042 tempore
403 3974 439 4028 Ve
485 3975 706 4029 obseruationem
721 3977 747 4030 V
778 3969 1377 4044 25adpraehendendiezadpraehendim.2
1392 3971 1417 4025 V

264 4063 299 4114 26
325 4065 450 4128 raptores
481 4061 623 4116 domiuum
652 4064 793 4117 delectant
822 4080 886 4117 eum
915 4062 955 4116 ait
983 4063 1076 4131 scripsi
1105 4065 1230 4130 raptores
1266 4058 1412 4112 dominnm

265 4145 405 4201 deleotstd
434 4148 474 4201 ait
504 4147 528 4197 R
557 4152 681 4216 raptores
711 4150 778 4202 dnm
807 4150 976 4204 delectatum
1006 4149 1047 4202 ait
1077 4147 1119 4201 Va
1144 4150 1256 4215 raptore
1282 4143 1413 4199 dominns

266 4233 420 4288 deleotatus
438 4234 477 4287 ait
495 4254 515 4288 ι.
