<?xml version="1.0" encoding="UTF-8"?>
<!DOCTYPE html PUBLIC "-//W3C//DTD XHTML 1.0 Transitional//EN"
    "http://www.w3.org/TR/xhtml1/DTD/xhtml1-transitional.dtd">
<html xmlns="http://www.w3.org/1999/xhtml" xml:lang="en" lang="en">
 <head>
  <title>
</title>
<meta http-equiv="Content-Type" content="text/html;charset=utf-8" />
  <meta name='ocr-system' content='tesseract 3.04.00' />
  <meta name='ocr-capabilities' content='ocr_page ocr_carea ocr_par ocr_line ocrx_word'/>
</head>
<body>
  <div class='ocr_page' id='page_1' title='image "./corpusscriptoru23wiengoog_0620.png"; bbox 0 0 3075 4967; ppageno 0'>
   <div class='ocr_carea' id='block_1_1' title="bbox 310 223 1114 314">
    <p class='ocr_par' dir='ltr' id='par_1_1' title="bbox 310 223 1114 314">
     <span class='ocr_line' id='line_1_1' title="bbox 310 223 1114 314; baseline -0.009 -9"><span class='ocrx_word' id='word_1_1' title='bbox 310 245 373 310; x_wconf 84' lang='lat'><strong>590</strong></span> <span class='ocrx_word' id='word_1_2' title='bbox 658 247 778 300; x_wconf 74' lang='lat' dir='ltr'><strong>saneti</strong></span> <span class='ocrx_word' id='word_1_3' title='bbox 797 245 930 299; x_wconf 73' lang='lat' dir='ltr'><strong>errarit</strong></span> <span class='ocrx_word' id='word_1_4' title='bbox 950 223 1114 314; x_wconf 72' lang='lat' dir='ltr'>episcopi</span> 
     </span>
    </p>
   </div>
   <div class='ocr_carea' id='block_1_2' title="bbox 206 435 1436 1676">
    <p class='ocr_par' dir='ltr' id='par_1_2' title="bbox 206 435 1436 1676">
     <span class='ocr_line' id='line_1_2' title="bbox 309 435 1435 520; baseline 0.002 -21"><span class='ocrx_word' id='word_1_5' title='bbox 309 437 525 516; x_wconf 80' lang='lat' dir='ltr'><strong>aspernatione</strong></span> <span class='ocrx_word' id='word_1_6' title='bbox 554 436 586 500; x_wconf 92' lang='lat' dir='ltr'><strong>in</strong></span> <span class='ocrx_word' id='word_1_7' title='bbox 611 437 756 516; x_wconf 86' lang='lat' dir='ltr'><strong>superbia</strong></span> <span class='ocrx_word' id='word_1_8' title='bbox 780 435 954 502; x_wconf 89' lang='lat' dir='ltr'><strong>oonlooatos</strong></span> <span class='ocrx_word' id='word_1_9' title='bbox 986 436 1061 519; x_wconf 92' lang='lat' dir='ltr'><strong>quid</strong></span> <span class='ocrx_word' id='word_1_10' title='bbox 1092 456 1186 520; x_wconf 85' lang='lat' dir='ltr'><strong>egere</strong></span> <span class='ocrx_word' id='word_1_11' title='bbox 1217 456 1254 501; x_wconf 88' lang='lat' dir='ltr'><strong>ao</strong></span> <span class='ocrx_word' id='word_1_12' title='bbox 1287 436 1366 520; x_wconf 87' lang='lat' dir='ltr'><strong>loqui</strong></span> <span class='ocrx_word' id='word_1_13' title='bbox 1393 457 1435 502; x_wconf 86' lang='lat' dir='ltr'><strong>nos</strong></span> 
     </span>
     <span class='ocr_line' id='line_1_3' title="bbox 206 537 1434 623; baseline 0.001 -20"><span class='ocrx_word' id='word_1_14' title='bbox 206 540 213 552; x_wconf 89' lang='lat'>&#39;</span> <span class='ocrx_word' id='word_1_15' title='bbox 308 545 454 620; x_wconf 80' lang='lat' dir='ltr'>oporteat,</span> <span class='ocrx_word' id='word_1_16' title='bbox 478 537 631 620; x_wconf 88' lang='lat' dir='ltr'><strong>propheta</strong></span> <span class='ocrx_word' id='word_1_17' title='bbox 654 541 847 604; x_wconf 88' lang='lat' dir='ltr'><strong>demonstrat</strong></span> <span class='ocrx_word' id='word_1_18' title='bbox 870 539 993 605; x_wconf 90' lang='lat' dir='ltr'><strong>dioens:</strong></span> <span class='ocrx_word' id='word_1_19' title='bbox 1025 540 1105 604; x_wconf 91' lang='lat' dir='ltr'><strong>nisi</strong></span> <span class='ocrx_word' id='word_1_20' title='bbox 1137 542 1243 623; x_wconf 87' lang='lat' dir='ltr'><strong>quod</strong></span> <span class='ocrx_word' id='word_1_21' title='bbox 1268 541 1434 605; x_wconf 88' lang='lat' dir='ltr'><strong>dominus</strong></span> 
     </span>
     <span class='ocr_line' id='line_1_4' title="bbox 308 642 1435 727; baseline 0 -19"><span class='ocrx_word' id='word_1_22' title='bbox 308 650 396 708; x_wconf 87' lang='lat' dir='ltr'><strong>erat</strong></span> <span class='ocrx_word' id='word_1_23' title='bbox 417 644 457 708; x_wconf 96' lang='lat' dir='ltr'><strong>in</strong></span> <span class='ocrx_word' id='word_1_24' title='bbox 479 643 607 721; x_wconf 83' lang='lat' dir='ltr'><strong>nobis,</strong></span> <span class='ocrx_word' id='word_1_25' title='bbox 631 643 743 708; x_wconf 83' lang='lat' dir='ltr'><strong>dieat</strong></span> <span class='ocrx_word' id='word_1_26' title='bbox 765 663 869 708; x_wconf 90' lang='lat' dir='ltr'><strong>nuno</strong></span> <span class='ocrx_word' id='word_1_27' title='bbox 894 642 1073 722; x_wconf 87' lang='lat' dir='ltr'><strong>lsrahel;</strong></span> <span class='ocrx_word' id='word_1_28' title='bbox 1100 644 1182 708; x_wconf 89' lang='lat' dir='ltr'><strong>nisi</strong></span> <span class='ocrx_word' id='word_1_29' title='bbox 1206 646 1310 727; x_wconf 91' lang='lat' dir='ltr'><strong>quod</strong></span> <span class='ocrx_word' id='word_1_30' title='bbox 1333 645 1435 710; x_wconf 90' lang='lat' dir='ltr'><strong>doni·</strong></span> 
     </span>
     <span class='ocr_line' id='line_1_5' title="bbox 306 745 1436 831; baseline 0.001 -20"><span class='ocrx_word' id='word_1_31' title='bbox 306 767 379 812; x_wconf 93' lang='lat' dir='ltr'><strong>nus</strong></span> <span class='ocrx_word' id='word_1_32' title='bbox 402 754 490 812; x_wconf 88' lang='lat' dir='ltr'><strong>erat</strong></span> <span class='ocrx_word' id='word_1_33' title='bbox 513 748 551 812; x_wconf 91' lang='lat' dir='ltr'><strong>in</strong></span> <span class='ocrx_word' id='word_1_34' title='bbox 575 746 701 825; x_wconf 85' lang='lat' dir='ltr'><strong>nobis,</strong></span> <span class='ocrx_word' id='word_1_35' title='bbox 726 767 811 812; x_wconf 89' lang='lat' dir='ltr'><strong>eum</strong></span> <span class='ocrx_word' id='word_1_36' title='bbox 835 755 1056 831; x_wconf 82' lang='lat' dir='ltr'><strong>surgerent</strong></span> <span class='ocrx_word' id='word_1_37' title='bbox 1086 745 1277 814; x_wconf 84' lang='lat' dir='ltr'><strong>homines</strong></span> <span class='ocrx_word' id='word_1_38' title='bbox 1306 747 1344 813; x_wconf 93' lang='lat' dir='ltr'><strong>in</strong></span> <span class='ocrx_word' id='word_1_39' title='bbox 1373 768 1436 826; x_wconf 87' lang='lat' dir='ltr'><strong>nos,</strong></span> 
     </span>
     <span class='ocr_line' id='line_1_6' title="bbox 267 850 1435 936; baseline 0 -21"><span class='ocrx_word' id='word_1_40' title='bbox 267 879 279 915; x_wconf 74' lang='lat' dir='ltr'><strong>a</strong></span> <span class='ocrx_word' id='word_1_41' title='bbox 307 852 413 916; x_wconf 85' lang='lat' dir='ltr'><strong>sorte</strong></span> <span class='ocrx_word' id='word_1_42' title='bbox 442 852 558 916; x_wconf 89' lang='lat' dir='ltr'><strong>uiuos</strong></span> <span class='ocrx_word' id='word_1_43' title='bbox 590 850 896 936; x_wconf 83' lang='lat' dir='ltr'><strong>degluttissent</strong></span> <span class='ocrx_word' id='word_1_44' title='bbox 930 872 1009 917; x_wconf 88' lang='lat' dir='ltr'><strong>nos.</strong></span> <span class='ocrx_word' id='word_1_45' title='bbox 1055 853 1234 936; x_wconf 85' lang='lat' dir='ltr'><strong>etquidem</strong></span> <span class='ocrx_word' id='word_1_46' title='bbox 1261 871 1361 917; x_wconf 88' lang='lat' dir='ltr'><strong>sermo</strong></span> <span class='ocrx_word' id='word_1_47' title='bbox 1382 852 1435 932; x_wconf 82' lang='lat' dir='ltr'><strong>ipsa</strong></span> 
     </span>
     <span class='ocr_line' id='line_1_7' title="bbox 306 954 1436 1040; baseline 0 -20"><span class='ocrx_word' id='word_1_48' title='bbox 306 954 375 1020; x_wconf 87' lang='lat' dir='ltr'><strong>talis</strong></span> <span class='ocrx_word' id='word_1_49' title='bbox 398 961 453 1033; x_wconf 78' lang='lat' dir='ltr'><strong>est,</strong></span> <span class='ocrx_word' id='word_1_50' title='bbox 475 963 509 1021; x_wconf 91' lang='lat' dir='ltr'><strong>ut</strong></span> <span class='ocrx_word' id='word_1_51' title='bbox 531 954 730 1040; x_wconf 85' lang='lat' dir='ltr'><strong>intellegatur</strong></span> <span class='ocrx_word' id='word_1_52' title='bbox 752 955 911 1036; x_wconf 74' lang='lat' dir='ltr'><strong>prophete</strong></span> <span class='ocrx_word' id='word_1_53' title='bbox 935 975 1003 1022; x_wconf 87' lang='lat' dir='ltr'><strong>esse</strong></span> <span class='ocrx_word' id='word_1_54' title='bbox 1038 956 1227 1033; x_wconf 87' lang='lat' dir='ltr'><strong>instruentis,</strong></span> <span class='ocrx_word' id='word_1_55' title='bbox 1252 957 1327 1040; x_wconf 93' lang='lat' dir='ltr'><strong>quid</strong></span> <span class='ocrx_word' id='word_1_56' title='bbox 1350 957 1436 1022; x_wconf 87' lang='lat' dir='ltr'><strong>diois</strong></span> 
     </span>
     <span class='ocr_line' id='line_1_8' title="bbox 304 1052 1435 1144; baseline -0.001 -20"><span class='ocrx_word' id='word_1_57' title='bbox 304 1060 417 1124; x_wconf 82' lang='lat' dir='ltr'><strong>esteris</strong></span> <span class='ocrx_word' id='word_1_58' title='bbox 440 1066 586 1140; x_wconf 87' lang='lat' dir='ltr'><strong>oporteat.</strong></span> <span class='ocrx_word' id='word_1_59' title='bbox 630 1059 768 1140; x_wconf 89' lang='lat' dir='ltr'><strong>primum</strong></span> <span class='ocrx_word' id='word_1_60' title='bbox 792 1059 876 1124; x_wconf 91' lang='lat' dir='ltr'><strong>anim</strong></span> <span class='ocrx_word' id='word_1_61' title='bbox 899 1052 950 1125; x_wconf 85' lang='lat' dir='ltr'><strong>res</strong></span> <span class='ocrx_word' id='word_1_62' title='bbox 973 1060 1041 1144; x_wconf 88' lang='lat' dir='ltr'><strong>ipsa</strong></span> <span class='ocrx_word' id='word_1_63' title='bbox 1062 1059 1145 1125; x_wconf 88' lang='lat' dir='ltr'><strong>diota</strong></span> <span class='ocrx_word' id='word_1_64' title='bbox 1161 1066 1223 1138; x_wconf 84' lang='lat' dir='ltr'><strong>est;</strong></span> <span class='ocrx_word' id='word_1_65' title='bbox 1248 1059 1362 1126; x_wconf 87' lang='lat' dir='ltr'><strong>dehine</strong></span> <span class='ocrx_word' id='word_1_66' title='bbox 1375 1079 1435 1144; x_wconf 89' lang='lat' dir='ltr'><strong>qua·</strong></span> 
     </span>
     <span class='ocr_line' id='line_1_9' title="bbox 305 1162 1435 1250; baseline 0.002 -24"><span class='ocrx_word' id='word_1_67' title='bbox 305 1163 374 1228; x_wconf 90' lang='lat' dir='ltr'><strong>liter</strong></span> <span class='ocrx_word' id='word_1_68' title='bbox 396 1163 436 1228; x_wconf 89' lang='lat' dir='ltr'><strong>sit</strong></span> <span class='ocrx_word' id='word_1_69' title='bbox 452 1163 585 1229; x_wconf 81' lang='lat' dir='ltr'><strong>dicenda</strong></span> <span class='ocrx_word' id='word_1_70' title='bbox 603 1169 801 1229; x_wconf 81' lang='lat' dir='ltr'><strong>monstretur.</strong></span> <span class='ocrx_word' id='word_1_71' title='bbox 848 1171 880 1229; x_wconf 90' lang='lat' dir='ltr'><strong>et</strong></span> <span class='ocrx_word' id='word_1_72' title='bbox 895 1163 947 1229; x_wconf 87' lang='lat' dir='ltr'><strong>hia</strong></span> <span class='ocrx_word' id='word_1_73' title='bbox 963 1162 1020 1229; x_wconf 85' lang='lat' dir='ltr'><strong>fuit</strong></span> <span class='ocrx_word' id='word_1_74' title='bbox 1035 1166 1118 1243; x_wconf 92' lang='lat' dir='ltr'><strong>ordo,</strong></span> <span class='ocrx_word' id='word_1_75' title='bbox 1134 1171 1176 1240; x_wconf 88' lang='lat' dir='ltr'><strong>ut,</strong></span> <span class='ocrx_word' id='word_1_76' title='bbox 1193 1164 1268 1246; x_wconf 93' lang='lat' dir='ltr'><strong>quid</strong></span> <span class='ocrx_word' id='word_1_77' title='bbox 1284 1167 1435 1250; x_wconf 82' lang='lat' dir='ltr'><strong>agendum,</strong></span> 
     </span>
     <span class='ocr_line' id='line_1_10' title="bbox 304 1265 1434 1352; baseline 0.001 -21"><span class='ocrx_word' id='word_1_78' title='bbox 304 1265 427 1346; x_wconf 87' lang='lat' dir='ltr'><strong>dehine,</strong></span> <span class='ocrx_word' id='word_1_79' title='bbox 450 1275 602 1351; x_wconf 89' lang='lat' dir='ltr'><strong>qnatenus</strong></span> <span class='ocrx_word' id='word_1_80' title='bbox 637 1268 796 1351; x_wconf 85' lang='lat' dir='ltr'><strong>agendum</strong></span> <span class='ocrx_word' id='word_1_81' title='bbox 834 1275 923 1346; x_wconf 84' lang='lat' dir='ltr'><strong>esset,</strong></span> <span class='ocrx_word' id='word_1_82' title='bbox 958 1270 1182 1335; x_wconf 76' lang='lat' dir='ltr'><strong>ostenderetur.</strong></span> <span class='ocrx_word' id='word_1_83' title='bbox 1229 1269 1310 1334; x_wconf 88' lang='lat' dir='ltr'><strong>nisi</strong></span> <span class='ocrx_word' id='word_1_84' title='bbox 1345 1269 1434 1352; x_wconf 90' lang='lat' dir='ltr'><strong>quod</strong></span> 
     </span>
     <span class='ocr_line' id='line_1_11' title="bbox 251 1370 1435 1449; baseline 0.003 -17"><span class='ocrx_word' id='word_1_85' title='bbox 251 1396 276 1433; x_wconf 78' lang='lat' dir='ltr'><strong>ro</strong></span> <span class='ocrx_word' id='word_1_86' title='bbox 303 1371 490 1437; x_wconf 90' lang='lat' dir='ltr'><strong>dominus</strong></span> <span class='ocrx_word' id='word_1_87' title='bbox 514 1379 601 1437; x_wconf 90' lang='lat' dir='ltr'><strong>erat</strong></span> <span class='ocrx_word' id='word_1_88' title='bbox 631 1372 669 1436; x_wconf 91' lang='lat' dir='ltr'><strong>in</strong></span> <span class='ocrx_word' id='word_1_89' title='bbox 701 1371 831 1449; x_wconf 86' lang='lat' dir='ltr'><strong>nobis,</strong></span> <span class='ocrx_word' id='word_1_90' title='bbox 855 1372 966 1437; x_wconf 86' lang='lat' dir='ltr'><strong>dieat</strong></span> <span class='ocrx_word' id='word_1_91' title='bbox 987 1392 1090 1438; x_wconf 90' lang='lat' dir='ltr'><strong>nuno</strong></span> <span class='ocrx_word' id='word_1_92' title='bbox 1114 1370 1286 1438; x_wconf 82' lang='lat' dir='ltr'><strong>Israhel.</strong></span> <span class='ocrx_word' id='word_1_93' title='bbox 1331 1374 1435 1438; x_wconf 85' lang='lat' dir='ltr'><strong>dietum</strong></span> 
     </span>
     <span class='ocr_line' id='line_1_12' title="bbox 302 1474 1436 1560; baseline -0.001 -21"><span class='ocrx_word' id='word_1_94' title='bbox 302 1494 377 1559; x_wconf 89' lang='lat' dir='ltr'><strong>ergo</strong></span> <span class='ocrx_word' id='word_1_95' title='bbox 400 1482 455 1554; x_wconf 84' lang='lat' dir='ltr'><strong>est,</strong></span> <span class='ocrx_word' id='word_1_96' title='bbox 472 1475 549 1559; x_wconf 91' lang='lat' dir='ltr'><strong>quid</strong></span> <span class='ocrx_word' id='word_1_97' title='bbox 571 1476 633 1542; x_wconf 85' lang='lat' dir='ltr'><strong>diei</strong></span> <span class='ocrx_word' id='word_1_98' title='bbox 656 1477 694 1540; x_wconf 90' lang='lat' dir='ltr'><strong>ab</strong></span> <span class='ocrx_word' id='word_1_99' title='bbox 718 1474 840 1541; x_wconf 80' lang='lat' dir='ltr'><strong>Israhel</strong></span> <span class='ocrx_word' id='word_1_100' title='bbox 862 1483 1025 1556; x_wconf 87' lang='lat' dir='ltr'><strong>oporteret.</strong></span> <span class='ocrx_word' id='word_1_101' title='bbox 1070 1478 1109 1542; x_wconf 90' lang='lat' dir='ltr'><strong>de</strong></span> <span class='ocrx_word' id='word_1_102' title='bbox 1126 1474 1247 1541; x_wconf 78' lang='lat' dir='ltr'><strong>Israhel</strong></span> <span class='ocrx_word' id='word_1_103' title='bbox 1270 1475 1436 1560; x_wconf 79' lang='lat' dir='ltr'><strong>frequenter</strong></span> 
     </span>
     <span class='ocr_line' id='line_1_13' title="bbox 301 1580 1436 1676; baseline 0 -33"><span class='ocrx_word' id='word_1_104' title='bbox 301 1580 519 1645; x_wconf 87' lang='lat' dir='ltr'><strong>admonuimus</strong></span> <span class='ocrx_word' id='word_1_105' title='bbox 555 1599 626 1645; x_wconf 90' lang='lat' dir='ltr'><strong>eum</strong></span> <span class='ocrx_word' id='word_1_106' title='bbox 649 1580 899 1657; x_wconf 85' lang='lat' dir='ltr'><strong>existimandum,</strong></span> <span class='ocrx_word' id='word_1_107' title='bbox 928 1581 981 1664; x_wconf 88' lang='lat' dir='ltr'><strong>qui</strong></span> <span class='ocrx_word' id='word_1_108' title='bbox 1004 1583 1097 1646; x_wconf 90' lang='lat' dir='ltr'><strong>deum</strong></span> <span class='ocrx_word' id='word_1_109' title='bbox 1120 1580 1235 1646; x_wconf 91' lang='lat' dir='ltr'><strong>mentis</strong></span> <span class='ocrx_word' id='word_1_110' title='bbox 1250 1580 1352 1676; x_wconf 80' lang='lat' dir='ltr'><strong>¹oeulis</strong></span> <span class='ocrx_word' id='word_1_111' title='bbox 1374 1599 1436 1645; x_wconf 88' lang='lat' dir='ltr'><strong>aon·</strong></span> 
     </span>
    </p>
   </div>
   <div class='ocr_carea' id='block_1_3' title="bbox 301 1682 1527 1871">
    <p class='ocr_par' dir='ltr' id='par_1_3' title="bbox 301 1682 1527 1871">
     <span class='ocr_line' id='line_1_14' title="bbox 301 1682 1526 1779; baseline -0.002 -31"><span class='ocrx_word' id='word_1_112' title='bbox 301 1682 468 1764; x_wconf 89' lang='lat' dir='ltr'><strong>templatue</strong></span> <span class='ocrx_word' id='word_1_113' title='bbox 491 1684 538 1748; x_wconf 91' lang='lat' dir='ltr'><strong>sit.</strong></span> <span class='ocrx_word' id='word_1_114' title='bbox 583 1703 666 1749; x_wconf 93' lang='lat' dir='ltr'><strong>nuno</strong></span> <span class='ocrx_word' id='word_1_115' title='bbox 690 1686 960 1768; x_wconf 80' lang='lat' dir='ltr'><strong>ergosecundum</strong></span> <span class='ocrx_word' id='word_1_116' title='bbox 990 1682 1184 1765; x_wconf 86' lang='lat' dir='ltr'><strong>prophetiam</strong></span> <span class='ocrx_word' id='word_1_117' title='bbox 1209 1685 1341 1768; x_wconf 84' lang='lat' dir='ltr'><strong>cognito,</strong></span> <span class='ocrx_word' id='word_1_118' title='bbox 1371 1683 1434 1768; x_wconf 88' lang='lat' dir='ltr'><strong>quid</strong></span> <span class='ocrx_word' id='word_1_119' title='bbox 1523 1743 1526 1779; x_wconf 36' lang='lat'><em>3</em></span> 
     </span>
     <span class='ocr_line' id='line_1_15' title="bbox 301 1786 1527 1871; baseline -0.002 -19"><span class='ocrx_word' id='word_1_120' title='bbox 301 1787 405 1853; x_wconf 88' lang='lat' dir='ltr'><strong>dioero</strong></span> <span class='ocrx_word' id='word_1_121' title='bbox 429 1788 551 1866; x_wconf 87' lang='lat' dir='ltr'><strong>debeat,</strong></span> <span class='ocrx_word' id='word_1_122' title='bbox 575 1787 697 1852; x_wconf 90' lang='lat' dir='ltr'><strong>Israhel</strong></span> <span class='ocrx_word' id='word_1_123' title='bbox 719 1786 875 1871; x_wconf 89' lang='lat' dir='ltr'><strong>loquetur:</strong></span> <span class='ocrx_word' id='word_1_124' title='bbox 907 1788 987 1853; x_wconf 89' lang='lat' dir='ltr'><strong>nisi</strong></span> <span class='ocrx_word' id='word_1_125' title='bbox 1013 1788 1120 1871; x_wconf 93' lang='lat' dir='ltr'><strong>quod</strong></span> <span class='ocrx_word' id='word_1_126' title='bbox 1150 1787 1335 1854; x_wconf 88' lang='lat' dir='ltr'><strong>dominus</strong></span> <span class='ocrx_word' id='word_1_127' title='bbox 1359 1795 1435 1853; x_wconf 88' lang='lat' dir='ltr'><strong>eret</strong></span> <span class='ocrx_word' id='word_1_128' title='bbox 1526 1787 1527 1791; x_wconf 73' lang='grc'>’</span> 
     </span>
    </p>
   </div>
   <div class='ocr_carea' id='block_1_4' title="bbox 242 1891 1436 3329">
    <p class='ocr_par' dir='ltr' id='par_1_4' title="bbox 242 1891 1436 3329">
     <span class='ocr_line' id='line_1_16' title="bbox 248 1891 1434 1975; baseline 0.001 -22"><span class='ocrx_word' id='word_1_129' title='bbox 248 1918 273 1954; x_wconf 77' lang='lat' dir='ltr'><strong>re</strong></span> <span class='ocrx_word' id='word_1_130' title='bbox 300 1892 338 1956; x_wconf 93' lang='lat' dir='ltr'><strong>in</strong></span> <span class='ocrx_word' id='word_1_131' title='bbox 369 1892 498 1969; x_wconf 88' lang='lat' dir='ltr'><strong>nobis,</strong></span> <span class='ocrx_word' id='word_1_132' title='bbox 529 1912 616 1957; x_wconf 89' lang='lat' dir='ltr'><strong>oum</strong></span> <span class='ocrx_word' id='word_1_133' title='bbox 646 1892 916 1975; x_wconf 87' lang='lat' dir='ltr'><strong>insurgerent</strong></span> <span class='ocrx_word' id='word_1_134' title='bbox 946 1891 1130 1958; x_wconf 89' lang='lat' dir='ltr'><strong>homines</strong></span> <span class='ocrx_word' id='word_1_135' title='bbox 1160 1892 1199 1956; x_wconf 93' lang='lat' dir='ltr'><strong>in</strong></span> <span class='ocrx_word' id='word_1_136' title='bbox 1232 1912 1309 1968; x_wconf 91' lang='lat' dir='ltr'><strong>nos,</strong></span> <span class='ocrx_word' id='word_1_137' title='bbox 1340 1893 1434 1956; x_wconf 84' lang='lat' dir='ltr'><strong>forte</strong></span> 
     </span>
     <span class='ocr_line' id='line_1_17' title="bbox 298 1994 1433 2080; baseline -0.002 -20"><span class='ocrx_word' id='word_1_138' title='bbox 298 1996 416 2062; x_wconf 90' lang='lat' dir='ltr'><strong>uiuos</strong></span> <span class='ocrx_word' id='word_1_139' title='bbox 456 1995 762 2080; x_wconf 84' lang='lat' dir='ltr'><strong>degluttissent</strong></span> <span class='ocrx_word' id='word_1_140' title='bbox 792 2015 870 2061; x_wconf 93' lang='lat' dir='ltr'><strong>nos.</strong></span> <span class='ocrx_word' id='word_1_141' title='bbox 917 1995 977 2061; x_wconf 89' lang='lat' dir='ltr'><strong>hoo</strong></span> <span class='ocrx_word' id='word_1_142' title='bbox 1007 2016 1082 2080; x_wconf 85' lang='lat' dir='ltr'><strong>ergo</strong></span> <span class='ocrx_word' id='word_1_143' title='bbox 1114 1994 1235 2060; x_wconf 89' lang='lat' dir='ltr'><strong>Israhel</strong></span> <span class='ocrx_word' id='word_1_144' title='bbox 1269 1995 1433 2077; x_wconf 80' lang='lat' dir='ltr'><strong>exemplum</strong></span> 
     </span>
     <span class='ocr_line' id='line_1_18' title="bbox 298 2098 1434 2183; baseline -0.004 -19"><span class='ocrx_word' id='word_1_145' title='bbox 298 2101 453 2181; x_wconf 86' lang='lat' dir='ltr'><strong>eooipiens</strong></span> <span class='ocrx_word' id='word_1_146' title='bbox 477 2121 494 2165; x_wconf 87' lang='lat' dir='ltr'><strong>a</strong></span> <span class='ocrx_word' id='word_1_147' title='bbox 516 2099 669 2181; x_wconf 89' lang='lat' dir='ltr'><strong>prophete</strong></span> <span class='ocrx_word' id='word_1_148' title='bbox 692 2101 782 2178; x_wconf 77' lang='lat' dir='ltr'><strong>diost</strong></span> <span class='ocrx_word' id='word_1_149' title='bbox 817 2099 888 2183; x_wconf 90' lang='lat' dir='ltr'><strong>quia</strong></span> <span class='ocrx_word' id='word_1_150' title='bbox 922 2100 1054 2164; x_wconf 83' lang='lat' dir='ltr'><strong>audiuit:</strong></span> <span class='ocrx_word' id='word_1_151' title='bbox 1085 2099 1166 2164; x_wconf 87' lang='lat' dir='ltr'><strong>nisi</strong></span> <span class='ocrx_word' id='word_1_152' title='bbox 1198 2101 1302 2183; x_wconf 93' lang='lat' dir='ltr'><strong>quod</strong></span> <span class='ocrx_word' id='word_1_153' title='bbox 1324 2098 1434 2165; x_wconf 91' lang='lat' dir='ltr'><strong>domi-</strong></span> 
     </span>
     <span class='ocr_line' id='line_1_19' title="bbox 297 2203 1154 2282; baseline -0.001 -13"><span class='ocrx_word' id='word_1_154' title='bbox 297 2224 370 2269; x_wconf 89' lang='lat' dir='ltr'><strong>nus</strong></span> <span class='ocrx_word' id='word_1_155' title='bbox 394 2212 482 2270; x_wconf 91' lang='lat' dir='ltr'><strong>erat</strong></span> <span class='ocrx_word' id='word_1_156' title='bbox 505 2205 543 2269; x_wconf 94' lang='lat' dir='ltr'><strong>in</strong></span> <span class='ocrx_word' id='word_1_157' title='bbox 566 2204 694 2282; x_wconf 85' lang='lat' dir='ltr'><strong>nobis,</strong></span> <span class='ocrx_word' id='word_1_158' title='bbox 719 2204 830 2268; x_wconf 84' lang='lat' dir='ltr'><strong>dieat</strong></span> <span class='ocrx_word' id='word_1_159' title='bbox 852 2224 957 2268; x_wconf 87' lang='lat' dir='ltr'><strong>nune</strong></span> <span class='ocrx_word' id='word_1_160' title='bbox 980 2203 1154 2270; x_wconf 87' lang='lat' dir='ltr'><strong>Israhel.</strong></span> 
     </span>
     <span class='ocr_line' id='line_1_20' title="bbox 342 2305 1433 2392; baseline -0.003 -20"><span class='ocrx_word' id='word_1_161' title='bbox 342 2309 370 2372; x_wconf 78' lang='lat'><strong>2.</strong></span> <span class='ocrx_word' id='word_1_162' title='bbox 395 2307 464 2373; x_wconf 91' lang='lat' dir='ltr'><strong>Non</strong></span> <span class='ocrx_word' id='word_1_163' title='bbox 490 2315 537 2374; x_wconf 90' lang='lat' dir='ltr'><strong>ast</strong></span> <span class='ocrx_word' id='word_1_164' title='bbox 559 2315 664 2373; x_wconf 86' lang='lat' dir='ltr'><strong>autern</strong></span> <span class='ocrx_word' id='word_1_165' title='bbox 695 2308 763 2373; x_wconf 90' lang='lat' dir='ltr'><strong>leue</strong></span> <span class='ocrx_word' id='word_1_166' title='bbox 795 2309 976 2373; x_wconf 84' lang='lat' dir='ltr'><strong>mandatum</strong></span> <span class='ocrx_word' id='word_1_167' title='bbox 1007 2306 1090 2386; x_wconf 90' lang='lat' dir='ltr'><strong>illud,</strong></span> <span class='ocrx_word' id='word_1_168' title='bbox 1121 2308 1203 2392; x_wconf 90' lang='lat' dir='ltr'><strong>quod</strong></span> <span class='ocrx_word' id='word_1_169' title='bbox 1234 2328 1361 2374; x_wconf 83' lang='lat' dir='ltr'><strong>neeesse</strong></span> <span class='ocrx_word' id='word_1_170' title='bbox 1383 2305 1433 2370; x_wconf 84' lang='lat' dir='ltr'><strong>luit</strong></span> 
     </span>
     <span class='ocr_line' id='line_1_21' title="bbox 245 2409 1434 2496; baseline -0.001 -21"><span class='ocrx_word' id='word_1_171' title='bbox 245 2436 271 2475; x_wconf 83' lang='lat' dir='ltr'><strong>so</strong></span> <span class='ocrx_word' id='word_1_172' title='bbox 297 2419 454 2493; x_wconf 83' lang='lat' dir='ltr'><strong>praeeunte</strong></span> <span class='ocrx_word' id='word_1_173' title='bbox 495 2415 633 2496; x_wconf 89' lang='lat' dir='ltr'><strong>quodam</strong></span> <span class='ocrx_word' id='word_1_174' title='bbox 668 2411 827 2493; x_wconf 84' lang='lat' dir='ltr'><strong>propheten</strong></span> <span class='ocrx_word' id='word_1_175' title='bbox 864 2411 1019 2493; x_wconf 86' lang='lat' dir='ltr'><strong>praeoonio</strong></span> <span class='ocrx_word' id='word_1_176' title='bbox 1054 2413 1273 2478; x_wconf 88' lang='lat' dir='ltr'><strong>demonstrari.</strong></span> <span class='ocrx_word' id='word_1_177' title='bbox 1323 2413 1354 2476; x_wconf 94' lang='lat' dir='ltr'><strong>in</strong></span> <span class='ocrx_word' id='word_1_178' title='bbox 1390 2409 1434 2474; x_wconf 91' lang='lat' dir='ltr'><strong>his</strong></span> 
     </span>
     <span class='ocr_line' id='line_1_22' title="bbox 295 2514 1436 2600; baseline -0.004 -19"><span class='ocrx_word' id='word_1_179' title='bbox 295 2536 432 2600; x_wconf 91' lang='lat' dir='ltr'><strong>namque</strong></span> <span class='ocrx_word' id='word_1_180' title='bbox 468 2517 571 2594; x_wconf 91' lang='lat' dir='ltr'><strong>rebus,</strong></span> <span class='ocrx_word' id='word_1_181' title='bbox 610 2535 680 2600; x_wconf 84' lang='lat' dir='ltr'><strong>quae</strong></span> <span class='ocrx_word' id='word_1_182' title='bbox 718 2515 859 2581; x_wconf 82' lang='lat' dir='ltr'><strong>diflicilia</strong></span> <span class='ocrx_word' id='word_1_183' title='bbox 896 2523 976 2594; x_wconf 85' lang='lat' dir='ltr'><strong>sunt,</strong></span> <span class='ocrx_word' id='word_1_184' title='bbox 1023 2517 1219 2582; x_wconf 83' lang='lat' dir='ltr'><strong>desideretur</strong></span> <span class='ocrx_word' id='word_1_185' title='bbox 1257 2514 1436 2596; x_wconf 86' lang='lat' dir='ltr'><strong>exemplum.</strong></span> 
     </span>
     <span class='ocr_line' id='line_1_23' title="bbox 295 2619 1433 2686; baseline -0.004 -1"><span class='ocrx_word' id='word_1_186' title='bbox 295 2620 397 2685; x_wconf 91' lang='lat' dir='ltr'><strong>omnis</strong></span> <span class='ocrx_word' id='word_1_187' title='bbox 421 2620 504 2686; x_wconf 86' lang='lat' dir='ltr'><strong>enim</strong></span> <span class='ocrx_word' id='word_1_188' title='bbox 527 2626 637 2686; x_wconf 90' lang='lat' dir='ltr'><strong>natura</strong></span> <span class='ocrx_word' id='word_1_189' title='bbox 667 2619 829 2685; x_wconf 88' lang='lat' dir='ltr'><strong>hominurn</strong></span> <span class='ocrx_word' id='word_1_190' title='bbox 852 2619 989 2685; x_wconf 88' lang='lat' dir='ltr'><strong>insolens</strong></span> <span class='ocrx_word' id='word_1_191' title='bbox 1013 2622 1052 2685; x_wconf 87' lang='lat' dir='ltr'><strong>ed</strong></span> <span class='ocrx_word' id='word_1_192' title='bbox 1076 2639 1126 2685; x_wconf 90' lang='lat' dir='ltr'><strong>res</strong></span> <span class='ocrx_word' id='word_1_193' title='bbox 1156 2623 1311 2686; x_wconf 80' lang='lat' dir='ltr'><strong>secundas</strong></span> <span class='ocrx_word' id='word_1_194' title='bbox 1338 2625 1433 2685; x_wconf 84' lang='lat' dir='ltr'><strong>estet</strong></span> 
     </span>
     <span class='ocr_line' id='line_1_24' title="bbox 294 2723 1433 2805; baseline -0.001 -18"><span class='ocrx_word' id='word_1_195' title='bbox 294 2724 503 2790; x_wconf 78' lang='lat' dir='ltr'><strong>inbecillitatis</strong></span> <span class='ocrx_word' id='word_1_196' title='bbox 526 2745 590 2790; x_wconf 89' lang='lat' dir='ltr'><strong>suae</strong></span> <span class='ocrx_word' id='word_1_197' title='bbox 624 2724 780 2789; x_wconf 87' lang='lat' dir='ltr'><strong>inmemor</strong></span> <span class='ocrx_word' id='word_1_198' title='bbox 812 2723 985 2789; x_wconf 89' lang='lat' dir='ltr'><strong>inoonsulte</strong></span> <span class='ocrx_word' id='word_1_199' title='bbox 1008 2725 1039 2788; x_wconf 95' lang='lat' dir='ltr'><strong>in</strong></span> <span class='ocrx_word' id='word_1_200' title='bbox 1063 2725 1220 2805; x_wconf 86' lang='lat' dir='ltr'><strong>prosperis</strong></span> <span class='ocrx_word' id='word_1_201' title='bbox 1245 2723 1359 2790; x_wconf 84' lang='lat' dir='ltr'><strong>laetans</strong></span> <span class='ocrx_word' id='word_1_202' title='bbox 1383 2727 1433 2787; x_wconf 83' lang='lat' dir='ltr'><strong>est</strong></span> 
     </span>
     <span class='ocr_line' id='line_1_25' title="bbox 295 2826 1434 2912; baseline -0.004 -20"><span class='ocrx_word' id='word_1_203' title='bbox 295 2831 376 2912; x_wconf 87' lang='lat' dir='ltr'><strong>quod</strong></span> <span class='ocrx_word' id='word_1_204' title='bbox 411 2830 451 2894; x_wconf 87' lang='lat' dir='ltr'><strong>ab</strong></span> <span class='ocrx_word' id='word_1_205' title='bbox 484 2828 611 2894; x_wconf 89' lang='lat' dir='ltr'><strong>homine</strong></span> <span class='ocrx_word' id='word_1_206' title='bbox 645 2829 785 2894; x_wconf 84' lang='lat' dir='ltr'><strong>doctrina</strong></span> <span class='ocrx_word' id='word_1_207' title='bbox 819 2829 868 2893; x_wconf 91' lang='lat' dir='ltr'><strong>dei</strong></span> <span class='ocrx_word' id='word_1_208' title='bbox 903 2829 1022 2894; x_wconf 88' lang='lat' dir='ltr'><strong>erudito</strong></span> <span class='ocrx_word' id='word_1_209' title='bbox 1057 2828 1165 2893; x_wconf 89' lang='lat' dir='ltr'><strong>abesse</strong></span> <span class='ocrx_word' id='word_1_210' title='bbox 1195 2836 1324 2910; x_wconf 89' lang='lat' dir='ltr'><strong>oportet.</strong></span> <span class='ocrx_word' id='word_1_211' title='bbox 1369 2826 1434 2910; x_wconf 90' lang='lat' dir='ltr'><strong>quis</strong></span> 
     </span>
     <span class='ocr_line' id='line_1_26' title="bbox 242 2931 1435 3016; baseline -0.002 -22"><span class='ocrx_word' id='word_1_212' title='bbox 242 2957 267 2994; x_wconf 83' lang='lat' dir='ltr'><strong>ss</strong></span> <span class='ocrx_word' id='word_1_213' title='bbox 295 2933 379 2998; x_wconf 90' lang='lat' dir='ltr'><strong>enim</strong></span> <span class='ocrx_word' id='word_1_214' title='bbox 401 2932 527 2998; x_wconf 79' lang='lat' dir='ltr'><strong>relictus</strong></span> <span class='ocrx_word' id='word_1_215' title='bbox 550 2938 598 2998; x_wconf 89' lang='lat' dir='ltr'><strong>est</strong></span> <span class='ocrx_word' id='word_1_216' title='bbox 620 2933 709 2998; x_wconf 90' lang='lat' dir='ltr'><strong>nobis</strong></span> <span class='ocrx_word' id='word_1_217' title='bbox 733 2932 886 3016; x_wconf 85' lang='lat' dir='ltr'><strong>gloriandi</strong></span> <span class='ocrx_word' id='word_1_218' title='bbox 909 2931 993 2998; x_wconf 92' lang='lat' dir='ltr'><strong>loous</strong></span> <span class='ocrx_word' id='word_1_219' title='bbox 1016 2933 1252 2998; x_wconf 78' lang='lat' dir='ltr'><strong>recordantibus</strong></span> <span class='ocrx_word' id='word_1_220' title='bbox 1276 2931 1377 2998; x_wconf 84' lang='lat' dir='ltr'><strong>omnia</strong></span> <span class='ocrx_word' id='word_1_221' title='bbox 1401 2949 1435 2994; x_wconf 80' lang='lat' dir='ltr'><strong>er</strong></span> 
     </span>
     <span class='ocr_line' id='line_1_27' title="bbox 293 3033 1433 3112; baseline -0.005 -11"><span class='ocrx_word' id='word_1_222' title='bbox 293 3038 351 3101; x_wconf 88' lang='lat' dir='ltr'><strong>deo</strong></span> <span class='ocrx_word' id='word_1_223' title='bbox 374 3035 468 3102; x_wconf 82' lang='lat' dir='ltr'><strong>esse?</strong></span> <span class='ocrx_word' id='word_1_224' title='bbox 513 3037 539 3101; x_wconf 93' lang='lat' dir='ltr'><strong>si</strong></span> <span class='ocrx_word' id='word_1_225' title='bbox 562 3057 619 3101; x_wconf 93' lang='lat' dir='ltr'><strong>nos</strong></span> <span class='ocrx_word' id='word_1_226' title='bbox 641 3036 730 3101; x_wconf 90' lang='lat' dir='ltr'><strong>nohis</strong></span> <span class='ocrx_word' id='word_1_227' title='bbox 753 3036 849 3101; x_wconf 86' lang='lat' dir='ltr'><strong>uitem</strong></span> <span class='ocrx_word' id='word_1_228' title='bbox 872 3036 1069 3112; x_wconf 83' lang='lat' dir='ltr'><strong>inseruimus,</strong></span> <span class='ocrx_word' id='word_1_229' title='bbox 1102 3036 1274 3102; x_wconf 88' lang='lat' dir='ltr'><strong>debeamus</strong></span> <span class='ocrx_word' id='word_1_230' title='bbox 1297 3043 1326 3101; x_wconf 90' lang='lat' dir='ltr'><strong>et</strong></span> <span class='ocrx_word' id='word_1_231' title='bbox 1348 3033 1433 3098; x_wconf 87' lang='lat' dir='ltr'><strong>nohis</strong></span> 
     </span>
     <span class='ocr_line' id='line_1_28' title="bbox 292 3139 1435 3224; baseline -0.004 -19"><span class='ocrx_word' id='word_1_232' title='bbox 292 3160 457 3221; x_wconf 88' lang='lat' dir='ltr'><strong>oorpomm</strong></span> <span class='ocrx_word' id='word_1_233' title='bbox 492 3140 646 3221; x_wconf 86' lang='lat' dir='ltr'><strong>speeiem:</strong></span> <span class='ocrx_word' id='word_1_234' title='bbox 680 3141 706 3205; x_wconf 90' lang='lat' dir='ltr'><strong>si</strong></span> <span class='ocrx_word' id='word_1_235' title='bbox 740 3141 800 3221; x_wconf 87' lang='lat' dir='ltr'><strong>ipsi</strong></span> <span class='ocrx_word' id='word_1_236' title='bbox 824 3139 944 3221; x_wconf 88' lang='lat' dir='ltr'><strong>pluuias</strong></span> <span class='ocrx_word' id='word_1_237' title='bbox 977 3147 1132 3224; x_wconf 83' lang='lat' dir='ltr'><strong>aestusque</strong></span> <span class='ocrx_word' id='word_1_238' title='bbox 1168 3142 1375 3216; x_wconf 79' lang='lat' dir='ltr'><strong>moderamur,</strong></span> <span class='ocrx_word' id='word_1_239' title='bbox 1399 3157 1435 3202; x_wconf 83' lang='lat' dir='ltr'><strong>er</strong></span> 
     </span>
     <span class='ocr_line' id='line_1_29' title="bbox 290 3241 1432 3329; baseline -0.004 -20"><span class='ocrx_word' id='word_1_240' title='bbox 290 3251 397 3310; x_wconf 91' lang='lat' dir='ltr'><strong>nostro</strong></span> <span class='ocrx_word' id='word_1_241' title='bbox 421 3264 489 3310; x_wconf 89' lang='lat' dir='ltr'><strong>esee</strong></span> <span class='ocrx_word' id='word_1_242' title='bbox 513 3251 680 3324; x_wconf 86' lang='lat' dir='ltr'><strong>prouentus</strong></span> <span class='ocrx_word' id='word_1_243' title='bbox 704 3244 860 3310; x_wconf 86' lang='lat' dir='ltr'><strong>fruetuum</strong></span> <span class='ocrx_word' id='word_1_244' title='bbox 883 3243 1069 3329; x_wconf 87' lang='lat' dir='ltr'><strong>gloriemur:</strong></span> <span class='ocrx_word' id='word_1_245' title='bbox 1103 3245 1129 3310; x_wconf 92' lang='lat' dir='ltr'><strong>si</strong></span> <span class='ocrx_word' id='word_1_246' title='bbox 1153 3265 1214 3310; x_wconf 94' lang='lat' dir='ltr'><strong>non</strong></span> <span class='ocrx_word' id='word_1_247' title='bbox 1239 3245 1269 3309; x_wconf 94' lang='lat' dir='ltr'><strong>in</strong></span> <span class='ocrx_word' id='word_1_248' title='bbox 1292 3241 1432 3309; x_wconf 89' lang='lat' dir='ltr'><strong>omnibus</strong></span> 
     </span>
    </p>
   </div>
   <div class='ocr_carea' id='block_1_5' title="bbox 284 3450 1433 4290">
    <p class='ocr_par' dir='ltr' id='par_1_5' title="bbox 284 3450 1433 4290">
     <span class='ocr_line' id='line_1_30' title="bbox 335 3450 1432 3522; baseline -0.004 -15"><span class='ocrx_word' id='word_1_249' title='bbox 335 3457 348 3507; x_wconf 92' lang='lat'>1</span> <span class='ocrx_word' id='word_1_250' title='bbox 369 3453 397 3507; x_wconf 91' lang='lat' dir='ltr'><strong>in</strong></span> <span class='ocrx_word' id='word_1_251' title='bbox 408 3454 537 3522; x_wconf 86' lang='lat' dir='ltr'><strong>snperbia</strong></span> <span class='ocrx_word' id='word_1_252' title='bbox 548 3454 601 3506; x_wconf 87' lang='lat' dir='ltr'><strong>GP</strong></span> <span class='ocrx_word' id='word_1_253' title='bbox 607 3454 636 3507; x_wconf 91' lang='lat' dir='ltr'><strong>in</strong></span> <span class='ocrx_word' id='word_1_254' title='bbox 646 3453 805 3522; x_wconf 87' lang='lat' dir='ltr'><strong>superbiam</strong></span> <span class='ocrx_word' id='word_1_255' title='bbox 815 3455 853 3508; x_wconf 86' lang='lat' dir='ltr'><strong>Re</strong></span> <span class='ocrx_word' id='word_1_256' title='bbox 907 3470 940 3508; x_wconf 85' lang='lat' dir='ltr'><strong>ee</strong></span> <span class='ocrx_word' id='word_1_257' title='bbox 955 3456 971 3507; x_wconf 84' lang='lat' dir='ltr'><strong>i.</strong></span> <span class='ocrx_word' id='word_1_258' title='bbox 987 3472 1040 3508; x_wconf 84' lang='lat' dir='ltr'><strong>ros.</strong></span> <span class='ocrx_word' id='word_1_259' title='bbox 1051 3472 1083 3506; x_wconf 88' lang='lat' dir='ltr'><strong>m.</strong></span> <span class='ocrx_word' id='word_1_260' title='bbox 1093 3451 1168 3508; x_wconf 79' lang='lat' dir='ltr'><strong>3rR</strong></span> <span class='ocrx_word' id='word_1_261' title='bbox 1220 3457 1238 3508; x_wconf 77' lang='lat' dir='ltr'><strong>t</strong></span> <span class='ocrx_word' id='word_1_262' title='bbox 1253 3453 1337 3508; x_wconf 85' lang='lat' dir='ltr'><strong>homi·</strong></span> <span class='ocrx_word' id='word_1_263' title='bbox 1353 3450 1398 3504; x_wconf 83' lang='lat' dir='ltr'><strong>nis</strong></span> <span class='ocrx_word' id='word_1_264' title='bbox 1409 3450 1432 3498; x_wconf 76' lang='grc' dir='ltr'><strong>(ι’</strong></span> 
     </span>
     <span class='ocr_line' id='line_1_31' title="bbox 288 3538 1433 3611; baseline -0.004 -16"><span class='ocrx_word' id='word_1_265' title='bbox 288 3538 520 3610; x_wconf 81' lang='lat' dir='ltr'><strong>bdegluttissent</strong></span> <span class='ocrx_word' id='word_1_266' title='bbox 539 3541 565 3594; x_wconf 90' lang='lat' dir='ltr'><strong><em>P</em></strong></span> <span class='ocrx_word' id='word_1_267' title='bbox 580 3540 765 3611; x_wconf 81' lang='lat' dir='ltr'><strong>deglutissent</strong></span> <span class='ocrx_word' id='word_1_268' title='bbox 784 3541 810 3594; x_wconf 94' lang='lat' dir='ltr'><em>R</em></span> <span class='ocrx_word' id='word_1_269' title='bbox 862 3545 989 3595; x_wconf 73' lang='lat' dir='ltr'><strong>testum.</strong></span> <span class='ocrx_word' id='word_1_270' title='bbox 1002 3543 1027 3595; x_wconf 87' lang='lat' dir='ltr'><em>G</em></span> <span class='ocrx_word' id='word_1_271' title='bbox 1080 3539 1331 3595; x_wconf 81' lang='lat' dir='ltr'><strong>dieiaoeterisPE</strong></span> <span class='ocrx_word' id='word_1_272' title='bbox 1339 3538 1433 3592; x_wconf 78' lang='lat' dir='ltr'><strong>dieere</strong></span> 
     </span>
     <span class='ocr_line' id='line_1_32' title="bbox 288 3622 1433 3697; baseline -0.004 -16"><span class='ocrx_word' id='word_1_273' title='bbox 288 3628 390 3681; x_wconf 82' lang='lat' dir='ltr'><strong>ceteris</strong></span> <span class='ocrx_word' id='word_1_274' title='bbox 408 3629 434 3681; x_wconf 99' lang='lat' dir='ltr'><em>R</em></span> <span class='ocrx_word' id='word_1_275' title='bbox 487 3630 520 3682; x_wconf 87' lang='grc'><strong>11</strong></span> <span class='ocrx_word' id='word_1_276' title='bbox 539 3645 606 3696; x_wconf 76' lang='lat' dir='ltr'><strong>ergo</strong></span> <span class='ocrx_word' id='word_1_277' title='bbox 634 3634 675 3682; x_wconf 85' lang='lat' dir='ltr'><strong>est</strong></span> <span class='ocrx_word' id='word_1_278' title='bbox 693 3629 719 3680; x_wconf 90' lang='lat' dir='ltr'><em>R</em></span> <span class='ocrx_word' id='word_1_279' title='bbox 736 3633 780 3682; x_wconf 87' lang='lat' dir='ltr'><strong>est</strong></span> <span class='ocrx_word' id='word_1_280' title='bbox 807 3644 874 3697; x_wconf 80' lang='lat' dir='ltr'><strong>ergo</strong></span> <span class='ocrx_word' id='word_1_281' title='bbox 900 3629 953 3681; x_wconf 82' lang='lat' dir='ltr'><strong>PE</strong></span> <span class='ocrx_word' id='word_1_282' title='bbox 1004 3629 1037 3681; x_wconf 73' lang='lat'><strong>12</strong></span> <span class='ocrx_word' id='word_1_283' title='bbox 1056 3627 1270 3682; x_wconf 84' lang='lat' dir='ltr'><strong>existimandum</strong></span> <span class='ocrx_word' id='word_1_284' title='bbox 1299 3625 1351 3678; x_wconf 86' lang='lat' dir='ltr'><strong>GR</strong></span> <span class='ocrx_word' id='word_1_285' title='bbox 1376 3622 1433 3676; x_wconf 82' lang='lat' dir='ltr'><strong>exi·</strong></span> 
     </span>
     <span class='ocr_line' id='line_1_33' title="bbox 288 3711 1433 3783; baseline -0.004 -15"><span class='ocrx_word' id='word_1_286' title='bbox 288 3713 458 3768; x_wconf 83' lang='lat' dir='ltr'><strong>stimandum</strong></span> <span class='ocrx_word' id='word_1_287' title='bbox 476 3731 535 3769; x_wconf 87' lang='lat' dir='ltr'><strong>esse</strong></span> <span class='ocrx_word' id='word_1_288' title='bbox 546 3714 598 3766; x_wconf 83' lang='lat' dir='ltr'><strong>PE</strong></span> <span class='ocrx_word' id='word_1_289' title='bbox 649 3717 682 3768; x_wconf 84' lang='grc'><strong>13</strong></span> <span class='ocrx_word' id='word_1_290' title='bbox 701 3713 853 3768; x_wconf 80' lang='lat' dir='ltr'><strong>seeundum</strong></span> <span class='ocrx_word' id='word_1_291' title='bbox 872 3713 1019 3783; x_wconf 82' lang='lat' dir='ltr'><strong>profetiam</strong></span> <span class='ocrx_word' id='word_1_292' title='bbox 1034 3715 1059 3767; x_wconf 88' lang='lat' dir='ltr'><em>G</em></span> <span class='ocrx_word' id='word_1_293' title='bbox 1072 3715 1225 3770; x_wconf 81' lang='lat' dir='ltr'><strong>seeundum</strong></span> <span class='ocrx_word' id='word_1_294' title='bbox 1243 3711 1433 3783; x_wconf 74' lang='lat' dir='ltr'><strong>propheticam</strong></span> 
     </span>
     <span class='ocr_line' id='line_1_34' title="bbox 288 3796 1432 3870; baseline -0.005 -16"><span class='ocrx_word' id='word_1_295' title='bbox 288 3800 444 3854; x_wconf 78' lang='lat' dir='ltr'><strong>doctrinam</strong></span> <span class='ocrx_word' id='word_1_296' title='bbox 453 3801 533 3853; x_wconf 87' lang='lat' dir='ltr'><strong>RPE</strong></span> <span class='ocrx_word' id='word_1_297' title='bbox 583 3801 695 3869; x_wconf 75' lang='lat' dir='ltr'><strong>cognito</strong></span> <span class='ocrx_word' id='word_1_298' title='bbox 707 3801 760 3854; x_wconf 88' lang='lat' dir='ltr'><strong>GP</strong></span> <span class='ocrx_word' id='word_1_299' title='bbox 776 3801 887 3869; x_wconf 76' lang='lat' dir='ltr'><strong>cognito</strong></span> <span class='ocrx_word' id='word_1_300' title='bbox 906 3801 957 3864; x_wconf 90' lang='lat' dir='ltr'><strong>(ito</strong></span> <span class='ocrx_word' id='word_1_301' title='bbox 976 3803 1003 3854; x_wconf 81' lang='lat' dir='ltr'><strong>in</strong></span> <span class='ocrx_word' id='word_1_302' title='bbox 1021 3799 1085 3867; x_wconf 73' lang='lat' dir='ltr'><strong>ros.)</strong></span> <span class='ocrx_word' id='word_1_303' title='bbox 1096 3802 1121 3854; x_wconf 94' lang='lat' dir='ltr'><em>R</em></span> <span class='ocrx_word' id='word_1_304' title='bbox 1175 3801 1242 3870; x_wconf 86' lang='lat' dir='ltr'><strong>quid</strong></span> <span class='ocrx_word' id='word_1_305' title='bbox 1251 3801 1301 3855; x_wconf 88' lang='lat' dir='ltr'><strong>RP</strong></span> <span class='ocrx_word' id='word_1_306' title='bbox 1314 3797 1394 3868; x_wconf 86' lang='lat' dir='ltr'><strong>qnod</strong></span> <span class='ocrx_word' id='word_1_307' title='bbox 1408 3796 1432 3848; x_wconf 85' lang='lat' dir='ltr'><em>G</em></span> 
     </span>
     <span class='ocr_line' id='line_1_35' title="bbox 287 3875 1432 3957; baseline -0.004 -16"><span class='ocrx_word' id='word_1_308' title='bbox 287 3889 321 3942; x_wconf 73' lang='lat'><strong>14</strong></span> <span class='ocrx_word' id='word_1_309' title='bbox 340 3875 469 3955; x_wconf 87' lang='lat' dir='ltr'><strong>loquetur</strong></span> <span class='ocrx_word' id='word_1_310' title='bbox 484 3888 509 3940; x_wconf 85' lang='lat' dir='ltr'><em>G</em></span> <span class='ocrx_word' id='word_1_311' title='bbox 519 3887 643 3956; x_wconf 90' lang='lat' dir='ltr'><strong>loquitur</strong></span> <span class='ocrx_word' id='word_1_312' title='bbox 652 3889 705 3941; x_wconf 75' lang='grc' dir='ltr'><strong>ΒΡ</strong></span> <span class='ocrx_word' id='word_1_313' title='bbox 757 3891 789 3943; x_wconf 84' lang='lat'><strong>15</strong></span> <span class='ocrx_word' id='word_1_314' title='bbox 802 3889 978 3957; x_wconf 77' lang='lat' dir='ltr'><strong>insurgerent</strong></span> <span class='ocrx_word' id='word_1_315' title='bbox 986 3887 1112 3942; x_wconf 84' lang='lat' dir='ltr'><strong>homines</strong></span> <span class='ocrx_word' id='word_1_316' title='bbox 1121 3888 1151 3942; x_wconf 91' lang='lat' dir='ltr'><strong>in</strong></span> <span class='ocrx_word' id='word_1_317' title='bbox 1161 3888 1239 3943; x_wconf 90' lang='lat' dir='ltr'><strong>nobis</strong></span> <span class='ocrx_word' id='word_1_318' title='bbox 1251 3888 1432 3954; x_wconf 75' lang='lat' dir='ltr'><strong>Gsurgerent</strong></span> 
     </span>
     <span class='ocr_line' id='line_1_36' title="bbox 285 3971 1430 4046; baseline -0.006 -19"><span class='ocrx_word' id='word_1_319' title='bbox 285 3974 412 4027; x_wconf 91' lang='lat' dir='ltr'><strong>homines</strong></span> <span class='ocrx_word' id='word_1_320' title='bbox 421 3975 450 4027; x_wconf 90' lang='lat' dir='ltr'><strong>in</strong></span> <span class='ocrx_word' id='word_1_321' title='bbox 460 3991 509 4028; x_wconf 90' lang='lat' dir='ltr'><strong>nos</strong></span> <span class='ocrx_word' id='word_1_322' title='bbox 519 3974 611 4036; x_wconf 78' lang='lat' dir='ltr'><strong>RPef.</strong></span> <span class='ocrx_word' id='word_1_323' title='bbox 621 3975 686 4045; x_wconf 78' lang='lat' dir='ltr'><strong>infr.</strong></span> <span class='ocrx_word' id='word_1_324' title='bbox 692 3995 720 4046; x_wconf 81' lang='lat' dir='ltr'><strong>p.</strong></span> <span class='ocrx_word' id='word_1_325' title='bbox 731 3975 796 4044; x_wconf 78' lang='lat'><strong>591,</strong></span> <span class='ocrx_word' id='word_1_326' title='bbox 806 3974 843 4028; x_wconf 83' lang='lat'><strong>21</strong></span> <span class='ocrx_word' id='word_1_327' title='bbox 853 3985 876 4028; x_wconf 80' lang='lat' dir='ltr'><strong>et</strong></span> <span class='ocrx_word' id='word_1_328' title='bbox 886 3977 958 4030; x_wconf 81' lang='lat' dir='ltr'><strong>Sted.</strong></span> <span class='ocrx_word' id='word_1_329' title='bbox 970 3973 1042 4029; x_wconf 78' lang='lat'><em>1889</em></span> <span class='ocrx_word' id='word_1_330' title='bbox 1048 3973 1137 4046; x_wconf 68' lang='lat' dir='ltr'><strong>part</strong></span> <span class='ocrx_word' id='word_1_331' title='bbox 1194 3978 1225 4031; x_wconf 89' lang='grc'><strong>16</strong></span> <span class='ocrx_word' id='word_1_332' title='bbox 1235 3971 1430 4042; x_wconf 77' lang='lat' dir='ltr'><strong>degluttissent</strong></span> 
     </span>
     <span class='ocr_line' id='line_1_37' title="bbox 288 4057 1431 4127; baseline -0.003 -14"><span class='ocrx_word' id='word_1_333' title='bbox 288 4062 314 4113; x_wconf 88' lang='lat' dir='ltr'><em>G</em></span> <span class='ocrx_word' id='word_1_334' title='bbox 332 4060 518 4127; x_wconf 78' lang='lat' dir='ltr'><strong>deglutissent</strong></span> <span class='ocrx_word' id='word_1_335' title='bbox 530 4062 583 4114; x_wconf 91' lang='lat' dir='ltr'><strong>RP</strong></span> <span class='ocrx_word' id='word_1_336' title='bbox 636 4064 667 4116; x_wconf 88' lang='grc'><strong>17</strong></span> <span class='ocrx_word' id='word_1_337' title='bbox 685 4063 760 4116; x_wconf 81' lang='lat' dir='ltr'><strong>diost</strong></span> <span class='ocrx_word' id='word_1_338' title='bbox 779 4063 804 4115; x_wconf 88' lang='lat' dir='ltr'><em>R</em></span> <span class='ocrx_word' id='word_1_339' title='bbox 822 4061 899 4116; x_wconf 76' lang='lat' dir='ltr'><strong>diost</strong></span> <span class='ocrx_word' id='word_1_340' title='bbox 919 4062 944 4114; x_wconf 87' lang='lat' dir='ltr'><em>G</em></span> <span class='ocrx_word' id='word_1_341' title='bbox 962 4061 1073 4116; x_wconf 79' lang='lat' dir='ltr'><strong>dieetP</strong></span> <span class='ocrx_word' id='word_1_342' title='bbox 1125 4064 1157 4116; x_wconf 78' lang='lat' dir='ltr'><strong>lt</strong></span> <span class='ocrx_word' id='word_1_343' title='bbox 1176 4059 1333 4115; x_wconf 82' lang='lat' dir='ltr'><strong>mundatum</strong></span> <span class='ocrx_word' id='word_1_344' title='bbox 1354 4057 1431 4124; x_wconf 61' lang='grc' dir='ltr'><strong>(Μ</strong></span> 
     </span>
     <span class='ocr_line' id='line_1_38' title="bbox 285 4144 1433 4204; baseline -0.002 -5"><span class='ocrx_word' id='word_1_345' title='bbox 285 4149 318 4200; x_wconf 78' lang='lat'><strong>21</strong></span> <span class='ocrx_word' id='word_1_346' title='bbox 332 4147 721 4203; x_wconf 82' lang='lat' dir='ltr'><strong>difficiliaGRPdiifieilesE</strong></span> <span class='ocrx_word' id='word_1_347' title='bbox 771 4150 806 4203; x_wconf 70' lang='lat'><strong>23</strong></span> <span class='ocrx_word' id='word_1_348' title='bbox 821 4149 994 4202; x_wconf 73' lang='lat' dir='ltr'><strong>inconsultae</strong></span> <span class='ocrx_word' id='word_1_349' title='bbox 1008 4149 1033 4201; x_wconf 89' lang='lat' dir='ltr'><em>R</em></span> <span class='ocrx_word' id='word_1_350' title='bbox 1086 4148 1192 4204; x_wconf 74' lang='lat' dir='ltr'><strong>laetam</strong></span> <span class='ocrx_word' id='word_1_351' title='bbox 1204 4148 1229 4202; x_wconf 77' lang='lat' dir='ltr'><em>G</em></span> <span class='ocrx_word' id='word_1_352' title='bbox 1238 4149 1339 4202; x_wconf 78' lang='lat' dir='ltr'><strong>iactans</strong></span> <span class='ocrx_word' id='word_1_353' title='bbox 1351 4144 1433 4198; x_wconf 83' lang='lat' dir='ltr'><strong>RPE</strong></span> 
     </span>
     <span class='ocr_line' id='line_1_39' title="bbox 284 4232 979 4290; baseline 0.003 -4"><span class='ocrx_word' id='word_1_354' title='bbox 284 4235 319 4287; x_wconf 81' lang='lat'><strong>26</strong></span> <span class='ocrx_word' id='word_1_355' title='bbox 338 4232 485 4288; x_wconf 82' lang='lat' dir='ltr'><strong>debeamus</strong></span> <span class='ocrx_word' id='word_1_356' title='bbox 500 4235 552 4288; x_wconf 88' lang='lat' dir='ltr'><strong>GP</strong></span> <span class='ocrx_word' id='word_1_357' title='bbox 562 4253 610 4289; x_wconf 89' lang='lat' dir='ltr'><strong>om.</strong></span> <span class='ocrx_word' id='word_1_358' title='bbox 624 4237 650 4288; x_wconf 92' lang='lat' dir='ltr'><em>R</em></span> <span class='ocrx_word' id='word_1_359' title='bbox 701 4237 737 4289; x_wconf 75' lang='lat'><strong>27</strong></span> <span class='ocrx_word' id='word_1_360' title='bbox 753 4235 929 4290; x_wconf 83' lang='lat' dir='ltr'><strong>moderantes</strong></span> <span class='ocrx_word' id='word_1_361' title='bbox 949 4235 979 4288; x_wconf 90' lang='lat' dir='ltr'><strong>P.</strong></span> 
     </span>
    </p>
   </div>
   <div class='ocr_carea' id='block_1_6' title="bbox 0 0 1542 4967">
    <p class='ocr_par' dir='ltr' id='par_1_6' title="bbox 0 0 1542 4967">
     <span class='ocr_line' id='line_1_40' title="bbox 0 0 1542 4967; baseline 0 0"><span class='ocrx_word' id='word_1_362' title='bbox 0 0 1542 4967; x_wconf 95' lang='lat' dir='ltr'><strong> </strong></span> 
     </span>
    </p>
   </div>
  </div>
 </body>
</html>
