<?xml version="1.0" encoding="UTF-8"?>
<!DOCTYPE html PUBLIC "-//W3C//DTD XHTML 1.0 Transitional//EN"
    "http://www.w3.org/TR/xhtml1/DTD/xhtml1-transitional.dtd">
<html xmlns="http://www.w3.org/1999/xhtml" xml:lang="en" lang="en">
 <head>
  <title>
</title>
<meta http-equiv="Content-Type" content="text/html;charset=utf-8" />
  <meta name='ocr-system' content='tesseract 3.04.00' />
  <meta name='ocr-capabilities' content='ocr_page ocr_carea ocr_par ocr_line ocrx_word'/>
</head>
<body>
  <div class='ocr_page' id='page_1' title='image "./corpusscriptoru23wiengoog_0268.png"; bbox 0 0 3075 4967; ppageno 0'>
   <div class='ocr_carea' id='block_1_1' title="bbox 313 257 1109 327">
    <p class='ocr_par' dir='ltr' id='par_1_1' title="bbox 313 257 1109 327">
     <span class='ocr_line' id='line_1_1' title="bbox 313 257 1109 327; baseline -0.016 -4"><span class='ocrx_word' id='word_1_1' title='bbox 313 258 378 325; x_wconf 77' lang='grc'>238</span> <span class='ocrx_word' id='word_1_2' title='bbox 661 258 780 311; x_wconf 75' lang='lat' dir='ltr'>cuncti</span> <span class='ocrx_word' id='word_1_3' title='bbox 798 258 932 312; x_wconf 89' lang='lat' dir='ltr'>Hilarii</span> <span class='ocrx_word' id='word_1_4' title='bbox 949 257 1109 327; x_wconf 75' lang='lat' dir='ltr'><strong>episcopi</strong></span> 
     </span>
    </p>
   </div>
   <div class='ocr_carea' id='block_1_2' title="bbox 262 445 1457 3243">
    <p class='ocr_par' dir='ltr' id='par_1_2' title="bbox 262 445 1457 2932">
     <span class='ocr_line' id='line_1_2' title="bbox 313 445 1449 531; baseline -0.002 -17"><span class='ocrx_word' id='word_1_5' title='bbox 313 447 451 530; x_wconf 81' lang='lat' dir='ltr'>perfecta</span> <span class='ocrx_word' id='word_1_6' title='bbox 474 449 584 513; x_wconf 85' lang='lat' dir='ltr'>domne</span> <span class='ocrx_word' id='word_1_7' title='bbox 606 448 657 514; x_wconf 82' lang='lat' dir='ltr'>(lei</span> <span class='ocrx_word' id='word_1_8' title='bbox 679 467 808 513; x_wconf 84' lang='lat' dir='ltr'>munera</span> <span class='ocrx_word' id='word_1_9' title='bbox 831 466 1027 531; x_wconf 78' lang='lat' dir='ltr'><strong>nequaquam</strong></span> <span class='ocrx_word' id='word_1_10' title='bbox 1051 447 1168 512; x_wconf 84' lang='lat' dir='ltr'>naturis</span> <span class='ocrx_word' id='word_1_11' title='bbox 1198 445 1368 513; x_wconf 83' lang='lat' dir='ltr'>cernelium</span> <span class='ocrx_word' id='word_1_12' title='bbox 1389 467 1449 512; x_wconf 89' lang='lat' dir='ltr'>aen·</span> 
     </span>
     <span class='ocr_line' id='line_1_3' title="bbox 314 550 1450 637; baseline -0.002 -19"><span class='ocrx_word' id='word_1_13' title='bbox 314 573 405 619; x_wconf 84' lang='lat' dir='ltr'>auum</span> <span class='ocrx_word' id='word_1_14' title='bbox 427 554 621 618; x_wconf 77' lang='lat' dir='ltr'>aestimanda</span> <span class='ocrx_word' id='word_1_15' title='bbox 664 553 750 617; x_wconf 91' lang='lat' dir='ltr'>nouit</span> <span class='ocrx_word' id='word_1_16' title='bbox 772 551 842 618; x_wconf 82' lang='lat' dir='ltr'>haec</span> <span class='ocrx_word' id='word_1_17' title='bbox 863 571 963 637; x_wconf 89' lang='lat' dir='ltr'>usqne</span> <span class='ocrx_word' id='word_1_18' title='bbox 977 552 1017 616; x_wconf 89' lang='lat' dir='ltr'>ad</span> <span class='ocrx_word' id='word_1_19' title='bbox 1033 552 1157 616; x_wconf 90' lang='lat' dir='ltr'>tertium</span> <span class='ocrx_word' id='word_1_20' title='bbox 1173 550 1285 617; x_wconf 83' lang='lat' dir='ltr'>caelum</span> <span class='ocrx_word' id='word_1_21' title='bbox 1303 550 1450 633; x_wconf 79' lang='lat' dir='ltr'>apostolus</span> 
     </span>
     <span class='ocr_line' id='line_1_4' title="bbox 314 655 1451 740; baseline -0.002 -18"><span class='ocrx_word' id='word_1_22' title='bbox 314 663 420 739; x_wconf 84' lang='lat' dir='ltr'>raptae</span> <span class='ocrx_word' id='word_1_23' title='bbox 443 662 475 722; x_wconf 88' lang='lat' dir='ltr'>ct</span> <span class='ocrx_word' id='word_1_24' title='bbox 497 657 644 739; x_wconf 73' lang='lat' dir='ltr'>praedicat</span> <span class='ocrx_word' id='word_1_25' title='bbox 666 657 790 723; x_wconf 79' lang='lat' dir='ltr'>dicens:</span> <span class='ocrx_word' id='word_1_26' title='bbox 826 657 931 740; x_wconf 88' lang='lat' dir='ltr'>qnod</span> <span class='ocrx_word' id='word_1_27' title='bbox 963 655 1105 721; x_wconf 85' lang='lat' dir='ltr'>oculus</span> <span class='ocrx_word' id='word_1_28' title='bbox 1138 674 1214 721; x_wconf 90' lang='lat' dir='ltr'>non</span> <span class='ocrx_word' id='word_1_29' title='bbox 1249 656 1366 728; x_wconf 84' lang='lat' dir='ltr'>uidit.</span> <span class='ocrx_word' id='word_1_30' title='bbox 1388 676 1451 721; x_wconf 88' lang='lat' dir='ltr'>nec</span> 
     </span>
     <span class='ocr_line' id='line_1_5' title="bbox 281 760 1451 844; baseline -0.001 -18"><span class='ocrx_word' id='word_1_31' title='bbox 281 763 425 826; x_wconf 83' lang='lat' dir='ltr'>‘auria</span> <span class='ocrx_word' id='word_1_32' title='bbox 460 762 630 840; x_wconf 80' lang='lat' dir='ltr'>audiuit,</span> <span class='ocrx_word' id='word_1_33' title='bbox 664 781 737 827; x_wconf 83' lang='lat' dir='ltr'>nec</span> <span class='ocrx_word' id='word_1_34' title='bbox 771 762 809 826; x_wconf 93' lang='lat' dir='ltr'>in</span> <span class='ocrx_word' id='word_1_35' title='bbox 843 780 912 826; x_wconf 88' lang='lat' dir='ltr'>cor</span> <span class='ocrx_word' id='word_1_36' title='bbox 948 760 1125 826; x_wconf 89' lang='lat' dir='ltr'>bominis</span> <span class='ocrx_word' id='word_1_37' title='bbox 1155 761 1356 839; x_wconf 73' lang='lat' dir='ltr'>ascendit,</span> <span class='ocrx_word' id='word_1_38' title='bbox 1378 781 1451 844; x_wconf 85' lang='lat' dir='ltr'>qnae</span> 
     </span>
     <span class='ocr_line' id='line_1_6' title="bbox 274 863 1453 950; baseline 0.001 -22"><span class='ocrx_word' id='word_1_39' title='bbox 274 890 287 928; x_wconf 84' lang='lat' dir='ltr'>a</span> <span class='ocrx_word' id='word_1_40' title='bbox 315 867 565 948; x_wconf 81' lang='lat' dir='ltr'>praeparauit</span> <span class='ocrx_word' id='word_1_41' title='bbox 598 866 697 931; x_wconf 86' lang='lat' dir='ltr'>dana</span> <span class='ocrx_word' id='word_1_42' title='bbox 731 865 804 944; x_wconf 86' lang='lat' dir='ltr'>bis,</span> <span class='ocrx_word' id='word_1_43' title='bbox 839 866 903 949; x_wconf 91' lang='lat' dir='ltr'>qui</span> <span class='ocrx_word' id='word_1_44' title='bbox 939 865 1124 950; x_wconf 81' lang='lat' dir='ltr'>diligunt</span> <span class='ocrx_word' id='word_1_45' title='bbox 1158 885 1252 930; x_wconf 88' lang='lat' dir='ltr'>eurn.</span> <span class='ocrx_word' id='word_1_46' title='bbox 1297 863 1347 930; x_wconf 84' lang='lat' dir='ltr'>bic</span> <span class='ocrx_word' id='word_1_47' title='bbox 1369 865 1453 949; x_wconf 79' lang='lat' dir='ltr'>igitur</span> 
     </span>
     <span class='ocr_line' id='line_1_7' title="bbox 314 968 1451 1051; baseline -0.002 -16"><span class='ocrx_word' id='word_1_48' title='bbox 314 971 425 1036; x_wconf 82' lang='lat' dir='ltr'>domus</span> <span class='ocrx_word' id='word_1_49' title='bbox 447 971 498 1036; x_wconf 88' lang='lat' dir='ltr'>dei</span> <span class='ocrx_word' id='word_1_50' title='bbox 520 971 610 1036; x_wconf 84' lang='lat' dir='ltr'>donis</span> <span class='ocrx_word' id='word_1_51' title='bbox 626 969 824 1051; x_wconf 86' lang='lat' dir='ltr'>replebimur.</span> <span class='ocrx_word' id='word_1_52' title='bbox 869 977 900 1036; x_wconf 90' lang='lat' dir='ltr'>et</span> <span class='ocrx_word' id='word_1_53' title='bbox 912 971 1058 1036; x_wconf 84' lang='lat' dir='ltr'>meritum</span> <span class='ocrx_word' id='word_1_54' title='bbox 1069 969 1340 1050; x_wconf 78' lang='lat' dir='ltr'>percipiendorum</span> <span class='ocrx_word' id='word_1_55' title='bbox 1352 968 1451 1034; x_wconf 89' lang='lat' dir='ltr'>horum</span> 
     </span>
     <span class='ocr_line' id='line_1_8' title="bbox 314 1072 1453 1154; baseline 0.001 -17"><span class='ocrx_word' id='word_1_56' title='bbox 314 1073 470 1140; x_wconf 86' lang='lat' dir='ltr'>fructuum</span> <span class='ocrx_word' id='word_1_57' title='bbox 507 1076 599 1141; x_wconf 86' lang='lat' dir='ltr'>(locat</span> <span class='ocrx_word' id='word_1_58' title='bbox 631 1075 755 1140; x_wconf 87' lang='lat' dir='ltr'>dicens:</span> <span class='ocrx_word' id='word_1_59' title='bbox 794 1081 979 1140; x_wconf 84' lang='lat' dir='ltr'>sanctum</span> <span class='ocrx_word' id='word_1_60' title='bbox 1018 1085 1080 1140; x_wconf 85' lang='lat' dir='ltr'>est</span> <span class='ocrx_word' id='word_1_61' title='bbox 1117 1072 1307 1154; x_wconf 90' lang='lat' dir='ltr'>templum</span> <span class='ocrx_word' id='word_1_62' title='bbox 1346 1079 1453 1139; x_wconf 88' lang='lat' dir='ltr'>tunm.</span> 
     </span>
     <span class='ocr_line' id='line_1_9' title="bbox 316 1177 1454 1263; baseline -0.003 -20"><span class='ocrx_word' id='word_1_63' title='bbox 316 1178 509 1247; x_wconf 81' lang='lat' dir='ltr'>mirabile</span> <span class='ocrx_word' id='word_1_64' title='bbox 530 1179 570 1243; x_wconf 92' lang='lat' dir='ltr'>in</span> <span class='ocrx_word' id='word_1_65' title='bbox 592 1180 798 1263; x_wconf 77' lang='lat' dir='ltr'>aequitate.</span> <span class='ocrx_word' id='word_1_66' title='bbox 844 1177 946 1244; x_wconf 87' lang='lat' dir='ltr'>omnia</span> <span class='ocrx_word' id='word_1_67' title='bbox 969 1197 1103 1262; x_wconf 88' lang='lat' dir='ltr'>namque</span> <span class='ocrx_word' id='word_1_68' title='bbox 1125 1179 1319 1244; x_wconf 88' lang='lat' dir='ltr'>credentium</span> <span class='ocrx_word' id='word_1_69' title='bbox 1335 1197 1454 1259; x_wconf 88' lang='lat' dir='ltr'>corporo</span> 
     </span>
     <span class='ocr_line' id='line_1_10' title="bbox 305 1282 1451 1366; baseline -0.001 -19"><span class='ocrx_word' id='word_1_70' title='bbox 305 1282 465 1364; x_wconf 70' lang='lat' dir='ltr'>‚templum</span> <span class='ocrx_word' id='word_1_71' title='bbox 489 1285 538 1348; x_wconf 86' lang='lat' dir='ltr'>dci</span> <span class='ocrx_word' id='word_1_72' title='bbox 562 1302 632 1350; x_wconf 83' lang='lat' dir='ltr'>cccc</span> <span class='ocrx_word' id='word_1_73' title='bbox 647 1282 803 1365; x_wconf 86' lang='lat' dir='ltr'>apostolus</span> <span class='ocrx_word' id='word_1_74' title='bbox 819 1284 907 1348; x_wconf 86' lang='lat' dir='ltr'>docet</span> <span class='ocrx_word' id='word_1_75' title='bbox 930 1283 1053 1349; x_wconf 84' lang='lat' dir='ltr'>dicens:</span> <span class='ocrx_word' id='word_1_76' title='bbox 1078 1301 1123 1347; x_wconf 86' lang='lat' dir='ltr'>an</span> <span class='ocrx_word' id='word_1_77' title='bbox 1148 1282 1333 1359; x_wconf 80' lang='lat' dir='ltr'>nescitis,</span> <span class='ocrx_word' id='word_1_78' title='bbox 1357 1283 1451 1366; x_wconf 88' lang='lat' dir='ltr'>quod</span> 
     </span>
     <span class='ocr_line' id='line_1_11' title="bbox 264 1383 1453 1469; baseline 0.003 -25"><span class='ocrx_word' id='word_1_79' title='bbox 264 1410 287 1446; x_wconf 80' lang='lat' dir='ltr'>n</span> <span class='ocrx_word' id='word_1_80' title='bbox 317 1386 510 1468; x_wconf 89' lang='lat' dir='ltr'>templum</span> <span class='ocrx_word' id='word_1_81' title='bbox 529 1387 712 1454; x_wconf 80' lang='lat' dir='ltr'>deiectis</span> <span class='ocrx_word' id='word_1_82' title='bbox 739 1393 777 1452; x_wconf 88' lang='lat' dir='ltr'>ct</span> <span class='ocrx_word' id='word_1_83' title='bbox 800 1386 976 1469; x_wconf 87' lang='lat' dir='ltr'>spiritua</span> <span class='ocrx_word' id='word_1_84' title='bbox 993 1386 1240 1452; x_wconf 86' lang='lat' dir='ltr'>deihabitat</span> <span class='ocrx_word' id='word_1_85' title='bbox 1260 1386 1300 1452; x_wconf 92' lang='lat' dir='ltr'>in</span> <span class='ocrx_word' id='word_1_86' title='bbox 1322 1383 1453 1452; x_wconf 80' lang='lat' dir='ltr'>uobis?</span> 
     </span>
     <span class='ocr_line' id='line_1_12' title="bbox 316 1489 1454 1576; baseline -0.003 -19"><span class='ocrx_word' id='word_1_87' title='bbox 316 1491 350 1557; x_wconf 82' lang='lat' dir='ltr'>si</span> <span class='ocrx_word' id='word_1_88' title='bbox 373 1492 465 1576; x_wconf 85' lang='lat' dir='ltr'>quis</span> <span class='ocrx_word' id='word_1_89' title='bbox 489 1491 763 1573; x_wconf 88' lang='lat' dir='ltr'>templumdei</span> <span class='ocrx_word' id='word_1_90' title='bbox 780 1491 1023 1572; x_wconf 82' lang='lat' dir='ltr'>corruperit,</span> <span class='ocrx_word' id='word_1_91' title='bbox 1040 1496 1274 1571; x_wconf 78' lang='lat' dir='ltr'>corrumpet</span> <span class='ocrx_word' id='word_1_92' title='bbox 1297 1497 1336 1556; x_wconf 88' lang='lat' dir='ltr'>et</span> <span class='ocrx_word' id='word_1_93' title='bbox 1356 1489 1454 1555; x_wconf 88' lang='lat' dir='ltr'>hunc</span> 
     </span>
     <span class='ocr_line' id='line_1_13' title="bbox 315 1595 1454 1677; baseline -0.002 -16"><span class='ocrx_word' id='word_1_94' title='bbox 315 1598 422 1662; x_wconf 77' lang='lat' dir='ltr'>deus.</span> <span class='ocrx_word' id='word_1_95' title='bbox 467 1596 661 1677; x_wconf 90' lang='lat' dir='ltr'>templum</span> <span class='ocrx_word' id='word_1_96' title='bbox 699 1596 807 1661; x_wconf 89' lang='lat' dir='ltr'>enim</span> <span class='ocrx_word' id='word_1_97' title='bbox 843 1597 908 1662; x_wconf 88' lang='lat' dir='ltr'>dei</span> <span class='ocrx_word' id='word_1_98' title='bbox 947 1601 1132 1662; x_wconf 84' lang='lat' dir='ltr'>sanctum</span> <span class='ocrx_word' id='word_1_99' title='bbox 1171 1600 1243 1660; x_wconf 89' lang='lat' dir='ltr'>est.</span> <span class='ocrx_word' id='word_1_100' title='bbox 1288 1595 1454 1660; x_wconf 90' lang='lat' dir='ltr'>ornandum</span> 
     </span>
     <span class='ocr_line' id='line_1_14' title="bbox 315 1698 1455 1784; baseline -0.002 -19"><span class='ocrx_word' id='word_1_101' title='bbox 315 1719 391 1784; x_wconf 84' lang='lat' dir='ltr'>ergo</span> <span class='ocrx_word' id='word_1_102' title='bbox 414 1698 474 1765; x_wconf 91' lang='lat' dir='ltr'>hcc</span> <span class='ocrx_word' id='word_1_103' title='bbox 497 1700 547 1765; x_wconf 89' lang='lat' dir='ltr'>dei</span> <span class='ocrx_word' id='word_1_104' title='bbox 570 1699 719 1782; x_wconf 87' lang='lat' dir='ltr'>templum</span> <span class='ocrx_word' id='word_1_105' title='bbox 750 1705 799 1765; x_wconf 84' lang='lat' dir='ltr'>aet</span> <span class='ocrx_word' id='word_1_106' title='bbox 829 1699 993 1766; x_wconf 84' lang='lat' dir='ltr'>sanctitat-e</span> <span class='ocrx_word' id='word_1_107' title='bbox 1022 1706 1116 1784; x_wconf 85' lang='lat' dir='ltr'>atque</span> <span class='ocrx_word' id='word_1_108' title='bbox 1145 1700 1273 1780; x_wconf 84' lang='lat' dir='ltr'>iustitia,</span> <span class='ocrx_word' id='word_1_109' title='bbox 1307 1705 1341 1764; x_wconf 89' lang='lat' dir='ltr'>ut</span> <span class='ocrx_word' id='word_1_110' title='bbox 1372 1698 1455 1764; x_wconf 86' lang='lat' dir='ltr'>bcnia</span> 
     </span>
     <span class='ocr_line' id='line_1_15' title="bbox 315 1801 1455 1888; baseline 0 -21"><span class='ocrx_word' id='word_1_111' title='bbox 315 1805 426 1870; x_wconf 84' lang='lat' dir='ltr'>domuc</span> <span class='ocrx_word' id='word_1_112' title='bbox 460 1804 510 1871; x_wconf 83' lang='lat' dir='ltr'>dci</span> <span class='ocrx_word' id='word_1_113' title='bbox 543 1804 706 1886; x_wconf 85' lang='lat' dir='ltr'>repleatur,</span> <span class='ocrx_word' id='word_1_114' title='bbox 740 1811 775 1868; x_wconf 91' lang='lat' dir='ltr'>nt</span> <span class='ocrx_word' id='word_1_115' title='bbox 804 1805 959 1887; x_wconf 70' lang='lat' dir='ltr'>aequitatis</span> <span class='ocrx_word' id='word_1_116' title='bbox 992 1823 1029 1869; x_wconf 83' lang='lat' dir='ltr'>ec</span> <span class='ocrx_word' id='word_1_117' title='bbox 1051 1802 1126 1868; x_wconf 86' lang='lat' dir='ltr'>fidei</span> <span class='ocrx_word' id='word_1_118' title='bbox 1149 1803 1292 1888; x_wconf 85' lang='lat' dir='ltr'>operibus</span> <span class='ocrx_word' id='word_1_119' title='bbox 1320 1801 1455 1868; x_wconf 86' lang='lat' dir='ltr'>mirabile</span> 
     </span>
     <span class='ocr_line' id='line_1_16' title="bbox 263 1906 1456 1990; baseline -0.003 -16"><span class='ocrx_word' id='word_1_120' title='bbox 263 1931 288 1968; x_wconf 80' lang='lat' dir='ltr'>a</span> <span class='ocrx_word' id='word_1_121' title='bbox 314 1909 364 1977; x_wconf 81' lang='lat' dir='ltr'>ait.</span> <span class='ocrx_word' id='word_1_122' title='bbox 409 1909 537 1976; x_wconf 81' lang='lat' dir='ltr'>domurn</span> <span class='ocrx_word' id='word_1_123' title='bbox 567 1914 669 1974; x_wconf 85' lang='lat' dir='ltr'>autem</span> <span class='ocrx_word' id='word_1_124' title='bbox 703 1910 754 1975; x_wconf 82' lang='lat' dir='ltr'>(lei</span> <span class='ocrx_word' id='word_1_125' title='bbox 789 1911 882 1975; x_wconf 86' lang='lat' dir='ltr'>etiam</span> <span class='ocrx_word' id='word_1_126' title='bbox 915 1909 1018 1990; x_wconf 88' lang='lat' dir='ltr'>ipsum</span> <span class='ocrx_word' id='word_1_127' title='bbox 1049 1909 1247 1990; x_wconf 82' lang='lat' dir='ltr'>adsumptum</span> <span class='ocrx_word' id='word_1_128' title='bbox 1279 1929 1297 1973; x_wconf 91' lang='lat' dir='ltr'>a</span> <span class='ocrx_word' id='word_1_129' title='bbox 1327 1909 1377 1974; x_wconf 90' lang='lat' dir='ltr'>dei</span> <span class='ocrx_word' id='word_1_130' title='bbox 1398 1906 1456 1972; x_wconf 87' lang='lat' dir='ltr'>tilio</span> 
     </span>
     <span class='ocr_line' id='line_1_17' title="bbox 316 2011 1455 2098; baseline -0.004 -20"><span class='ocrx_word' id='word_1_131' title='bbox 316 2013 474 2080; x_wconf 89' lang='lat' dir='ltr'>bominem</span> <span class='ocrx_word' id='word_1_132' title='bbox 515 2012 697 2098; x_wconf 66' lang='lat' dir='ltr'>intellegere</span> <span class='ocrx_word' id='word_1_133' title='bbox 738 2013 798 2080; x_wconf 90' lang='lat' dir='ltr'>erit</span> <span class='ocrx_word' id='word_1_134' title='bbox 838 2020 1025 2096; x_wconf 87' lang='lat' dir='ltr'>promptum,</span> <span class='ocrx_word' id='word_1_135' title='bbox 1065 2012 1138 2096; x_wconf 83' lang='lat' dir='ltr'>quia</span> <span class='ocrx_word' id='word_1_136' title='bbox 1171 2013 1202 2076; x_wconf 95' lang='lat' dir='ltr'>in</span> <span class='ocrx_word' id='word_1_137' title='bbox 1239 2032 1275 2077; x_wconf 91' lang='lat' dir='ltr'>eo</span> <span class='ocrx_word' id='word_1_138' title='bbox 1309 2011 1455 2078; x_wconf 85' lang='lat' dir='ltr'>inhabitet</span> 
     </span>
     <span class='ocr_line' id='line_1_18' title="bbox 315 2117 1455 2199; baseline 0 -18"><span class='ocrx_word' id='word_1_139' title='bbox 315 2119 416 2183; x_wconf 82' lang='lat' dir='ltr'>omnic</span> <span class='ocrx_word' id='word_1_140' title='bbox 438 2117 597 2199; x_wconf 89' lang='lat' dir='ltr'>plenitudo</span> <span class='ocrx_word' id='word_1_141' title='bbox 619 2118 800 2197; x_wconf 81' lang='lat' dir='ltr'>diuinitatis,</span> <span class='ocrx_word' id='word_1_142' title='bbox 832 2124 863 2183; x_wconf 87' lang='lat' dir='ltr'>ct</span> <span class='ocrx_word' id='word_1_143' title='bbox 892 2139 947 2199; x_wconf 87' lang='lat' dir='ltr'>per</span> <span class='ocrx_word' id='word_1_144' title='bbox 977 2123 1092 2182; x_wconf 80' lang='lat' dir='ltr'>naturae</span> <span class='ocrx_word' id='word_1_145' title='bbox 1127 2117 1347 2198; x_wconf 73' lang='lat' dir='ltr'>proprietatem</span> <span class='ocrx_word' id='word_1_146' title='bbox 1371 2119 1402 2182; x_wconf 94' lang='lat' dir='ltr'>in</span> <span class='ocrx_word' id='word_1_147' title='bbox 1423 2137 1455 2182; x_wconf 89' lang='lat' dir='ltr'>ao</span> 
     </span>
     <span class='ocr_line' id='line_1_19' title="bbox 315 2220 1455 2307; baseline 0 -21"><span class='ocrx_word' id='word_1_148' title='bbox 315 2226 404 2302; x_wconf 84' lang='lat' dir='ltr'>poter</span> <span class='ocrx_word' id='word_1_149' title='bbox 427 2222 554 2300; x_wconf 74' lang='lat' dir='ltr'>habitet,</span> <span class='ocrx_word' id='word_1_150' title='bbox 576 2222 667 2288; x_wconf 83' lang='lat' dir='ltr'>bunia</span> <span class='ocrx_word' id='word_1_151' title='bbox 689 2223 793 2307; x_wconf 83' lang='lat' dir='ltr'>itaque</span> <span class='ocrx_word' id='word_1_152' title='bbox 816 2224 892 2302; x_wconf 80' lang='lat' dir='ltr'>eina,</span> <span class='ocrx_word' id='word_1_153' title='bbox 914 2223 946 2288; x_wconf 90' lang='lat' dir='ltr'>id</span> <span class='ocrx_word' id='word_1_154' title='bbox 981 2229 1029 2288; x_wconf 85' lang='lat' dir='ltr'>est</span> <span class='ocrx_word' id='word_1_155' title='bbox 1062 2222 1195 2301; x_wconf 86' lang='lat' dir='ltr'>uirtutis,</span> <span class='ocrx_word' id='word_1_156' title='bbox 1229 2220 1343 2306; x_wconf 62' lang='lat' dir='ltr'>gloriae,</span> <span class='ocrx_word' id='word_1_157' title='bbox 1373 2229 1455 2287; x_wconf 81' lang='lat' dir='ltr'>aerar-</span> 
     </span>
     <span class='ocr_line' id='line_1_20' title="bbox 316 2326 1456 2411; baseline -0.001 -21"><span class='ocrx_word' id='word_1_158' title='bbox 316 2327 422 2392; x_wconf 80' lang='lat' dir='ltr'>nitatis</span> <span class='ocrx_word' id='word_1_159' title='bbox 443 2345 627 2410; x_wconf 85' lang='lat' dir='ltr'>unoquoque</span> <span class='ocrx_word' id='word_1_160' title='bbox 650 2346 686 2391; x_wconf 92' lang='lat' dir='ltr'>co</span> <span class='ocrx_word' id='word_1_161' title='bbox 709 2326 867 2408; x_wconf 83' lang='lat' dir='ltr'>replendo,</span> <span class='ocrx_word' id='word_1_162' title='bbox 891 2327 942 2410; x_wconf 87' lang='lat' dir='ltr'>qui</span> <span class='ocrx_word' id='word_1_163' title='bbox 967 2346 1002 2392; x_wconf 87' lang='lat' dir='ltr'>se</span> <span class='ocrx_word' id='word_1_164' title='bbox 1025 2326 1175 2411; x_wconf 88' lang='lat' dir='ltr'>templum</span> <span class='ocrx_word' id='word_1_165' title='bbox 1199 2327 1257 2391; x_wconf 89' lang='lat' dir='ltr'>deo</span> <span class='ocrx_word' id='word_1_166' title='bbox 1272 2333 1414 2392; x_wconf 84' lang='lat' dir='ltr'>sanctum</span> <span class='ocrx_word' id='word_1_167' title='bbox 1428 2331 1456 2390; x_wconf 88' lang='lat' dir='ltr'>et</span> 
     </span>
     <span class='ocr_line' id='line_1_21' title="bbox 262 2429 1456 2515; baseline -0.001 -21"><span class='ocrx_word' id='word_1_168' title='bbox 262 2447 288 2484; x_wconf 81' lang='lat'>20</span> <span class='ocrx_word' id='word_1_169' title='bbox 315 2429 459 2496; x_wconf 88' lang='lat' dir='ltr'>mirabile</span> <span class='ocrx_word' id='word_1_170' title='bbox 482 2430 513 2495; x_wconf 93' lang='lat' dir='ltr'>in</span> <span class='ocrx_word' id='word_1_171' title='bbox 536 2431 681 2514; x_wconf 83' lang='lat' dir='ltr'>aeqnitatc</span> <span class='ocrx_word' id='word_1_172' title='bbox 703 2432 883 2496; x_wconf 81' lang='lat' dir='ltr'>seruauerit.</span> <span class='ocrx_word' id='word_1_173' title='bbox 928 2431 1066 2496; x_wconf 90' lang='lat' dir='ltr'>omnium</span> <span class='ocrx_word' id='word_1_174' title='bbox 1089 2433 1194 2515; x_wconf 85' lang='lat' dir='ltr'>itaqua</span> <span class='ocrx_word' id='word_1_175' title='bbox 1218 2451 1289 2513; x_wconf 83' lang='lat' dir='ltr'>apae</span> <span class='ocrx_word' id='word_1_176' title='bbox 1323 2432 1383 2496; x_wconf 82' lang='lat' dir='ltr'>ista</span> <span class='ocrx_word' id='word_1_177' title='bbox 1404 2437 1456 2506; x_wconf 78' lang='lat' dir='ltr'>eet</span> 
     </span>
     <span class='ocr_line' id='line_1_22' title="bbox 315 2533 1455 2616; baseline 0 -18"><span class='ocrx_word' id='word_1_178' title='bbox 315 2541 348 2598; x_wconf 88' lang='lat' dir='ltr'>nt</span> <span class='ocrx_word' id='word_1_179' title='bbox 369 2533 460 2600; x_wconf 81' lang='lat' dir='ltr'>bonis</span> <span class='ocrx_word' id='word_1_180' title='bbox 483 2534 593 2600; x_wconf 87' lang='lat' dir='ltr'>domus</span> <span class='ocrx_word' id='word_1_181' title='bbox 616 2534 665 2600; x_wconf 78' lang='lat' dir='ltr'>(lei</span> <span class='ocrx_word' id='word_1_182' title='bbox 688 2534 872 2615; x_wconf 79' lang='lat' dir='ltr'>repleamur,</span> <span class='ocrx_word' id='word_1_183' title='bbox 896 2541 930 2600; x_wconf 92' lang='lat' dir='ltr'>ut</span> <span class='ocrx_word' id='word_1_184' title='bbox 949 2543 1091 2601; x_wconf 86' lang='lat' dir='ltr'>sanctum</span> <span class='ocrx_word' id='word_1_185' title='bbox 1108 2541 1140 2601; x_wconf 86' lang='lat' dir='ltr'>et</span> <span class='ocrx_word' id='word_1_186' title='bbox 1156 2534 1297 2601; x_wconf 89' lang='lat' dir='ltr'>mirabile</span> <span class='ocrx_word' id='word_1_187' title='bbox 1311 2533 1455 2616; x_wconf 86' lang='lat' dir='ltr'>templum</span> 
     </span>
     <span class='ocr_line' id='line_1_23' title="bbox 315 2636 1456 2723; baseline 0.001 -22"><span class='ocrx_word' id='word_1_188' title='bbox 315 2636 397 2703; x_wconf 82' lang='lat' dir='ltr'>illius</span> <span class='ocrx_word' id='word_1_189' title='bbox 419 2640 526 2704; x_wconf 83' lang='lat' dir='ltr'>aimus.</span> <span class='ocrx_word' id='word_1_190' title='bbox 571 2639 654 2704; x_wconf 87' lang='lat' dir='ltr'>beati</span> <span class='ocrx_word' id='word_1_191' title='bbox 670 2639 798 2722; x_wconf 82' lang='lat' dir='ltr'>quidem</span> <span class='ocrx_word' id='word_1_192' title='bbox 815 2645 893 2718; x_wconf 86' lang='lat' dir='ltr'>sunt,</span> <span class='ocrx_word' id='word_1_193' title='bbox 918 2641 970 2723; x_wconf 91' lang='lat' dir='ltr'>qui</span> <span class='ocrx_word' id='word_1_194' title='bbox 985 2640 1048 2704; x_wconf 90' lang='lat' dir='ltr'>iam</span> <span class='ocrx_word' id='word_1_195' title='bbox 1072 2659 1089 2704; x_wconf 89' lang='lat' dir='ltr'>a</span> <span class='ocrx_word' id='word_1_196' title='bbox 1112 2640 1170 2704; x_wconf 89' lang='lat' dir='ltr'>dcc</span> <span class='ocrx_word' id='word_1_197' title='bbox 1193 2641 1232 2706; x_wconf 85' lang='lat' dir='ltr'>ed</span> <span class='ocrx_word' id='word_1_198' title='bbox 1256 2638 1456 2705; x_wconf 84' lang='lat' dir='ltr'>habitandum</span> 
     </span>
     <span class='ocr_line' id='line_1_24' title="bbox 315 2742 1456 2823; baseline 0 -17"><span class='ocrx_word' id='word_1_199' title='bbox 315 2743 347 2806; x_wconf 93' lang='lat' dir='ltr'>in</span> <span class='ocrx_word' id='word_1_200' title='bbox 370 2742 575 2809; x_wconf 81' lang='lat' dir='ltr'>tabernaculis</span> <span class='ocrx_word' id='word_1_201' title='bbox 597 2744 664 2810; x_wconf 84' lang='lat' dir='ltr'>eina</span> <span class='ocrx_word' id='word_1_202' title='bbox 686 2742 776 2809; x_wconf 87' lang='lat' dir='ltr'>electi</span> <span class='ocrx_word' id='word_1_203' title='bbox 800 2751 880 2823; x_wconf 73' lang='lat' dir='ltr'>sunt,</span> <span class='ocrx_word' id='word_1_204' title='bbox 903 2745 958 2810; x_wconf 84' lang='lat' dir='ltr'>sed</span> <span class='ocrx_word' id='word_1_205' title='bbox 981 2743 1128 2809; x_wconf 84' lang='lat' dir='ltr'>icetinere</span> <span class='ocrx_word' id='word_1_206' title='bbox 1153 2763 1210 2808; x_wconf 87' lang='lat' dir='ltr'>nos</span> <span class='ocrx_word' id='word_1_207' title='bbox 1225 2743 1256 2809; x_wconf 91' lang='lat' dir='ltr'>in</span> <span class='ocrx_word' id='word_1_208' title='bbox 1274 2743 1456 2810; x_wconf 84' lang='lat' dir='ltr'>consortium</span> 
     </span>
     <span class='ocr_line' id='line_1_25' title="bbox 318 2844 1457 2932; baseline -0.001 -22"><span class='ocrx_word' id='word_1_209' title='bbox 318 2844 408 2911; x_wconf 80' lang='lat' dir='ltr'>buius</span> <span class='ocrx_word' id='word_1_210' title='bbox 430 2846 628 2913; x_wconf 79' lang='lat' dir='ltr'>beatitudinis</span> <span class='ocrx_word' id='word_1_211' title='bbox 651 2867 821 2932; x_wconf 76' lang='lat' dir='ltr'>congruum</span> <span class='ocrx_word' id='word_1_212' title='bbox 837 2852 892 2914; x_wconf 88' lang='lat' dir='ltr'>eet.</span> <span class='ocrx_word' id='word_1_213' title='bbox 916 2848 1146 2930; x_wconf 75' lang='lat' dir='ltr'>operationibus</span> <span class='ocrx_word' id='word_1_214' title='bbox 1162 2849 1194 2912; x_wconf 87' lang='lat' dir='ltr'>id</span> <span class='ocrx_word' id='word_1_215' title='bbox 1210 2853 1302 2931; x_wconf 76' lang='lat' dir='ltr'>atquc</span> <span class='ocrx_word' id='word_1_216' title='bbox 1318 2846 1457 2912; x_wconf 86' lang='lat' dir='ltr'>orationi·</span> 
     </span>
    </p>

    <p class='ocr_par' dir='ltr' id='par_1_3' title="bbox 264 2950 1457 3243">
     <span class='ocr_line' id='line_1_26' title="bbox 264 2950 632 3034; baseline 0.005 -20"><span class='ocrx_word' id='word_1_217' title='bbox 264 2965 290 3002; x_wconf 71' lang='lat'>²⁵</span> <span class='ocrx_word' id='word_1_218' title='bbox 318 2950 376 3014; x_wconf 84' lang='lat' dir='ltr'>bna</span> <span class='ocrx_word' id='word_1_219' title='bbox 398 2958 632 3034; x_wconf 81' lang='lat' dir='ltr'>consequentes.</span> 
     </span>
     <span class='ocr_line' id='line_1_27' title="bbox 360 3053 1457 3140; baseline 0 -23"><span class='ocrx_word' id='word_1_220' title='bbox 360 3054 389 3118; x_wconf 84' lang='lat'>7.</span> <span class='ocrx_word' id='word_1_221' title='bbox 412 3053 458 3120; x_wconf 88' lang='lat' dir='ltr'>Ob</span> <span class='ocrx_word' id='word_1_222' title='bbox 482 3055 564 3137; x_wconf 87' lang='lat' dir='ltr'>quod</span> <span class='ocrx_word' id='word_1_223' title='bbox 587 3056 630 3120; x_wconf 89' lang='lat' dir='ltr'>ita</span> <span class='ocrx_word' id='word_1_224' title='bbox 662 3056 815 3140; x_wconf 74' lang='lat' dir='ltr'>nequitur:</span> <span class='ocrx_word' id='word_1_225' title='bbox 847 3057 992 3122; x_wconf 85' lang='lat' dir='ltr'>exaudi</span> <span class='ocrx_word' id='word_1_226' title='bbox 1023 3075 1100 3136; x_wconf 90' lang='lat' dir='ltr'>nos,</span> <span class='ocrx_word' id='word_1_227' title='bbox 1132 3057 1228 3121; x_wconf 85' lang='lat' dir='ltr'>deus</span> <span class='ocrx_word' id='word_1_228' title='bbox 1259 3054 1457 3121; x_wconf 81' lang='lat' dir='ltr'>salutaria</span> 
     </span>
     <span class='ocr_line' id='line_1_28' title="bbox 317 3159 1456 3243; baseline -0.002 -21"><span class='ocrx_word' id='word_1_229' title='bbox 317 3164 466 3234; x_wconf 84' lang='lat' dir='ltr'>noster,</span> <span class='ocrx_word' id='word_1_230' title='bbox 487 3177 579 3240; x_wconf 86' lang='lat' dir='ltr'>spes</span> <span class='ocrx_word' id='word_1_231' title='bbox 602 3161 775 3225; x_wconf 90' lang='lat' dir='ltr'>omniurn</span> <span class='ocrx_word' id='word_1_232' title='bbox 800 3161 943 3226; x_wconf 90' lang='lat' dir='ltr'>finium</span> <span class='ocrx_word' id='word_1_233' title='bbox 969 3159 1456 3243; x_wconf 83' lang='lat' dir='ltr'>terraectinmarilonge.</span> 
     </span>
    </p>
   </div>
   <div class='ocr_carea' id='block_1_3' title="bbox 359 3349 892 3418">
    <p class='ocr_par' dir='ltr' id='par_1_4' title="bbox 359 3349 892 3418">
     <span class='ocr_line' id='line_1_29' title="bbox 359 3349 892 3418; baseline -0.013 -13"><span class='ocrx_word' id='word_1_234' title='bbox 359 3349 892 3418; x_wconf 75' lang='lat' dir='ltr'>elcor.a,a9100r.a,1tsq.</span> 
     </span>
    </p>
   </div>
   <div class='ocr_carea' id='block_1_4' title="bbox 361 3522 1456 3649">
    <p class='ocr_par' dir='ltr' id='par_1_5' title="bbox 361 3522 1456 3649">
     <span class='ocr_line' id='line_1_30' title="bbox 361 3522 1456 3649; baseline 0.001 -20"><span class='ocrx_word' id='word_1_235' title='bbox 361 3575 423 3630; x_wconf 85' lang='lat' dir='ltr'>lin</span> <span class='ocrx_word' id='word_1_236' title='bbox 441 3575 592 3629; x_wconf 86' lang='lat' dir='ltr'>naturiaR</span> <span class='ocrx_word' id='word_1_237' title='bbox 644 3522 739 3630; x_wconf 59' lang='lat' dir='ltr'>ihaec</span> <span class='ocrx_word' id='word_1_238' title='bbox 757 3593 825 3630; x_wconf 83' lang='lat' dir='ltr'>carr.</span> <span class='ocrx_word' id='word_1_239' title='bbox 853 3595 886 3630; x_wconf 87' lang='lat' dir='ltr'>m.</span> <span class='ocrx_word' id='word_1_240' title='bbox 908 3577 967 3632; x_wconf 77' lang='grc' dir='ltr'>ΖΒ</span> <span class='ocrx_word' id='word_1_241' title='bbox 1019 3578 1134 3632; x_wconf 84' lang='lat' dir='ltr'>6bonis</span> <span class='ocrx_word' id='word_1_242' title='bbox 1153 3579 1182 3630; x_wconf 87' lang='grc' dir='ltr'><em>Ε</em></span> <span class='ocrx_word' id='word_1_243' title='bbox 1232 3579 1403 3649; x_wconf 83' lang='lat' dir='ltr'>replebimur</span> <span class='ocrx_word' id='word_1_244' title='bbox 1426 3597 1456 3630; x_wconf 85' lang='lat' dir='ltr'>ru.</span> 
     </span>
    </p>
   </div>
   <div class='ocr_carea' id='block_1_5' title="bbox 319 3661 1456 3733">
    <p class='ocr_par' dir='ltr' id='par_1_6' title="bbox 319 3661 1456 3733">
     <span class='ocr_line' id='line_1_31' title="bbox 319 3661 1456 3733; baseline 0.004 -19"><span class='ocrx_word' id='word_1_245' title='bbox 319 3661 377 3715; x_wconf 84' lang='lat' dir='ltr'>IR</span> <span class='ocrx_word' id='word_1_246' title='bbox 431 3664 461 3716; x_wconf 87' lang='lat'>11</span> <span class='ocrx_word' id='word_1_247' title='bbox 477 3672 538 3733; x_wconf 77' lang='lat' dir='ltr'>port</span> <span class='ocrx_word' id='word_1_248' title='bbox 556 3663 618 3730; x_wconf 86' lang='lat' dir='ltr'>quia</span> <span class='ocrx_word' id='word_1_249' title='bbox 636 3680 703 3716; x_wconf 64' lang='lat' dir='ltr'>aaa.</span> <span class='ocrx_word' id='word_1_250' title='bbox 722 3663 787 3717; x_wconf 85' lang='lat' dir='ltr'>inR</span> <span class='ocrx_word' id='word_1_251' title='bbox 840 3664 997 3732; x_wconf 83' lang='lat' dir='ltr'>corruperit</span> <span class='ocrx_word' id='word_1_252' title='bbox 1015 3681 1045 3717; x_wconf 76' lang='lat' dir='ltr'>cx</span> <span class='ocrx_word' id='word_1_253' title='bbox 1062 3665 1288 3733; x_wconf 85' lang='lat' dir='ltr'>corrumperitR</span> <span class='ocrx_word' id='word_1_254' title='bbox 1341 3672 1370 3721; x_wconf 86' lang='lat' dir='ltr'>et</span> <span class='ocrx_word' id='word_1_255' title='bbox 1386 3665 1456 3720; x_wconf 89' lang='lat' dir='ltr'>bunc</span> 
     </span>
    </p>
   </div>
   <div class='ocr_carea' id='block_1_6' title="bbox 323 3747 1456 3859">
    <p class='ocr_par' dir='ltr' id='par_1_7' title="bbox 323 3747 1456 3859">
     <span class='ocr_line' id='line_1_32' title="bbox 323 3747 1456 3859; baseline 0.004 -6"><span class='ocrx_word' id='word_1_256' title='bbox 323 3801 384 3854; x_wconf 67' lang='lat' dir='ltr'>Vae</span> <span class='ocrx_word' id='word_1_257' title='bbox 401 3817 465 3854; x_wconf 85' lang='lat' dir='ltr'>enm</span> <span class='ocrx_word' id='word_1_258' title='bbox 484 3801 524 3854; x_wconf 89' lang='lat' dir='ltr'>Pb</span> <span class='ocrx_word' id='word_1_259' title='bbox 578 3803 613 3856; x_wconf 69' lang='lat'>19</span> <span class='ocrx_word' id='word_1_260' title='bbox 629 3801 786 3856; x_wconf 84' lang='lat' dir='ltr'>ornandum</span> <span class='ocrx_word' id='word_1_261' title='bbox 804 3803 986 3858; x_wconf 69' lang='lat' dir='ltr'>exorandum</span> <span class='ocrx_word' id='word_1_262' title='bbox 1006 3803 1032 3855; x_wconf 93' lang='lat' dir='ltr'><em>P</em></span> <span class='ocrx_word' id='word_1_263' title='bbox 1083 3806 1116 3858; x_wconf 82' lang='lat'>18</span> <span class='ocrx_word' id='word_1_264' title='bbox 1134 3747 1229 3858; x_wconf 61' lang='lat' dir='ltr'>terup¹⁵</span> <span class='ocrx_word' id='word_1_265' title='bbox 1244 3823 1311 3859; x_wconf 82' lang='lat' dir='ltr'>corr.</span> <span class='ocrx_word' id='word_1_266' title='bbox 1330 3825 1364 3859; x_wconf 78' lang='lat' dir='ltr'>au.</span> <span class='ocrx_word' id='word_1_267' title='bbox 1393 3805 1408 3857; x_wconf 81' lang='lat'><em>1</em></span> <span class='ocrx_word' id='word_1_268' title='bbox 1433 3804 1456 3857; x_wconf 83' lang='lat' dir='ltr'><em>R</em></span> 
     </span>
    </p>
   </div>
   <div class='ocr_carea' id='block_1_7' title="bbox 314 3887 1458 4307">
    <p class='ocr_par' dir='ltr' id='par_1_8' title="bbox 314 3887 1458 4307">
     <span class='ocr_line' id='line_1_33' title="bbox 317 3887 1458 3957; baseline 0.003 -18"><span class='ocrx_word' id='word_1_269' title='bbox 317 3887 466 3942; x_wconf 74' lang='lat' dir='ltr'>sanctitate</span> <span class='ocrx_word' id='word_1_270' title='bbox 483 3906 514 3942; x_wconf 74' lang='lat' dir='ltr'>ca</span> <span class='ocrx_word' id='word_1_271' title='bbox 531 3889 674 3942; x_wconf 69' lang='lat' dir='ltr'>sanctitati</span> <span class='ocrx_word' id='word_1_272' title='bbox 692 3907 726 3942; x_wconf 85' lang='lat' dir='ltr'>m.</span> <span class='ocrx_word' id='word_1_273' title='bbox 745 3890 762 3940; x_wconf 87' lang='lat'><em>1</em></span> <span class='ocrx_word' id='word_1_274' title='bbox 782 3889 808 3942; x_wconf 82' lang='lat' dir='ltr'><strong><em>R</em></strong></span> <span class='ocrx_word' id='word_1_275' title='bbox 861 3891 894 3944; x_wconf 76' lang='lat' dir='ltr'>lt</span> <span class='ocrx_word' id='word_1_276' title='bbox 912 3889 958 3943; x_wconf 86' lang='lat' dir='ltr'>dei</span> <span class='ocrx_word' id='word_1_277' title='bbox 976 3909 1024 3943; x_wconf 83' lang='lat' dir='ltr'>om.</span> <span class='ocrx_word' id='word_1_278' title='bbox 1037 3889 1064 3944; x_wconf 93' lang='lat' dir='ltr'><em>P</em></span> <span class='ocrx_word' id='word_1_279' title='bbox 1115 3890 1147 3944; x_wconf 78' lang='lat'>15</span> <span class='ocrx_word' id='word_1_280' title='bbox 1166 3890 1260 3945; x_wconf 70' lang='lat' dir='ltr'>&amp;tiam</span> <span class='ocrx_word' id='word_1_281' title='bbox 1277 3890 1343 3957; x_wconf 87' lang='lat' dir='ltr'>(iam</span> <span class='ocrx_word' id='word_1_282' title='bbox 1363 3893 1388 3944; x_wconf 85' lang='lat' dir='ltr'>in</span> <span class='ocrx_word' id='word_1_283' title='bbox 1406 3909 1458 3944; x_wconf 80' lang='lat' dir='ltr'>rur.</span> 
     </span>
     <span class='ocr_line' id='line_1_34' title="bbox 315 3971 1456 4049; baseline 0.005 -25"><span class='ocrx_word' id='word_1_284' title='bbox 315 3991 349 4026; x_wconf 87' lang='lat' dir='ltr'>m.</span> <span class='ocrx_word' id='word_1_285' title='bbox 367 3971 398 4039; x_wconf 86' lang='lat'>1)</span> <span class='ocrx_word' id='word_1_286' title='bbox 417 3973 443 4026; x_wconf 84' lang='lat' dir='ltr'><em>R</em></span> <span class='ocrx_word' id='word_1_287' title='bbox 491 3985 552 4045; x_wconf 72' lang='lat' dir='ltr'>poor</span> <span class='ocrx_word' id='word_1_288' title='bbox 577 3975 757 4044; x_wconf 79' lang='lat' dir='ltr'>adeumptum</span> <span class='ocrx_word' id='word_1_289' title='bbox 784 3975 857 4030; x_wconf 83' lang='grc'>1-2</span> <span class='ocrx_word' id='word_1_290' title='bbox 884 3977 930 4030; x_wconf 83' lang='lat' dir='ltr'>liu.</span> <span class='ocrx_word' id='word_1_291' title='bbox 956 3995 1024 4031; x_wconf 79' lang='lat' dir='ltr'>crue.</span> <span class='ocrx_word' id='word_1_292' title='bbox 1042 3977 1069 4031; x_wconf 82' lang='lat' dir='ltr'><em>R</em></span> <span class='ocrx_word' id='word_1_293' title='bbox 1124 3981 1157 4032; x_wconf 83' lang='lat' dir='ltr'>rc</span> <span class='ocrx_word' id='word_1_294' title='bbox 1174 3977 1312 4034; x_wconf 82' lang='lat' dir='ltr'>inhabitat</span> <span class='ocrx_word' id='word_1_295' title='bbox 1328 4005 1364 4016; x_wconf 84' lang='lat'>-</span> <span class='ocrx_word' id='word_1_296' title='bbox 1382 3983 1456 4049; x_wconf 79' lang='lat' dir='ltr'>pater</span> 
     </span>
     <span class='ocr_line' id='line_1_35' title="bbox 315 4060 1455 4134; baseline 0.006 -21"><span class='ocrx_word' id='word_1_297' title='bbox 315 4075 364 4113; x_wconf 82' lang='lat' dir='ltr'>om.</span> <span class='ocrx_word' id='word_1_298' title='bbox 383 4060 410 4112; x_wconf 91' lang='lat' dir='ltr'><em>P</em></span> <span class='ocrx_word' id='word_1_299' title='bbox 443 4061 476 4114; x_wconf 78' lang='lat'>1⁸</span> <span class='ocrx_word' id='word_1_300' title='bbox 494 4060 598 4116; x_wconf 68' lang='lat' dir='ltr'>habito</span> <span class='ocrx_word' id='word_1_301' title='bbox 615 4061 798 4130; x_wconf 63' lang='lat' dir='ltr'>(itionum,</span> <span class='ocrx_word' id='word_1_302' title='bbox 813 4061 842 4129; x_wconf 86' lang='lat'>1)</span> <span class='ocrx_word' id='word_1_303' title='bbox 855 4064 881 4118; x_wconf 83' lang='lat' dir='ltr'><em>R</em></span> <span class='ocrx_word' id='word_1_304' title='bbox 898 4063 1038 4120; x_wconf 82' lang='lat' dir='ltr'>habitate</span> <span class='ocrx_word' id='word_1_305' title='bbox 1072 4063 1167 4133; x_wconf 74' lang='lat' dir='ltr'>itaque</span> <span class='ocrx_word' id='word_1_306' title='bbox 1180 4081 1255 4119; x_wconf 77' lang='lat' dir='ltr'>coac</span> <span class='ocrx_word' id='word_1_307' title='bbox 1290 4063 1455 4134; x_wconf 55' lang='lat' dir='ltr'>gloriata-12</span> 
     </span>
     <span class='ocr_line' id='line_1_36' title="bbox 315 4146 1454 4221; baseline 0.004 -21"><span class='ocrx_word' id='word_1_308' title='bbox 315 4146 350 4200; x_wconf 80' lang='lat'>20</span> <span class='ocrx_word' id='word_1_309' title='bbox 366 4147 490 4202; x_wconf 86' lang='lat' dir='ltr'>omniurn</span> <span class='ocrx_word' id='word_1_310' title='bbox 515 4147 610 4216; x_wconf 65' lang='lat' dir='ltr'>itaqua</span> <span class='ocrx_word' id='word_1_311' title='bbox 636 4153 764 4204; x_wconf 72' lang='lat' dir='ltr'>nostrum</span> <span class='ocrx_word' id='word_1_312' title='bbox 791 4165 853 4218; x_wconf 82' lang='lat' dir='ltr'>apae</span> <span class='ocrx_word' id='word_1_313' title='bbox 872 4151 900 4202; x_wconf 85' lang='lat' dir='ltr'><em>E</em></span> <span class='ocrx_word' id='word_1_314' title='bbox 949 4153 985 4204; x_wconf 71' lang='grc'>29</span> <span class='ocrx_word' id='word_1_315' title='bbox 1001 4151 1058 4206; x_wconf 87' lang='lat' dir='ltr'>iarn</span> <span class='ocrx_word' id='word_1_316' title='bbox 1085 4153 1107 4216; x_wconf 88' lang='lat' dir='ltr'>(i</span> <span class='ocrx_word' id='word_1_317' title='bbox 1131 4154 1158 4204; x_wconf 82' lang='lat' dir='ltr'>ia</span> <span class='ocrx_word' id='word_1_318' title='bbox 1184 4169 1246 4221; x_wconf 72' lang='lat' dir='ltr'>raa,</span> <span class='ocrx_word' id='word_1_319' title='bbox 1273 4169 1341 4207; x_wconf 70' lang='lat' dir='ltr'>aaa.</span> <span class='ocrx_word' id='word_1_320' title='bbox 1360 4151 1406 4220; x_wconf 80' lang='lat' dir='ltr'>et)</span> <span class='ocrx_word' id='word_1_321' title='bbox 1431 4151 1454 4204; x_wconf 83' lang='lat' dir='ltr'><strong><em>R</em></strong></span> 
     </span>
     <span class='ocr_line' id='line_1_37' title="bbox 314 4233 1300 4307; baseline 0.009 -22"><span class='ocrx_word' id='word_1_322' title='bbox 314 4233 350 4286; x_wconf 72' lang='lat'>24</span> <span class='ocrx_word' id='word_1_323' title='bbox 367 4233 396 4286; x_wconf 91' lang='lat' dir='ltr'>id</span> <span class='ocrx_word' id='word_1_324' title='bbox 414 4234 507 4288; x_wconf 77' lang='lat' dir='ltr'>omli</span> <span class='ocrx_word' id='word_1_325' title='bbox 559 4235 649 4304; x_wconf 80' lang='lat' dir='ltr'>adque</span> <span class='ocrx_word' id='word_1_326' title='bbox 667 4236 694 4288; x_wconf 81' lang='lat' dir='ltr'><strong><em>R</em></strong></span> <span class='ocrx_word' id='word_1_327' title='bbox 745 4237 781 4291; x_wconf 77' lang='lat'>25</span> <span class='ocrx_word' id='word_1_328' title='bbox 799 4243 998 4306; x_wconf 74' lang='lat' dir='ltr'>concoquantur</span> <span class='ocrx_word' id='word_1_329' title='bbox 1017 4238 1043 4291; x_wconf 84' lang='lat' dir='ltr'>Ii</span> <span class='ocrx_word' id='word_1_330' title='bbox 1061 4243 1223 4307; x_wconf 78' lang='lat' dir='ltr'>expetentes</span> <span class='ocrx_word' id='word_1_331' title='bbox 1242 4238 1300 4294; x_wconf 86' lang='lat' dir='ltr'>PE.</span> 
     </span>
    </p>
   </div>
   <div class='ocr_carea' id='block_1_8' title="bbox 0 0 1547 4967">
    <p class='ocr_par' dir='ltr' id='par_1_9' title="bbox 0 0 1547 4967">
     <span class='ocr_line' id='line_1_38' title="bbox 0 0 1547 4967; baseline 0 0"><span class='ocrx_word' id='word_1_332' title='bbox 0 0 1547 4967; x_wconf 95' lang='lat' dir='ltr'> </span> 
     </span>
    </p>
   </div>
  </div>
 </body>
</html>
