3075 4967
445 284 624 333 tractatus
649 280 684 331 in
708 280 879 347 psalmum
898 278 991 331 CXLI.
1222 275 1285 343 801

142 472 192 535 dei
215 472 313 537 oratio
338 470 511 545 effunditur,
533 488 596 533 non
619 468 723 533 uerbis
746 468 863 533 scilicet
878 471 918 533 de
933 467 1042 552 lingua
1065 468 1286 547 excidentibus,

53 566 54 571 ’
140 577 198 639 sed
222 577 262 639 ds
284 574 436 655 profundo
460 579 491 637 et
513 574 635 638 interno
658 572 732 637 fidei
763 572 848 637 fonte
878 573 975 637 oratio
1008 574 1165 653 precantis
1188 571 1287 637 effun-

141 678 240 755 ditur;
276 686 306 742 et
329 675 496 743 effunditur
518 678 549 741 in
573 683 740 757 conspectu
772 678 831 751 dci,
860 697 922 741 non
952 678 1160 761 neglegenter
1182 697 1284 761 neque

140 802 180 847 ex
203 782 377 859 securitate,
401 782 457 847 sed
481 790 640 865 tamquam
664 781 789 847 domino
813 787 980 860 praeeente;
1005 782 1057 865 qui
1081 782 1166 847 enim
1181 787 1287 846 oratur

139 892 175 950 ut
208 886 360 966 exaudiat,
396 904 533 966 praesens
566 904 696 951 necesse
730 891 870 951 estesse
903 888 1063 963 credatnr;
1098 887 1150 969 qui
1182 891 1286 951 antem
1325 912 1339 949 s

139 1010 280 1071 praesens
304 990 590 1067 existimaturum
614 989 752 1055 absentis
774 989 1027 1068 dissimulatione,
1050 992 1107 1057 sed
1122 990 1285 1070 presentie

139 1095 260 1159 honore
294 1096 484 1159 reuerendus
518 1100 573 1158 eet
620 1100 730 1177 quarto
768 1112 892 1177 quoqne
928 1094 1159 1159 tribulationem
1195 1113 1284 1159 suam

138 1198 325 1278 pronuntiat.
370 1217 431 1263 non
467 1197 631 1279 inpeditur,
665 1217 736 1262 cum
771 1197 941 1276 tribulatur,
979 1198 1055 1282 quin
1088 1218 1213 1279 semper
1246 1199 1286 1263 ad

139 1304 236 1367 deum
269 1302 408 1365 omnium
442 1300 658 1384 angustiarum
691 1322 819 1367 suarum
852 1309 883 1367 et
916 1303 1096 1383 passionum
1126 1302 1285 1368 molestias

137 1404 263 1473 referat.
309 1424 412 1489 neque
435 1424 510 1470 sane
533 1404 618 1470 leues
641 1403 855 1471 tribulationes
877 1413 957 1484 sunt,
987 1426 1065 1491 quas
1094 1412 1166 1471 ante
1190 1408 1284 1471 deum
1313 1432 1337 1468 ιο

138 1506 239 1574 effusa
261 1508 397 1576 orations
419 1508 605 1588 pronuntiat,
629 1510 685 1575 sed
708 1510 740 1573 in
761 1530 807 1585 eo,
823 1529 893 1575 cum
917 1510 1023 1576 deficit
1038 1511 1077 1574 ab
1097 1530 1134 1575 eo
1158 1510 1284 1591 spiritus

138 1632 223 1677 suus.
269 1618 394 1677 aluere
417 1633 474 1677 nos
509 1610 592 1677 leues
627 1619 747 1677 tantum
783 1615 1000 1695 temptationes
1035 1615 1074 1679 ab
1105 1614 1285 1679 assiduitate

137 1716 285 1781 orationis
322 1715 487 1797 inpediunt
523 1722 553 1781 et
591 1716 908 1801 quantulamcumque
944 1718 976 1781 in
1015 1718 1159 1783 secundis
1192 1720 1285 1784 modo

136 1820 232 1885 rebus
254 1820 350 1885 animi
373 1820 469 1886 nostri
504 1820 710 1886 constantiam
733 1841 752 1884 a
786 1821 957 1886 deuotionis
979 1822 1082 1886 officio
1104 1823 1285 1902 repentinus

137 1924 259 2008 exigua
294 1922 485 1990 difficultatis
519 1930 622 1989 motus
656 1925 777 1990 auertit.
823 1931 853 1989 at
874 1939 949 1990 uero
972 1925 1023 1991 hic
1056 1946 1096 1991 ne
1119 1926 1283 1992 deficiente
1312 1950 1336 1987 ιι

137 2027 267 2111 quidem
298 2029 407 2108 spiritu
437 2049 492 2093 suo
522 2035 623 2094 cessat
657 2036 687 2095 et
709 2028 939 2115 tribulationem
973 2050 1062 2095 suam
1085 2031 1284 2113 pronuntiare

121 2139 171 2197 'et
193 2131 364 2197 orationem
398 2130 557 2199 effundere
591 2139 622 2198 et
655 2153 731 2198 uoce
765 2152 855 2199 orare
878 2139 908 2199 el
929 2134 999 2214 ipsa
1032 2133 1179 2215 spiritalis
1209 2134 1283 2200 fidei

136 2255 217 2301 uoce
240 2234 383 2301 clamare.

183 2342 211 2405 3.
235 2340 288 2404 Tu
312 2340 549 2425 cognouisti
572 2342 743 2407 semitas
774 2361 891 2408 meas.
937 2344 976 2407 in
1006 2343 1072 2407 uia
1101 2342 1184 2420 hnc,
1208 2363 1283 2426 qua

136 2443 403 2523 ambulabam,
434 2445 742 2511 absconderunt
771 2444 941 2529 laqueos
971 2446 1078 2511 mihi.
1124 2446 1192 2511 haec
1215 2454 1280 2511 mm
1309 2468 1334 2507 a

135 2547 229 2629 illius,
255 2567 348 2631 quam
372 2547 462 2613 liuius
487 2548 588 2613 Dauid
610 2549 707 2614 oratio
738 2570 808 2615 esse
837 2550 950 2630 poterit
979 2550 1165 2616 existimari:
1199 2550 1280 2634 quia,

136 2658 172 2716 ut
194 2652 336 2729 dimmus,
369 2652 473 2717 omnia
506 2652 623 2717 domini
657 2652 739 2718 dicta
768 2659 862 2737 atque
894 2660 985 2739 gesta
1007 2661 1038 2721 et
1059 2655 1143 2720 serni
1164 2652 1228 2720 fide
1252 2661 1283 2719 et

136 2754 297 2835 prophetae
331 2755 541 2839 praefigurauit
574 2755 723 2837 exemplo.
775 2778 946 2842 numquam
984 2780 1059 2825 nero
1091 2758 1282 2843 psalmorum

135 2857 308 2939 prophetia,
331 2860 537 2943 quotiensque
561 2880 598 2925 ex
622 2880 753 2942 persona
768 2863 886 2928 domini
901 2864 1064 2944 profertur,
1087 2884 1148 2928 non
1164 2862 1281 2947 aliquid

136 2962 292 3043 peculiare
316 2964 381 3028 eius
404 2984 440 3029 ac
462 2965 629 3045 proprium,
664 2968 747 3049 quod
780 2966 832 3031 alii
863 2988 933 3032 cum
956 2989 993 3033 eo
1015 2987 1182 3034 commune
1211 2985 1281 3033 esse
1308 2986 1333 3023 a

136 3086 198 3131 non
232 3068 339 3147 possit,
374 3068 502 3133 adiecit:
536 3074 577 3143 ut,
601 3068 674 3151 quia
697 3068 796 3135 multa
818 3091 856 3136 er
878 3092 1010 3152 persona
1040 3074 1106 3137 eius
1134 3071 1278 3150 hominis,

136 3190 231 3254 quem
244 3172 427 3251 adsumpsit,
440 3180 682 3237 commemorata
694 3174 835 3253 personis
850 3174 1015 3240 hominnm
1030 3181 1137 3241 essent
1147 3174 1280 3240 natmie-

135 3294 197 3359 que
220 3274 404 3353 communia,
427 3274 539 3357 psalmi
562 3276 663 3356 potins
687 3277 726 3344 de
749 3298 785 3343 eo
808 3278 971 3359 prophetia
994 3300 1038 3355 ea,
1063 3299 1132 3362 quae
1154 3279 1278 3361 proprie

134 3399 173 3443 ex
196 3398 329 3459 persona
351 3379 417 3444 elus
440 3380 623 3457 dicerentur,
647 3383 841 3461 ostenderet3
864 3389 899 3447 ut
921 3381 997 3447 illud
1019 3403 1117 3447 nnnc:
1152 3382 1279 3447 consi·

135 3481 326 3548 derabam
361 3485 408 3548 ad
443 3485 655 3549 dexteram
689 3490 727 3549 et
759 3486 958 3553 uidebam.
981 3487 1173 3569 quianon
1204 3492 1276 3564 est,
1304 3504 1330 3541 ³⁰

134 3586 202 3670 qui
226 3594 449 3671 eognoscat
473 3608 538 3654 me.
576 3590 685 3673 perit
709 3589 806 3673 luga
828 3611 846 3655 a
868 3610 942 3656 me:
966 3597 1004 3655 et
1028 3611 1103 3655 non
1125 3596 1195 3667 est,
1212 3591 1279 3674 qui

133 3691 323 3773 requirat
356 3691 526 3757 animam
552 3713 686 3757 meam.
733 3692 836 3759 Dauid
859 3693 1038 3768 enim,licet
1060 3694 1192 3778 sugeret,
1216 3716 1277 3760 non

181 3866 325 3965 denuntio
342 3884 535 3953 praesentiali
587 3888 789 3941 deredeturR
842 3889 874 3941 17
893 3887 918 3940 dc
935 3883 1210 3955 ipazupiritalis(
1270 3925 1276 3938 .

133 3984 201 4051 is
252 3989 288 4041 20
306 3988 435 4055 laqueum
451 3988 480 4041 Ε
530 3990 564 4043 29
582 3995 614 4043 ut
631 4008 679 4043 om.
700 3991 738 4044 G?
791 3992 826 4043 at
843 3990 990 4060 quotiensq
1008 3992 1034 4044 R
1051 3990 1277 4059 quotiescumque

134 4074 163 4125 E
178 4074 214 4142 cs.
233 4074 315 4127 Acad.
330 4092 358 4144 p.
374 4072 414 4127 29
465 4076 499 4129 25
518 4092 550 4129 ao
568 4094 598 4129 ea
615 4076 667 4131 hac
683 4077 709 4130 R
761 4093 922 4132 communes
940 4079 1035 4132 saecli
1086 4080 1121 4132 97
1137 4077 1277 4145 passioni*

133 4160 278 4213 hominum
296 4157 372 4227 (Μ
424 4162 459 4215 28
476 4162 650 4231 prophetiam
663 4180 695 4219 aa
710 4165 736 4217 R
789 4164 918 4233 propriae
932 4166 958 4218 R
1011 4166 1045 4219 29
1062 4164 1279 4219 ostenderentR

133 4250 165 4301 31
185 4246 261 4315 perit
281 4245 358 4316 aas.
379 4246 599 4303 NeaeFormeal.
618 4249 751 4319 11,523;
778 4252 891 4319 Georpca
916 4252 1011 4321 Warts.
1035 4251 1093 4305 508
1113 4250 1198 4320 periit
1215 4252 1276 4305 RE.

184 4367 258 4408 xxn.
272 4366 346 4407 finer.
360 4366 417 4408 Plct.
431 4378 482 4417 para
497 4369 515 4409 l.
1088 4357 1120 4409 51
