3075 4967
395 297 577 348 traotatus
594 293 629 347 in
647 294 820 362 psalmum
839 293 960 349 CXVIII.
1186 294 1250 360 513

122 503 174 549 non
195 485 232 551 de
255 485 403 550 membris
426 503 587 563 corporum
611 481 680 548 haee
703 481 825 548 loeutus
848 489 903 561 est,
929 503 1001 548 oum
1024 484 1169 550 seandala
1191 504 1250 550 nae

121 607 168 668 pes
189 609 243 654 nee
266 608 376 654 manus
399 595 505 668 posset
527 586 661 664 adferre
685 587 741 652 sed
765 588 804 652 de
819 587 1079 653 coniunctissimis
1101 588 1191 654 noble
1213 608 1250 654 ao

121 693 242 758 maxime
279 692 460 758 necessariis
498 692 648 756 membris
680 726 721 738 -
751 691 823 774 quia
860 710 969 758 omnes
1005 711 1103 757 unum
1140 712 1250 774 eorpus

119 815 215 862 sumus
248 797 279 861 in
311 794 432 861 Christo
457 833 497 843 -
521 793 590 860 haee
618 795 711 874 iubet,
741 815 783 860 ne
813 796 991 862 domesticis
1022 795 1186 862 calumniis
1215 817 1251 863 ao

119 901 261 966 scandalis
284 920 381 980 penes
403 919 460 965 nos
483 899 678 966 manentibus
694 898 798 982 aliqua
812 900 902 964 noble
916 899 1022 965 indioii
1038 899 1089 965 die
1103 902 1249 967 nidorum
1288 934 1301 971 a

117 1003 192 1070 labes
225 1004 408 1070 adhereret.
453 1023 527 1088 ergo
561 1001 713 1087 prophete
736 1003 761 1068 si
785 1003 824 1068 ab
860 1003 909 1068 his
943 1006 1124 1085 redemptus
1158 1011 1249 1083 esset,

117 1109 330 1174 custoditurum
353 1127 387 1173 se
410 1113 562 1188 praeopta
580 1107 630 1172 dei
646 1106 814 1188 pollicetur,
838 1109 911 1190 quia
926 1109 994 1173 lstae
1010 1109 1250 1174 domesticorum

116 1215 245 1278 omnium
269 1212 429 1280 ealumniae
452 1211 696 1292 inpedimentum
720 1210 795 1276 fidei
817 1211 995 1294 frequenter
1017 1213 1184 1278 adferrent,

155 1317 200 1382 12.
226 1317 349 1382 Dehine
387 1317 541 1399 sequitur:
576 1315 722 1380 ssoism
758 1319 864 1380 tuam
896 1315 1096 1381 inlumina
1129 1335 1251 1400 super

116 1440 264 1486 seruum
295 1427 400 1486 tuum
432 1427 469 1485 et
498 1420 596 1484 dooe
626 1439 682 1484 ms
716 1418 1049 1485 iustificationes
1080 1427 1177 1486 tuas.
1208 1459 1250 1468 -
1278 1453 1303 1492 lo

116 1524 246 1590 uultus
275 1525 426 1590 domini
457 1523 582 1606 quidem
607 1529 654 1588 est
683 1541 802 1604 super
832 1523 1036 1590 faelentes
1067 1523 1186 1602 mala,
1210 1531 1251 1590 ut

115 1637 314 1713 expugnet
344 1629 389 1692 de
413 1633 524 1692 terra
550 1627 784 1692 memoriam
807 1648 951 1705 eorum,
982 1629 1036 1694 sed
1066 1628 1145 1693 sieut
1174 1629 1251 1694 deus

114 1735 232 1814 respleit
243 1734 284 1798 ad
296 1751 429 1812 posnam,
438 1733 562 1812 respieit
574 1731 979 1810 etadmiserieordiam3ita
990 1738 1022 1796 et
1034 1732 1152 1798 uultum
1161 1753 1251 1798 suum

114 1837 149 1900 ad
159 1844 323 1920 utrumque
336 1836 479 1901 deflectit.
518 1835 573 1901 sed
586 1835 666 1900 haue
678 1836 790 1900 faeiem
803 1836 920 1900 domini
931 1837 970 1900 ad
986 1836 1251 1902 inluminationem

113 1960 194 2006 suam
209 1940 364 2023 propheta
374 1946 447 2006 orat
493 1961 530 2005 ex
542 1941 702 2006 maiestate
713 1940 798 2004 enim
810 1946 841 2006 et
855 1939 941 2006 uultu
956 1941 1114 2024 dignande
1130 1960 1185 2005 nos
1197 1940 1251 2006 dei
1278 1962 1303 2018 p

112 2042 211 2110 lumen
228 2046 403 2125 aeeipImus,
428 2051 459 2110 et
481 2045 615 2109 deflexus
638 2045 668 2108 in
692 2063 749 2108 nos
773 2045 993 2109 miseridordiae
1016 2064 1079 2109 suae
1094 2043 1196 2110 uultus
1212 2046 1252 2109 ad

112 2150 240 2231 gratiam
253 2149 398 2229 spiritalis
410 2149 531 2214 uirtutis
542 2149 681 2212 inradiat.
725 2148 776 2213 uel
787 2155 870 2214 eerte
881 2168 954 2213 eum
965 2148 1070 2212 iudicii
1082 2149 1131 2213 die
1143 2151 1252 2226 aderit,

113 2269 178 2318 oum
201 2253 333 2319 uisibilis
348 2253 436 2318 nobis
456 2253 487 2316 in
504 2251 603 2336 gloria
618 2258 755 2332 paternae
771 2253 940 2317 maiestatis
956 2253 1092 2329 adsistat,
1107 2258 1180 2318 tune
1195 2273 1251 2318 nos

113 2355 196 2422 saeiei
218 2377 282 2422 suae
305 2356 421 2422 lumine
443 2356 648 2422 inluminabit.
694 2365 727 2420 ut
749 2357 833 2421 enim
857 2358 999 2440 quaedam
1014 2355 1140 2422 metalla
1158 2364 1251 2440 atque

113 2479 243 2542 gemmae
259 2469 375 2525 naturae
386 2481 448 2525 suae
465 2460 615 2545 fulgorem
631 2461 662 2525 in
675 2481 720 2535 ee,
732 2481 800 2543 quae
813 2460 871 2524 sibi
885 2461 1024 2540 proxima
1038 2466 1135 2539 erunt
1146 2461 1251 2526 refun-
1278 2480 1303 2517 ιι

114 2564 183 2629 dent
198 2572 230 2630 et
243 2563 441 2630 aemulsntem
457 2566 593 2642 speeiem
611 2583 647 2629 ex
662 2564 776 2630 uicinia
791 2564 905 2644 speeiei
921 2584 985 2629 suae
1000 2570 1156 2648 praestant,
1171 2569 1206 2630 ut
1221 2571 1252 2629 et

113 2665 236 2751 Moyses
258 2689 296 2733 on
329 2667 589 2750 contemplatione
625 2667 674 2733 dei
707 2667 813 2752 gloniee
846 2666 952 2734 lumen
985 2669 1103 2749 aceepit
1135 2670 1185 2744 ita
1218 2676 1252 2734 ut

113 2769 258 2836 honorem
292 2771 398 2856 gloriae
422 2791 484 2836 suae
508 2771 709 2852 contemplari
743 2771 873 2852 populus
906 2793 966 2836 non
1000 2777 1122 2852 posset:
1153 2773 1198 2837 sle
1221 2778 1252 2836 et

112 2875 257 2956 propbeta
280 2895 403 2940 seruum
429 2895 462 2940 se
486 2877 536 2940 dei
559 2875 710 2942 confitens
744 2875 910 2941 illuminari
934 2885 1002 2941 orat
1024 2882 1055 2941 et·
1083 2877 1251 2942 conformis

113 2979 278 3044 secundum
312 2979 484 3060 apostolum
517 2979 598 3045 elfini
636 2980 742 3062 glories
781 2980 832 3046 dei
870 2986 901 3046 et
936 2979 1167 3046 iustificationes
1201 2980 1251 3045 dei
1278 2999 1303 3036 ne

113 3081 222 3162 doceri,
244 3091 277 3149 ut
299 3105 319 3148 a
342 3104 375 3150 se
399 3105 460 3149 nou
494 3104 530 3148 ex
564 3090 651 3165 parte
684 3104 789 3168 neque
822 3105 878 3164 per
911 3084 991 3169 legis
1013 3084 1165 3162 umbram,
1196 3085 1252 3149 sed

114 3185 191 3252 leeie
212 3189 250 3252 ad
272 3189 383 3253 faeiem
407 3195 439 3252 et
461 3188 591 3268 spititali
614 3188 870 3270 contemplatione
893 3194 1046 3254 seruatur.

156 3315 247 3368 11Ps.
267 3316 392 3376 XXXIII,
413 3317 453 3368 17.
489 3313 524 3370 25
541 3315 575 3368 of.
594 3315 664 3370 Phil.
683 3316 730 3380 111,
749 3317 792 3368 21.

157 3421 335 3487 leorporum
362 3419 431 3472 haee
458 3421 518 3472 add.
545 3437 578 3473 m.
607 3418 626 3471 2
659 3419 683 3472 V
733 3419 864 3474 seandalo
887 3419 913 3472 V
961 3422 1048 3472 duee
1077 3435 1175 3472 manus
1200 3435 1252 3472 neo

113 3519 160 3568 pes
182 3505 217 3575 Cp
268 3505 356 3574 possit
382 3506 450 3576 (ps
500 3506 655 3560 dmaxime
682 3523 731 3559 om.
758 3507 784 3559 R
836 3505 1000 3559 necessariis
1022 3506 1052 3558 in
1075 3504 1207 3559 membris
1231 3505 1256 3557 V

112 3591 236 3646 »isumus
263 3610 312 3644 orn.
339 3593 391 3645 Ro
440 3592 535 3646 iubeat
561 3593 612 3645 ΗΟ
661 3592 821 3646 modestieis
851 3593 874 3646 C
922 3595 1058 3660 bpaenes
1081 3591 1107 3645 V
1156 3591 1251 3644 iudicii

113 3673 146 3728 de
167 3677 189 3729 0
202 3695 248 3732 om.
264 3679 315 3748 ps*
366 3677 471 3732 stabis
496 3678 520 3731 V
570 3677 757 3733 adhaerestE
807 3678 1004 3732 dudlerentt'
1055 3681 1088 3732 10
1105 3693 1150 3730 me
1168 3695 1216 3730 om.
1231 3678 1256 3729 V

115 3762 146 3814 15
157 3765 263 3818 uoltum
281 3763 316 3816 V¹
328 3764 469 3833 dignantia
487 3764 561 3818 VRC'
570 3764 690 3818 uideatis
699 3767 750 3835 pE
803 3769 835 3820 17
853 3765 944 3818 ederit
961 3764 1079 3818 nisibilis
1097 3765 1122 3817 V
1173 3766 1205 3819 ts
1223 3763 1253 3817 in

112 3847 225 3914 gloriam
233 3855 314 3920 pater
324 3851 463 3904 maiestati
477 3851 503 3904 V
552 3851 664 3904 adsistit
680 3850 715 3904 V¹
770 3855 802 3905 19
814 3850 993 3904 inluminasti
1007 3851 1033 3903 V
1081 3853 1254 3918 dogemmse

113 3936 172 3987 add.
190 3937 258 3990 m.2
281 3937 305 3991 V
373 3942 446 4005 sunt,
465 3937 617 3992 refundunt
636 3939 664 3989 Ε
730 3941 763 3992 sl
792 3955 827 3992 ex
851 3937 954 3992 aleluia
981 3936 1072 4006 speeie
1091 3953 1156 3990 suae
1175 3937 1200 3990 R
1219 3953 1254 3990 ex

114 4019 200 4077 meina
225 4024 269 4078 sui
296 4024 387 4092 speeie
411 4023 447 4094 pb
502 4028 530 4077 et
556 4029 588 4078 ut
607 4025 635 4076 E
686 4026 719 4077 22
737 4025 842 4094 gloriae
866 4024 912 4078 dei
931 4024 999 4095 CpE
1017 4016 1047 4077 di
1070 4023 1096 4077 V
1144 4025 1180 4077 24
1197 4040 1254 4077 ser-

115 4122 180 4160 uum
195 4137 228 4148 —
246 4109 396 4164 conformis
415 4127 463 4163 ons.
480 4110 506 4164 V
521 4109 655 4164 confitens
675 4137 708 4147 -
727 4110 936 4165 iustificationes
954 4111 999 4166 dei
1018 4128 1067 4164 ona
1081 4111 1105 4164 0
1120 4108 1253 4164 eonfitens

117 4209 192 4266 <lm-p
241 4195 380 4251 orozs
397 4191 472 4266 pout*
486 4199 536 4268 pE
588 4196 1091 4267 etoonlonmis-gloriaedsiom.p
1143 4199 1177 4250 st
1193 4213 1254 4251 ser·

117 4285 214 4335 nentur
234 4285 267 4338 R.

172 4400 238 4444 xxn.
251 4404 322 4446 nitu.
336 4404 392 4444 moa
408 4414 459 4454 pm
473 4405 492 4444 1.
771 4426 774 4431 -
1063 4391 1097 4443 33
