3075 4967
269 305 306 367 12
612 307 727 359 sancti
747 305 883 359 Hilarii
902 306 1065 374 episcopi

265 502 294 558 et
317 495 516 559 obseruantia
538 494 712 571 constituta,
735 501 840 559 tamen
863 514 920 559 nos
942 494 974 557 in
997 500 1107 559 octaua
1125 495 1186 571 die,
1209 514 1278 577 qnae
1294 500 1326 559 et
1340 494 1411 576 ipsa

266 598 366 677 prima
388 608 443 675 est,
464 598 594 678 perfecti
616 598 737 663 sabbati
760 599 926 663 festiditate
947 597 1098 663 latemur.

256 722 258 727 ·
309 700 359 765 13.
382 702 424 766 Et
453 703 584 786 dignum
618 711 666 768 est
698 702 780 767 hanc
814 703 966 787 ogdoadis
999 704 1171 782 perlectam
1204 704 1411 767 sacramentis

265 804 439 871 caelestibus
463 808 607 872 uirtutem
629 808 659 872 in
692 806 812 887 psalmo
843 826 889 882 eo,
919 807 971 889 qui
1005 813 1114 871 octauo
1135 807 1166 871 in
1190 827 1321 871 numero
1344 808 1411 873 dis·

265 910 383 989 positus
406 918 463 986 est,
487 914 634 989 contueri,
658 914 705 975 cui
730 931 802 992 pro
825 910 1109 976 torcularibus
1138 910 1243 976 titulus
1266 910 1412 977 adiectus

264 1020 319 1088 eat
342 1014 478 1079 uasculis
501 1018 531 1079 in
555 1036 652 1080 nouos
676 1015 793 1080 fructus
816 1015 999 1096 preparatis
1021 1023 1053 1078 et
1074 1016 1116 1079 ad
1138 1015 1287 1080 feruentia
1314 1017 1411 1081 musti

263 1117 399 1184 calorem
422 1119 640 1184 continendum
664 1120 829 1184 innonatis.
874 1125 906 1184 et
928 1138 1076 1183 numerus
1098 1118 1157 1183 iste
1176 1121 1217 1183 ad
1232 1121 1413 1200 percipien-

230 1308 233 1316 ,
264 1223 321 1287 dos
343 1222 460 1288 fructus
482 1223 687 1308 euangelicos
721 1223 848 1289 caducis
872 1223 921 1287 bis
943 1242 1107 1303 corporum
1129 1230 1306 1288 nostrorum
1335 1244 1412 1289 uas-

264 1325 342 1392 culis
365 1328 549 1403 reformatio.
573 1330 742 1393 secundum
767 1328 942 1412 ogdoadem
966 1334 1014 1392 est
1036 1326 1250 1411 euangelicam
1271 1328 1414 1393 destina·

264 1434 320 1495 tus.
366 1439 396 1496 et
419 1432 477 1496 hoc
501 1431 613 1512 psalmi
635 1433 724 1496 istius
747 1439 847 1497 tortus
877 1439 909 1496 et
937 1452 1041 1497 sermo
1071 1438 1208 1497 testatur.
1253 1432 1414 1516 ogdoadis

264 1555 387 1619 quoque
411 1536 498 1600 istius
521 1537 617 1599 uirtus
640 1542 801 1618 tamquam
824 1537 857 1599 in
879 1536 992 1600 uirtute
1007 1536 1085 1599 sexti
1102 1533 1214 1615 psalmi
1230 1542 1261 1599 et
1274 1539 1415 1614 numeri,

266 1659 325 1722 quo
349 1660 418 1719 pro
442 1647 584 1704 octauo
608 1641 704 1703 oratio
730 1648 786 1717 est,
809 1640 998 1705 continetur:
1029 1648 1059 1704 et
1089 1639 1151 1705 hoc
1185 1640 1305 1703 dumeti
1327 1643 1414 1705 ratio

263 1743 398 1822 perfecit.
423 1758 455 1808 ut
479 1754 509 1808 et
531 1744 562 1807 in
586 1752 672 1807 serto
696 1765 752 1824 pro
785 1753 893 1809 octauo
927 1752 1011 1809 esset
1043 1744 1140 1808 oratio
1175 1751 1205 1809 et
1237 1743 1266 1807 in
1298 1751 1414 1809 octauo

263 1846 366 1912 titulus
390 1869 459 1927 pro
483 1846 765 1913 torcularibus
786 1850 961 1913 adderetur.
985 1848 1084 1913 tribus
1100 1855 1203 1913 autem
1219 1849 1249 1911 in
1266 1850 1416 1914 numeris

264 1951 332 2017 haec
366 1952 564 2017 torcularium
600 1954 818 2032 superscriptio
851 1953 1014 2031 reperitur.
1060 1973 1134 2016 nam
1168 1961 1199 2017 et
1227 1960 1354 2017 octauus
1382 1960 1417 2019 et

263 2056 472 2140 octogesimus
494 2064 526 2122 et
547 2058 878 2140 octogesimus-tertius
894 2057 1032 2137 psalmus
1047 2057 1129 2121 hunc
1146 2056 1261 2121 habent
1276 2056 1416 2135 titulum,
1451 2061 1454 2068 “

262 2164 296 2225 ut
317 2162 349 2223 in
373 2161 510 2226 numeris
533 2160 678 2241 perfectis
701 2161 847 2242 perlecta
870 2160 961 2224 huius
985 2161 1184 2225 beatitudinis
1207 2162 1282 2226 ordo
1305 2163 1415 2226 consi-

262 2265 1414 2348 steret;itatamen‚utsimplicemogdoademetogdoadisdecademsacra-

263 2374 401 2432 mentum
418 2369 535 2446 triadis,
559 2389 627 2451 quae
644 2369 758 2434 nostris
775 2368 910 2433 Trinitas
925 2374 972 2434 est
988 2376 1172 2449 nuncupata,
1196 2367 1413 2435 concluderet.

307 2471 357 2535 14.
381 2471 422 2536 Et
444 2472 524 2537 hanc
548 2474 674 2556 quidem
708 2473 860 2555 ogdoadis
894 2473 1117 2554 perfectionem
1150 2473 1243 2537 etiam
1277 2473 1309 2536 in
1332 2492 1414 2538 cen-

263 2576 373 2640 tesimo
407 2583 498 2659 atque
538 2582 648 2641 octeno
686 2577 806 2641 decimo
842 2576 966 2656 psalmo
1003 2595 1194 2659 cognoscere
1230 2596 1415 2657 possumus.

262 2700 398 2762 namque
420 2680 452 2743 iu
483 2686 625 2745 octonum
656 2700 820 2744 numerum
850 2700 906 2760 per
935 2688 1062 2745 octonos
1090 2700 1202 2745 uersus
1231 2683 1415 2748 secundum

263 2783 412 2848 Hebraeos
435 2783 629 2867 singularum
653 2784 824 2849 litterarum
845 2784 932 2848 initia
953 2783 1082 2849 collecta
1104 2791 1191 2863 sunt;
1214 2785 1271 2849 sed
1290 2785 1415 2866 etipsa

261 2888 358 2953 uirtus
393 2887 505 2969 psalmi
539 2895 768 2953 sacramentum
802 2888 953 2971 ogdoadis
983 2890 1098 2953 edocet.
1145 2896 1216 2953 sunt
1244 2894 1350 2953 autem
1374 2891 1414 2955 in

262 3012 298 3058 eo
320 2992 479 3075 ogdoades
502 2992 611 3077 uiginti
636 2993 713 3056 dua.
760 3013 834 3057 nam
857 2992 960 3057 octoni
980 3012 1091 3057 uersus
1113 2992 1307 3077 singularum
1322 2992 1414 3059 litte·

262 3116 367 3161 rarum
388 3097 484 3161 initiis
507 3097 707 3177 deputantur:
738 3103 768 3161 et
798 3096 857 3161 hoc
887 3116 925 3160 ea
953 3097 1072 3160 ratione
1096 3096 1235 3174 efficitur,
1265 3102 1306 3166 ut,
1331 3100 1416 3180 quia

262 3200 400 3281 psalmus
423 3201 481 3265 iste
503 3204 673 3281 perlectum
696 3201 797 3265 uirum
813 3201 985 3266 secundum
1001 3201 1173 3264 doctrinam
1189 3201 1414 3285 euangelicam

262 3312 466 3382 consummat,
497 3325 553 3385 per
576 3324 685 3369 omnes
707 3305 817 3389 uiginti
849 3310 880 3369 et
909 3305 986 3369 duas
1016 3303 1142 3369 Hebraei
1172 3305 1325 3369 sermonis
1356 3304 1414 3372 lit-

261 3416 343 3474 teras
367 3410 423 3474 sub
447 3417 642 3474 sacramento
666 3409 817 3494 ogdoadis
840 3409 1041 3474 erudiremur.

304 3566 468 3619 Bocdoadie
494 3567 516 3619 V
565 3568 630 3621 4in
656 3566 764 3634 psalmo
784 3583 816 3619 eo
843 3562 887 3618 cl’e
913 3566 943 3619 in
960 3566 1066 3634 psalmo
1094 3572 1122 3619 et
1154 3568 1179 3620 V
1202 3568 1232 3620 in
1258 3566 1366 3636 psalmo
1396 3591 1415 3624 r

260 3654 277 3707 5
296 3655 421 3708 contueri
439 3656 490 3707 VE
506 3654 643 3707 contineri
663 3674 676 3705 r
729 3654 745 3704 6
763 3654 848 3706 musti
867 3653 1003 3720 liquorem
1016 3652 1060 3705 d¹c
1112 3658 1129 3707 9
1148 3653 1297 3707 ocdoadem
1316 3652 1355 3719 (ct
1368 3660 1414 3712 sic

260 3741 372 3811 seraper)
398 3742 421 3794 V
472 3744 503 3794 11
524 3746 664 3808 tamquam
691 3740 720 3791 in
745 3740 851 3792 uirtute
875 3740 912 3791 Vr
929 3740 1013 3793 etiam
1039 3739 1068 3791 in
1095 3740 1201 3794 uirtute
1220 3741 1249 3792 E
1300 3742 1334 3793 12
1351 3759 1412 3810 pro

260 3830 283 3880 b.
302 3830 317 3879 l.
338 3846 386 3880 om.
411 3828 446 3880 Vr
476 3828 535 3887 (aed
560 3828 593 3889 cs.
618 3830 661 3878 lia.
685 3844 735 3895 seq.
761 3828 804 3877 ubi
826 3828 853 3877 bi
876 3844 972 3895 quoque
997 3828 1051 3879 cod.
1074 3844 1126 3894 pro
1144 3833 1243 3880 octauo
1262 3828 1411 3897 praebent)

260 3919 289 3967 et
306 3914 356 3967 lios
380 3914 404 3966 V
456 3916 487 3969 13
506 3914 624 3983 perfecit
647 3914 683 3966 Vr
701 3912 812 3981 perficit
831 3913 860 3964 E
911 3913 943 3964 15
961 3912 1120 3980 repperitur
1138 3914 1175 3965 Vr
1230 3917 1262 3967 16
1280 3918 1308 3967 et
1326 3921 1412 3971 octo·

260 4001 400 4070 gensimua
418 4002 517 4056 tertius
542 4001 567 4054 V
591 4005 619 4053 et
637 3999 803 4055 centesimus
821 4000 921 4052 tertius
939 4019 955 4051 r
1009 4001 1040 4052 19
1059 4016 1129 4066 quae
1147 4000 1251 4053 nostris
1275 4001 1311 4053 Vr
1332 4019 1411 4069 quae

261 4088 395 4141 anostria
415 4090 443 4140 E
493 4092 528 4143 20
545 4088 573 4142 in
598 4087 749 4141 centesimo
776 4085 866 4153 adque
893 4090 992 4139 octauo
1018 4084 1126 4139 decimo
1149 4087 1175 4139 V
1194 4086 1224 4138 in
1250 4090 1410 4145 centesimo

260 4180 343 4243 atque
370 4175 477 4229 decimo
503 4182 601 4229 octauo
628 4174 671 4225 rE
733 4174 767 4227 ild
796 4172 930 4225 ocdoades
959 4172 1037 4225 XXII
1069 4172 1095 4225 V
1120 4172 1252 4241 ogdoadis
1281 4174 1363 4229 ml
1392 4199 1410 4231 r

260 4264 294 4314 28
312 4262 412 4331 uiginti
431 4261 498 4317 duas
518 4268 545 4316 et
563 4282 578 4313 r
631 4260 725 4314 hebrei
744 4279 775 4313 ec
791 4260 901 4313 hebreis
920 4258 991 4311 aa?
1016 4260 1044 4311 V.
