3075 4967
289 263 353 329 686
637 263 754 316 sancti
773 261 906 316 Hilarii
923 261 1082 330 episcopi

289 455 438 540 gaudium
461 459 516 532 est,
538 454 674 536 idipsum
697 473 752 518 nos
776 473 895 533 sapere,
919 471 1025 518 amore
1048 451 1158 518 eodem
1188 453 1342 529 contineri,
1370 467 1415 531 per

288 559 378 624 unius
400 577 510 624 sensus
534 558 721 623 senteutiam
751 558 915 622 unanimes
944 577 1139 638 permanere,
1169 576 1231 621 nou
1263 575 1316 638 per
1335 573 1414 620 anuu-
1511 561 1512 570 ’

288 662 435 728 lationem
457 663 606 743 separari,
640 681 742 746 neque
772 662 949 742 perinanis
973 660 1080 744 gioriae
1111 661 1245 726 studium
1275 659 1415 734 dissidere,

290 786 349 831 nou
374 785 437 844 sua,
460 769 517 834 sed
540 766 671 831 otiorum
693 784 948 849 unumquemque
978 767 1114 849 cogitare
1144 771 1295 847 oportere,
1323 771 1353 829 ut
1380 781 1415 838 eu,

249 895 263 934 a
290 871 401 957 quibus
423 870 531 937 alisnae
553 870 726 936 uoluntates
742 871 773 935 in
790 871 955 936 concordia
970 869 1146 935 detinendae
1162 870 1232 948 sint
1255 870 1415 955 cogitemus.
1512 881 1513 958 ᾗ

291 975 373 1060 quod
403 972 463 1039 aliu
492 976 524 1040 iu
555 974 620 1040 loco
650 976 800 1040 admonet
823 975 944 1040 dicens:
980 976 1013 1039 si
1047 973 1251 1056 possibile
1285 979 1352 1053 eet,
1381 989 1416 1035 er
1512 963 1513 1028 i

290 1079 406 1144 nobis
437 1079 486 1144 ad
520 1096 656 1144 omnes
677 1099 818 1162 pacem
841 1077 1051 1144 habentes.
1097 1097 1135 1142 ex
1157 1077 1247 1144 nobis
1271 1078 1335 1143 nult
1353 1093 1416 1148 esse,

289 1184 332 1262 ut,
355 1185 380 1248 si
404 1182 551 1263 possibile
572 1189 630 1261 est,
652 1203 713 1264 pau
734 1185 775 1247 ad
799 1201 906 1249 ornnes
929 1182 977 1248 eit.
1021 1181 1163 1248 noluntas
1179 1187 1286 1248 nostra
1300 1181 1417 1247 ornuium

292 1287 434 1352 amicitiis
459 1287 564 1353 dedita
586 1289 634 1362 sit,
657 1288 684 1352 si
707 1293 738 1352 et
760 1292 932 1352 ceterorum
955 1294 1064 1351 natura
1087 1286 1200 1352 lrabeat
1222 1289 1309 1368 pacis
1331 1283 1417 1350 adiec-

239 1414 264 1451 1⁰
291 1399 373 1470 tum;
408 1391 577 1457 dnmmodo
610 1411 671 1456 non
705 1409 743 1456 eu
765 1391 866 1456 nobis
900 1411 1003 1456 causa¹
1024 1397 1077 1455 aut
1098 1392 1277 1472 interruptae
1300 1397 1350 1456 aut
1369 1404 1417 1452 nou

292 1502 483 1561 conseruatae
503 1496 590 1577 pacis
624 1497 744 1560 existat.
790 1493 851 1560 hoc
873 1496 978 1578 itaque
1000 1493 1110 1576 populo
1134 1495 1183 1560 dei
1206 1496 1354 1580 congruit
1373 1491 1419 1556 snb
1513 1509 1514 1556 t

291 1619 352 1664 uuo
374 1606 462 1680 petre
485 1599 596 1665 fratres
631 1618 708 1677 essa,
743 1601 801 1664 sub
836 1619 895 1663 nuo
925 1599 1034 1680 spiritu
1056 1618 1152 1663 uuum
1177 1617 1256 1677 esse,
1290 1599 1345 1664 sub
1371 1613 1419 1661 um

293 1705 385 1768 domo
400 1704 573 1769 unianimes
589 1704 742 1778 incedere,
765 1704 823 1768 sub
839 1723 900 1768 uuo
916 1703 1017 1784 capite
1032 1704 1122 1768 nnius
1138 1704 1275 1784 eorporis
1298 1701 1420 1768 membra

293 1827 371 1872 esse.
416 1827 477 1871 non
501 1809 583 1872 enirn
607 1806 712 1873 oculus
736 1827 844 1873 aurem
872 1808 944 1882 odit
974 1827 1031 1872 nec
1061 1827 1152 1872 uaros
1175 1827 1209 1872 os
1232 1813 1420 1880 exsecrantur,

243 1933 268 1969 aa
294 1930 352 1976 nee
375 1930 486 1976 manne
508 1915 622 1993 podem
645 1913 772 1992 speruit
818 1910 883 1977 haec
915 1911 998 1976 euim
1027 1923 1062 1976 ut
1090 1909 1201 1976 officiis
1232 1914 1344 1977 mutuis
1365 1909 1420 1976 sibi.

293 2018 336 2081 ita
368 2023 400 2081 et
433 2035 538 2080 amore
572 2016 719 2081 destricta
752 2021 832 2081 sunt.
877 2015 935 2082 hoc
968 2017 1136 2080 iucundum
1171 2021 1202 2081 et
1235 2017 1347 2082 bouum
1374 2019 1421 2086 est,

293 2120 434 2185 habitare
457 2121 570 2185 iratres
591 2121 623 2183 iu
646 2139 753 2196 unum,
788 2121 819 2184 iu
843 2120 953 2185 eudem
977 2139 1055 2198 esse,
1078 2119 1162 2185 idern
1186 2139 1264 2196 esse,
1287 2139 1341 2185 uec
1362 2135 1421 2184 cnu-
1514 2113 1515 2136 1

293 2225 475 2309 gragatione
497 2223 564 2288 fieri
589 2244 646 2289 nec
669 2243 774 2288 amore
797 2225 947 2290 diuersos.

337 2329 365 2392 4.
388 2326 647 2408 Oonparatienem
669 2348 742 2393 uero
763 2327 854 2394 huius
877 2329 949 2394 boni
971 2329 1157 2412 iucundique
1190 2327 1340 2410 propheta
1360 2344 1421 2392 oon·

242 2448 267 2486 2⁰
294 2433 393 2498 stituit
437 2433 558 2497 dicens:
603 2433 710 2497 sicut
755 2439 1006 2517 unguentum
1044 2434 1091 2498 de
1136 2434 1287 2514 capite,
1330 2429 1420 2516 quod

294 2537 512 2602 descendit
548 2537 587 2600 iu
625 2536 790 2601 barbam
827 2537 975 2616 Aaron,
1010 2538 1113 2621 qnod
1148 2537 1361 2602 descendit
1388 2537 1419 2600 in

294 2659 402 2705 oram
428 2641 682 2706 -uestimeuti
720 2641 816 2707 eius.
874 2642 978 2706 Aaron
1018 2649 1192 2726 unguent),
1230 2643 1315 2708 cuius
1349 2657 1420 2705 com·
1515 2631 1516 2680 1

294 2745 404 2824 positio
441 2751 473 2809 et
508 2743 647 2810 confusio
684 2765 721 2810 ex
742 2747 903 2811 odoribus
944 2747 1134 2825 continetur,
1172 2751 1282 2811 unctus
1321 2752 1364 2810 est
1393 2744 1420 2807 in

294 2848 497 2914 sacerdotem.
544 2848 625 2914 hauc
647 2849 912 2916 consecrationem
935 2851 1027 2931 primi
1050 2850 1219 2916 sacerdotis
1234 2849 1281 2916 sui
1296 2851 1351 2914 deo
1364 2865 1420 2912 esse

242 2967 268 3005 ’ὁ
295 2952 477 3033 conplacuit,
523 2953 683 3019 dominum
716 2973 840 3038 quoque
873 2961 1012 3019 nestrum
1046 2953 1244 3020 inuisibiliter
1277 2961 1307 3018 et
1336 2954 1419 3018 iucer·

295 3055 439 3137 pureliter
468 3065 594 3122 unctum
631 3078 699 3123 esse
734 3058 946 3143 cognouimus
984 3075 1053 3124 annu
1088 3058 1215 3124 dicimur:
1249 3059 1357 3124 unxit
1390 3061 1418 3119 te

338 3242 451 3296 auom.
470 3243 530 3308 xm,
551 3246 591 3297 ra.
627 3245 662 3297 ae
680 3243 723 3296 ns.
742 3243 839 3311 xurv,
858 3245 883 3297 a.

338 3399 401 3454 bin
429 3403 576 3455 concordia
604 3421 634 3455 ac
659 3402 785 3456 incordia
812 3421 844 3456 m.
865 3401 881 3456 1
899 3404 925 3456 Ρ
978 3405 1067 3470 6quo
1093 3403 1149 3456 aiio
1169 3403 1194 3455 P
1246 3419 1281 3456 ex
1298 3399 1369 3455 uobis
1392 3394 1418 3449 sd

295 3503 389 3540 omncs
408 3489 483 3540 -ai
507 3486 640 3557 possibile
665 3493 708 3541 est
734 3492 761 3541 in
789 3505 871 3558 marp.
898 3507 985 3560 super.
1010 3491 1070 3542 add.
1089 3489 1116 3542 P
1165 3489 1225 3543 9si
1243 3493 1272 3542 et
1291 3485 1375 3541 Petsi
1392 3483 1418 3536 m

294 3577 395 3628 natura
412 3574 513 3628 habeat
531 3575 583 3627 PT
597 3580 698 3629 natura
715 3593 770 3629 non
788 3575 890 3630 habeat
906 3595 931 3630 e·
973 3579 1006 3630 12
1024 3577 1091 3630 inter
1117 3593 1173 3630 uno
1201 3586 1225 3630 et
1247 3580 1325 3645 patre
1341 3575 1419 3626 lecum

295 3659 367 3712 tue
395 3661 441 3714 luit.
461 3662 486 3713 T
536 3661 638 3715 &atres
663 3676 724 3716 esee
751 3663 803 3716 sub
828 3663 853 3716 V
876 3681 907 3718 ea
932 3681 980 3716 arsa
999 3663 1086 3715 Hilar.
1113 3662 1215 3716 fratres
1242 3667 1272 3716 et
1295 3663 1343 3716 sub
1359 3655 1423 3713 Pru

296 3747 329 3801 18
347 3747 502 3801 unianimes
520 3749 543 3802 V
559 3749 705 3802 unanimes
723 3749 802 3801 ΡΤΕ
853 3749 904 3804 sub
920 3766 976 3804 uuo
995 3749 1085 3818 capite
1099 3746 1165 3801 T¹E
1181 3750 1233 3804 sub
1251 3767 1306 3803 unu
1324 3757 1422 3815 corpore

302 3833 331 3899 V,
344 3829 381 3885 T'
407 3835 435 3886 in
461 3853 553 3904 uturp,
580 3836 632 3890 sub
658 3852 714 3888 nuo
741 3849 911 3904 corporze
930 3837 955 3888 Ρ
1007 3839 1040 3890 16
1057 3835 1192 3890 destricta
1216 3855 1247 3890 ex
1269 3829 1424 3890 dianoni

297 3922 329 3972 17
346 3921 527 3990 egregatio'ne
553 3939 584 3975 a
605 3922 772 3992 gregatioue
792 3923 818 3976 P
869 3925 903 3976 20
920 3923 955 3977 de
974 3923 1065 3992 capite
1088 3923 1140 3977 VT,
1160 3923 1189 3976 in
1215 3923 1306 3992 capite
1331 3922 1379 3974 ret
1393 3917 1423 3986 cs·

292 4077 321 4129 p.
333 4057 397 4127 687,
409 4058 448 4113 30
500 4064 534 4115 21
553 4061 582 4114 in
600 4061 715 4116 barbam
731 4018 805 4116 ¹⁵aron
817 4061 883 4129 P(r)
896 4061 1098 4117 inbarbaaron
1117 4063 1141 4116 V
1155 4062 1186 4116 in
1196 4061 1310 4117 barbam
1322 4059 1421 4116 butam

295 4147 389 4198 Aaron
417 4148 456 4199 Tb
514 4149 550 4200 24
566 4147 651 4217 primi
678 4149 830 4202 sacerdotis
857 4149 900 4202 sui
929 4149 1006 4202 PTE
1030 4148 1151 4217 primurn
1178 4149 1315 4204 sacerdoti
1339 4162 1383 4201 suo
1403 4141 1423 4194 V

295 4233 330 4286 25
348 4238 376 4285 ct
393 4233 606 4303 incorporaliter
625 4237 678 4289 TE
693 4240 722 4289 et
740 4236 925 4306 corporaliter
944 4237 968 4289 P
983 4254 1031 4290 ona
1056 4237 1085 4289 V.
1162 4307 1170 4330 ὶ
