3075 4967
412 274 591 323 tractatus
610 270 643 322 in
663 268 830 337 psalmum
850 270 968 323 CXLIII.
1196 268 1260 333 825

118 470 155 523 et
179 457 310 540 gladii
335 459 396 521 bis
419 458 525 523 acuti
550 458 588 521 in
613 458 1013 522 manibuseorumad
1031 458 1259 523 faciendam

117 562 341 627 uindictam
366 562 402 625 in
427 562 674 635 nationibus,
699 564 1011 643 increpationes
1034 563 1071 627 in
1090 563 1259 645 populis

116 668 162 731 ad
197 666 434 748 alligandos
469 674 595 751 rege!
623 688 756 751 eorum
792 668 829 732 in
866 669 1037 733 manicis
1061 674 1260 750 elconpe·

117 772 235 835 dibus
270 779 308 836 et
341 770 502 835 nobiles
541 792 676 835 eorum
723 774 759 835 in
795 772 975 837 uinculis
1014 774 1183 840 ferreis:
1221 781 1260 836 01

116 876 275 941 faciant
305 877 343 940 in
374 875 437 939 bis
473 876 666 940 iudicium
702 878 989 957 conscriptum,
1020 877 1259 961 gloriabare
1299 902 1311 937 1

116 989 177 1045 est
202 980 388 1045 omnibus
412 980 570 1044 sanctis
595 981 688 1045 eius.
734 980 792 1044 hoc
816 981 969 1045 canticum
993 1000 1106 1045 nouum
1129 988 1184 1058 est,
1209 982 1258 1045 dei

114 1092 240 1149 sanctos
254 1084 357 1148 iudicii
370 1084 477 1149 aeterni
490 1104 613 1149 sumere
626 1090 820 1164 potestatem.
844 1085 976 1150 sancti
993 1086 1076 1149 enim
1088 1086 1259 1150 seeundum

115 1188 289 1269 apostolum
313 1190 498 1253 mundum
523 1190 773 1253 iudicabunt.
820 1189 1261 1273 bocigiturnouumcantatur

113 1314 131 1357 a
148 1294 246 1369 nobis,
265 1292 336 1357 ultio
352 1293 382 1357 10
400 1294 550 1370 nationes,
566 1294 696 1377 arguitio
712 1294 743 1357 in
762 1293 897 1375 populos,
913 1294 1044 1358 1110111001
1060 1301 1090 1358 et
1104 1294 1259 1373 conpedes

112 1417 227 1480 regum
252 1408 283 1460 et
307 1396 454 1460 nobilium
484 1398 608 1461 uincula
639 1398 739 1462 l'erren
763 1404 795 1461 et
817 1398 981 1479 conscripti
1010 1398 1041 1461 in
1076 1418 1129 1463 eos
1152 1398 1258 1462 iudicii
1287 1420 1311 1455 11

111 1502 276 1565 sententia.

158 1604 209 1669 20.
235 1604 324 1684 Quod
348 1606 439 1669 eliam
464 1605 495 1668 in
521 1604 610 1669 liuius
626 1605 737 1686 psalmi
756 1625 835 1669 nouo
851 1606 970 1671 cantico
985 1606 1086 1670 simile
1102 1612 1257 1669 cantatur:

113 1709 221 1782 deus,
246 1709 480 1773 cantionem
505 1730 643 1774 nouam
676 1711 850 1774 cantabo
880 1710 965 1779 tibi.
994 1710 1032 1773 in
1057 1700 1258 1789 psalterio

113 1812 375 1878 decachordo
398 1812 569 1894 psallam
595 1814 680 1887 tibi,
701 1814 766 1897 qui
791 1815 862 1878 dos
885 1814 1057 1879 salutem
1080 1814 1258 1897 regibus.

112 1918 142 1980 in
176 1916 371 1982 decachordo
401 1919 495 2001 igitur
525 1918 676 1998 psalterio
706 1919 737 1981 id
762 1926 817 1988 est,
847 1918 895 1983 uel
927 1920 1011 2001 quod
1034 1920 1143 1982 decem
1167 1917 1257 1982 chor·
1283 1939 1307 1974 n

113 2024 226 2086 darum
250 2020 324 2086 illud
350 2021 527 2102 psalterium
560 2024 607 2097 ait,
638 2022 687 2087 uel
712 2024 795 2106 quod
818 2023 926 2087 decem
950 2023 1115 2087 uerborum
1140 2042 1256 2105 organo

112 2140 208 2209 atque
231 2127 328 2209 gestis
352 2126 453 2189 cantio
476 2146 557 2190 noua
587 2127 645 2190 ista
679 2133 828 2201 cantatur,
861 2126 911 2190 uel
946 2128 1030 2209 quod
1065 2125 1157 2191 homo
1192 2127 1258 2205 ipse

112 2231 225 2294 decem
251 2230 435 2312 quibusdam
466 2229 600 2307 chordis,
626 2231 767 2295 manibus
791 2252 827 2295 ac
850 2230 978 2310 pedibus
1009 2237 1159 2300 extentus,
1190 2250 1259 2310 per·

112 2334 216 2399 lectus
252 2334 434 2413 spiritalium
471 2354 600 2414 operum
635 2354 758 2398 suorum
791 2342 882 2419 gestu
904 2345 1048 2417 mot-uque
1070 2335 1116 2399 sic
1138 2333 1257 2414 psallat,

111 2446 145 2503 ut
169 2439 344 2503 cantionem
368 2437 449 2503 hanc
473 2458 585 2502 1101111111
609 2445 719 2503 orantei.
766 2439 832 2520 qui
863 2440 933 2503 das
956 2438 1128 2503 salutem
1150 2439 1253 2522 regi·
1283 2460 1309 2495 1ο

111 2544 204 2621 111101
228 2543 361 2626 regibus,
378 2543 696 2625 quibusdictumest:
721 2542 867 2619 uenite,
892 2542 1102 2607 benedieti
1125 2542 1257 2623 patris

112 2648 200 2723 mei,
226 2648 436 2729 possideto
459 2654 730 2729 preepnratum
754 2647 871 2711 uobis
894 2648 1258 2729 regnumaconsti-

109 2752 272 2815 tutione
304 2752 447 2820 mundi.
489 2752 541 2834 qui
566 2750 684 2815 nobiles
708 2750 858 2834 ligabunt,
883 2751 936 2834 qui
959 2770 1051 2834 reges
1075 2750 1204 2815 manicis
1227 2762 1258 2814 et

109 2855 302 2935 conpedibus
326 2856 549 2937 constringent,
581 2856 634 2938 qui
663 2855 850 2923 iudicabunt.
884 2862 1024 2939 arguent,
1046 2855 1257 2920 uindicabunt.

155 2960 207 3022 21.
235 2959 273 3024 ut
296 2960 450 3041 quomodo
473 2959 557 3024 sulus
580 2959 708 3043 regibus
732 2960 829 3037 detur,
864 2960 1014 3024 ostendit:
1044 2960 1120 3042 qui,
1150 2959 1258 3049 inquit,
1286 2978 1310 3013 aa

110 3066 268 3130 liberas
306 3064 434 3127 Dauid
469 3084 629 3128 seruum
664 3069 788 3128 tuum:
823 3084 893 3129 eum
929 3083 1042 3143 nempe
1078 3064 1184 3139 Dauid,
1219 3064 1258 3127 de

110 3190 174 3253 quo
200 3168 249 3232 bic
272 3168 355 3231 idern
389 3167 465 3232 liber
496 3188 532 3231 ex
567 3186 698 3247 persona
733 3168 783 3231 dei
817 3168 913 3247 patris
946 3166 1006 3230 alio
1036 3167 1156 3247 psalmo
1185 3187 1257 3250 pro·

110 3274 234 3356 phelet:
261 3271 375 3352 posui
403 3272 651 3335 adiutorium
681 3291 802 3353 super
828 3278 1044 3352 potentem,
1075 3270 1279 3335 exaltaui.

109 3377 287 3442 electum
329 3376 374 3441 de
419 3376 539 3459 plebe
584 3394 675 3439 mea.
734 3375 873 3439 inueni
921 3374 1049 3439 Dauid
1094 3393 1255 3439 seruum

110 3500 246 3545 meum.
282 3478 368 3545 oleo
404 3486 546 3545 sancto
581 3498 662 3542 meo
697 3479 792 3543 unri
830 3497 925 3541 eum.
978 3497 1116 3541 manus
1150 3478 1255 3542 enim
1283 3494 1309 3531 ³⁰

111 3606 196 3649 mea
229 3582 501 3648 auxiliabitur
538 3582 611 3646 illi.
659 3583 746 3662 ipse
786 3582 996 3646 inuocauit
1034 3601 1106 3645 me:
1141 3588 1257 3661 pat-er

155 3762 170 3808 7
190 3760 201 3813 1
222 3758 282 3811 Cor.
304 3759 327 3825 6,
346 3760 370 3811 2.
408 3760 439 3811 21
461 3758 559 3811 Meton.
579 3756 661 3823 XXV,
680 3758 722 3809 34.
759 3758 793 3809 28
813 3756 855 3808 Pa.
874 3754 1050 3818 LXXXVIII,
1071 3757 1106 3809 20
1123 3774 1162 3823 sq.

156 3900 188 3951 13
208 3898 237 3949 in
256 3896 388 3965 psalterio
407 3916 436 3949 111
455 3896 484 3949 in
502 3896 635 3965 psalteria
647 3894 709 3947 m.3
719 3897 743 3947 It
798 3897 831 3948 15
849 3895 878 3947 in
896 3892 1049 3947 decacordo
1068 3893 1257 3959 (calamelli

111 3986 261 4039 cordarum
280 3985 305 4036 R
358 3986 391 4037 18
410 3989 539 4036 extentus
558 3980 647 4047 (exin
666 3999 718 4035 rus.
738 3981 763 4047 Il
784 3982 809 4033 a
861 3980 1001 4049 perlectus
1021 3978 1257 4047 (0101111111

113 4076 144 4126 19
163 4070 310 4140 psalletR
362 4070 486 4125 20110110
514 4085 615 4123 nonam
641 4068 666 4121 R
689 4085 789 4122 nouam
817 4067 888 4120 hunc
907 4068 935 4119 E
985 4069 1019 4120 28
1037 4068 1159 4121 exaltuni
1177 4068 1204 4120 R
1220 4070 1255 4136 cs.

113 4159 191 4211 LXX
208 4160 247 4211 ed.
268 4158 442 4227 Tisebeadors
463 4158 501 4221 11,
527 4156 562 4209 81
591 4166 613 4209 et
632 4156 751 4209 Sobatier
771 4156 808 4211 11,
829 4154 877 4206 177
896 4159 925 4207 et
944 4154 1064 4207 exaltaui
1085 4155 1111 4205 Ε
1161 4157 1193 4208 31
1213 4156 1256 4209 1111

111 4246 136 4298 R
155 4246 181 4299 ei
201 4246 229 4297 E
281 4244 421 4297 inuocauit·
440 4260 483 4297 me
503 4244 528 4295 R
546 4242 688 4295 inuocabit
706 4240 765 4305 lom.
784 4246 838 4299 me)
859 4242 891 4293 12'.
