3075 4967
301 255 363 320 526
638 258 754 310 sanati
779 257 916 310 Hilarii
939 257 1102 325 episcopi

300 449 372 512 dum
398 447 539 512 bonitatis
573 433 689 510 leimam
713 447 796 511 inani
819 455 851 512 et
873 446 971 510 otiosa
993 445 1154 511 hominum
1176 449 1320 530 opinione
1341 455 1426 514 sectu-

299 570 369 616 mur
387 589 421 598 —
445 557 476 616 et
499 551 605 616 deberi
628 549 725 628 nobis,
747 556 782 615 ut
803 551 973 626 audiamur,
995 551 1218 616 existimamus.
1266 553 1321 617 scd
1344 558 1424 618 toturn

298 656 397 720 adeo
419 655 570 736 propheta
604 661 716 734 sperat,
751 660 845 719 totum
881 675 918 720 ex
951 654 1163 720 misericordia
1192 656 1258 721 eius
1292 663 1425 737 expectat

297 759 327 822 in
352 758 494 840 operibus
518 758 647 842 quidem
668 759 814 824 bonitatis
835 759 927 824 totius
949 760 1016 839 ipse
1039 757 1193 839 perfectus
1213 766 1270 837 cst,
1294 761 1425 825 sedeatis

259 891 270 926 a
298 882 366 928 esse
389 861 447 927 hoc
471 862 530 926 sibi
552 881 615 926 non
637 868 725 943 putat
743 861 938 941 adsalutem,
961 863 1207 961 nisi'secundum
1225 865 1424 930 miserationes

298 965 346 1032 dei
371 973 402 1030 et
424 966 537 1031 iudicia
559 965 804 1032 misericordiam
827 973 1041 1049 consequatur.

341 1140 370 1204 7.
395 1138 573 1222 Numquam
598 1145 701 1203 autem
724 1139 839 1204 otiosus
875 1145 928 1215 est,
963 1160 1134 1223 numquam
1167 1161 1228 1204 non
1259 1141 1424 1206 infestantes

297 1243 544 1326 insectantesque
564 1243 694 1322 proximi
710 1248 796 1307 sunt:
818 1243 883 1307 uita
898 1244 963 1308 eius
979 1245 1078 1308 omnis
1094 1247 1263 1311 seeundum
1280 1247 1423 1327 scriptura

297 1345 393 1412 fidem
414 1347 447 1412 in
470 1348 591 1413 insidiis
616 1347 679 1412 suit.
726 1348 782 1412 sed
805 1354 836 1412 ct
858 1348 990 1432 quisque
1020 1369 1102 1415 nune
1131 1349 1256 1430 plaeere
1287 1353 1343 1416 deo
1363 1350 1422 1417 uult.

245 1479 270 1516 ιο
298 1451 459 1532 displiceat
481 1452 584 1533 impiis
608 1471 737 1517 necesse
760 1459 817 1517 ast.
862 1459 893 1518 et
914 1453 982 1517 ideo
1002 1455 1059 1518 ait:
1082 1455 1423 1536 adpropiauerunt

297 1563 597 1639 persequentes
631 1575 688 1621 me
721 1556 871 1640 iniqni;
895 1577 913 1620 a
936 1555 1027 1640 lege
1057 1564 1189 1624 autem
1222 1567 1289 1624 tua
1317 1559 1422 1643 longe

296 1657 397 1724 faeti
428 1667 528 1724 sunt.
573 1659 641 1725 haec
665 1660 793 1743 quidem
819 1661 857 1725 da
879 1681 921 1739 se,
945 1664 1032 1726 cuius
1056 1662 1202 1727 infestata
1225 1662 1281 1729 suit
1302 1665 1421 1746 undique

296 1763 367 1840 uita,
392 1763 505 1829 dixisse
529 1763 670 1828 creditur.
716 1765 772 1828 sed
788 1767 841 1847 qui
863 1765 895 1829 in
918 1765 1039 1845 psalmo
1055 1765 1114 1832 hoc
1131 1766 1276 1832 humanae
1292 1768 1421 1832 doctrine

296 1867 435 1932 ordinem
469 1873 560 1947 tenet,
591 1867 631 1930 ad
661 1868 865 1934 eruditionem
894 1875 1034 1934 nostram
1064 1870 1168 1934 omnia
1191 1873 1376 1953 temperant,
1394 1878 1421 1933 ut

188 1997 190 2002 v
245 1998 269 2034 ns
296 1991 555 2055 cognosceremus
577 1992 638 2050 eoa,
673 1972 725 2056 qui
748 1973 880 2052 proximi
903 1974 1022 2040 iniuriae
1045 1973 1184 2039 fidelium
1207 1976 1324 2054 fierent
1346 1973 1420 2040 adei

295 2074 365 2159 lege
389 2075 480 2160 longa
504 2075 621 2141 abesse.
667 2083 783 2159 quanta
799 2077 879 2142 enim
905 2078 940 2141 fit
955 2079 986 2142 in
1011 2085 1134 2143 sanctos
1158 2079 1276 2145 iniuriae
1292 2081 1419 2149 aecmsio.

297 2185 383 2244 tanta
405 2179 439 2243 fit
462 2201 498 2245 en
521 2181 572 2244 dei
589 2177 657 2263 lege
674 2180 824 2246 decessio.
869 2183 1043 2247 cauendum
1061 2190 1163 2248 antem
1179 2189 1235 2262 est,
1259 2182 1419 2267 nequando

294 2303 351 2348 nos
375 2285 539 2349 aduersum
552 2283 663 2349 iratres
678 2284 723 2348 ira
738 2292 940 2363 commoueat,
963 2306 1003 2351 nc
1019 2289 1144 2370 quando
1159 2289 1278 2353 inuidia
1294 2286 1420 2355 stimulet

294 2389 481 2472 nequando
504 2387 660 2453 emulatio
689 2388 803 2467 inritet,
836 2396 871 2454 ut
893 2388 1009 2473 aliquid
1033 2392 1064 2455 in
1087 2411 1139 2456 eos
1162 2390 1368 2476 inreligiosum
1387 2408 1417 2454 ao

244 2514 269 2553 aa
295 2490 491 2556 fastidiosum
521 2511 660 2574 agamus,
692 2511 824 2575 quorum
853 2493 973 2558 iniuriae
1003 2515 1073 2560 cum
1103 2495 1292 2574 adsistimus,
1321 2501 1418 2559 tuma

295 2596 345 2661 dei
368 2595 438 2680 lega
462 2596 647 2661 desistimus

339 2767 368 2833 8.
393 2767 678 2852 Dehincsequitur:
703 2789 827 2852 prope
850 2791 899 2848 as,
924 2771 1092 2844 domine,
1116 2783 1153 2836 et
1175 2775 1308 2837 omnia
1329 2787 1416 2836 man·

295 2871 388 2936 data
411 2882 476 2938 tua
497 2874 655 2938 ueritas
679 2879 748 2938 ast
792 2873 852 2938 alio
873 2875 904 2938 in
920 2873 1153 2958 locolegimus:
1178 2878 1274 2942 deus
1296 2877 1416 2954 adpro·

294 2975 411 3055 pians
434 2995 507 3060 ego
531 2997 614 3041 snm
637 2983 675 3043 et
697 2996 772 3042 non
797 2979 893 3042 dans
917 2978 1087 3063 alonge,
1114 2980 1216 3045 dicit
1239 2981 1414 3046 dominus.

242 3099 268 3138 aa
294 3099 354 3143 non
378 3079 587 3160 corporalibus
610 3080 685 3146 locis
709 3082 784 3147 dens
808 3083 989 3159 continetur,
1014 3102 1115 3167 neque
1129 3082 1244 3149 finibus
1261 3080 1415 3162 antspatiis

294 3183 405 3248 diuinae
438 3185 560 3249 uirtutis
592 3185 777 3250 inmensitas
810 3191 973 3251 coartatur.
1020 3186 1108 3252 adest
1139 3188 1264 3272 ubique,
1294 3195 1322 3252 st
1347 3190 1415 3249 totns

233 3397 236 3404 “
336 3411 370 3462 aa
388 3409 509 3464 Hieram.
528 3410 627 3478 numu,
647 3413 688 3465 aa.

338 3622 492 3676 lbonitate
517 3623 597 3677 famis
621 3624 646 3677 V
695 3624 783 3679 otiosa
807 3625 880 3679 fama
906 3631 1046 3680 sectamur
1069 3628 1094 3680 V
1142 3632 1290 3699 4totnsp
1336 3627 1412 3678 laon

292 3727 342 3762 om.
371 3710 393 3762 G
443 3711 645 3764 dissociantes
676 3710 698 3764 0
721 3717 750 3765 et
778 3713 944 3766 insectantes
969 3733 989 3784 p
1054 3719 1119 3768 sunt
1137 3743 1171 3752 -
1189 3713 1274 3769 fidem
1291 3716 1318 3768 in
1332 3728 1373 3764 oro.
1395 3705 1415 3756 l'

292 3799 309 3850 9
327 3801 355 3850 et
373 3814 421 3848 orn.
436 3815 457 3867 p
510 3797 627 3865 quisque
650 3797 676 3849 V
690 3799 772 3868 quisq
778 3819 785 3866 ;
806 3800 862 3869 cpe
881 3799 962 3868 quisq
980 3802 1006 3853 R
1024 3801 1148 3869 quisquis
1167 3821 1179 3851 e
1195 3803 1231 3871 af.
1251 3802 1327 3855 Acad.
1339 3815 1365 3867 p·
1381 3790 1413 3845 29

294 3885 327 3936 10
344 3882 528 3954 etidciroopb
581 3885 959 3955 adpropiauerunt—iniqui
977 3905 1024 3940 om.
1044 3889 1070 3940 R
1122 3878 1414 3957 apppinquaueruntd

294 3971 323 4022 ll
344 3969 433 4038 iniqui
448 3970 512 4039 Vos.
523 3972 643 4024 Sabaria
662 3971 699 4036 ΙΙ,
718 3970 774 4024 217
793 3975 853 4026 adn.
872 3973 1021 4042 iniquitate
1032 3975 1054 4027 Ο
1061 3975 1204 4043 iniquitati
1218 3976 1270 4046 pE
1318 3972 1345 4025 13
1360 3981 1411 4020 cre·

293 4055 374 4108 detur
388 4057 413 4110 V
419 4057 488 4124 sort.
506 4068 571 4110 recle
624 4057 653 4110 in
671 4058 760 4112 om.V
811 4062 843 4112 15
861 4077 877 4112 a
895 4053 927 4114 di
944 4061 1026 4129 longe
1048 4062 1179 4128 longeV
1230 4066 1263 4117 16
1280 4059 1308 4114 in
1322 4051 1411 4109 tanctiss

293 4142 332 4195 Re
386 4144 418 4197 18
436 4143 567 4197 aduersus
588 4143 625 4213 Cp
680 4148 712 4199 19
731 4149 779 4199 aut
805 4146 979 4200 fastidiosum
999 4147 1052 4218 opo
1104 4150 1138 4201 23
1156 4154 1200 4202 est
1222 4166 1272 4202 om.
1289 4147 1315 4200 Ε
1326 4142 1368 4194 w!
1380 4139 1409 4204 ts·

289 4247 317 4298 p.
333 4227 449 4294 52a15
502 4229 531 4282 in
550 4247 598 4283 om.
622 4231 648 4284 V
697 4234 732 4286 24
750 4231 785 4286 de
803 4233 885 4300 longe
905 4234 955 4286 CE
970 4234 1053 4302 longe
1071 4235 1116 4305 Rp
1167 4237 1203 4288 26
1220 4233 1370 4301 quaeratur
1386 4223 1409 4275 (ἶ
