3075 4967
269 283 330 346 ἹΟΞ
607 285 725 338 sancti
750 284 885 339 Hilarii
910 285 1074 353 episcopi
1126 291 1132 300 “

267 473 465 550 commoneri,
501 473 612 538 totiens
646 474 824 557 negotiosus
859 475 899 538 ad
932 473 1001 539 huc
1035 473 1110 539 deus
1143 474 1228 554 ipsos
1263 474 1346 549 istos,
1375 479 1406 537 ut

267 578 472 653 demutentur,
488 581 522 641 ut
537 576 718 660 dissideant,
736 597 773 642 err
788 582 907 642 secreto
922 578 1102 643 dinitiarum
1114 598 1239 643 suarum
1251 573 1407 660 producit?

314 698 362 763 13.
387 697 448 763 Sed
472 699 540 764 hac
564 719 581 763 a
604 718 655 764 ma
686 699 803 764 uolenti
837 700 984 764 uirtutem
1019 707 1050 766 et
1078 699 1231 765 rationem
1264 700 1407 765 dictorum
1516 712 1517 777 j

268 802 430 868 ostendere
464 803 507 866 ita
529 809 773 868 commemorata
802 803 874 879 sint,
905 809 938 869 ut
966 802 1168 869 nihilominus
1197 803 1360 868 inuisibilis
1381 809 1409 868 et

229 932 241 969 a
269 906 489 986 omnipotentis
522 906 643 972 uirtutis
678 926 748 972 esse
782 906 988 992 intellegatur,
1011 927 1030 972 a
1053 908 1142 984 mari,
1177 909 1259 992 quod
1294 914 1341 973 est
1373 909 1408 972 ab

271 1016 406 1076 extremo
429 1016 527 1089 terrm,
557 1011 656 1076 nubes
680 1013 768 1076 educi
792 1019 823 1077 et
851 1011 932 1076 inter
953 1011 1074 1092 pluuias
1105 1011 1229 1097 fulgura
1255 1030 1409 1077 eomscare
1516 1012 1517 1041 l

271 1118 301 1180 et
322 1121 432 1180 uentos
457 1135 492 1180 ex
516 1101 643 1180 occultis
666 1116 839 1197 spiratuum
862 1135 988 1180 suorum
1022 1116 1150 1182 sedibus
1180 1115 1263 1181 flare.
1307 1134 1409 1181 uemm
1516 1108 1517 1119 ³

272 1219 426 1302 quianon
450 1217 482 1283 in
506 1217 555 1284 his
585 1225 704 1284 tantum
740 1220 963 1300 omnipotentia
997 1220 1047 1285 dei
1080 1226 1137 1298 est
1171 1239 1273 1304 nequa
1303 1221 1332 1284 in
1364 1219 1409 1283 his
1516 1248 1517 1311 3

270 1321 379 1400 solum,
404 1340 486 1405 quae
509 1321 647 1401 noluit,
671 1322 774 1388 fecit
796 1324 834 1387 in
867 1324 961 1389 caelo
985 1324 1082 1389 etin
1109 1330 1228 1403 terra,
1252 1323 1409 1388 inmari
1516 1358 1517 1391 ;

217 1448 242 1486 ιο
270 1433 309 1491 et
331 1425 369 1490 in
393 1426 567 1512 abyssis,
592 1431 624 1492 et
647 1428 676 1492 in
702 1426 759 1503 his,
783 1447 851 1511 qua
874 1427 1075 1508 corporaliter
1097 1435 1186 1513 gesta
1209 1448 1280 1508 ossa
1299 1447 1409 1492 memo·
1516 1416 1517 1469 3

270 1539 383 1608 rantur,
418 1530 567 1611 spiritalia
601 1529 769 1614 significari
808 1533 1020 1597 meminimus:
1059 1533 1333 1599 demonstrandum
1367 1537 1410 1596 est
1516 1552 1517 1567 ¹

270 1654 359 1702 nunc.
383 1635 457 1718 quid
488 1635 546 1700 snb
577 1634 625 1699 his
658 1635 748 1700 dictis
778 1655 833 1718 per
863 1636 1008 1701 uirtutem
1038 1636 1210 1719 prophetia
1234 1635 1409 1720 intellegere

271 1737 449 1803 debeamus.
1254 1722 1260 1734 ’

316 1841 426 1906 14.1n
452 1862 496 1918 eo,
521 1844 603 1925 quod
631 1844 771 1922 omnia,
795 1863 878 1927 quae
909 1843 1047 1919 uoluit,
1072 1844 1174 1909 lecit
1196 1846 1235 1909 in
1258 1843 1354 1909 caelo
1374 1849 1410 1908 st

220 1976 244 2012 a
270 1947 310 2010 in
333 1953 451 2026 terra,
474 1947 513 2011 in
538 1948 637 2011 mari
655 1947 746 2011 etin
769 1948 941 2031 abyssis,
958 1948 1409 2033 quantumcognitioninostra

271 2051 457 2132 permissum
492 2056 548 2131 est,
584 2050 662 2115 nihil
695 2051 858 2116 amabilius
893 2053 951 2116 deo
985 2051 1111 2117 homine
1146 2057 1201 2117 est
1247 2057 1278 2117 et
1312 2051 1409 2116 subest

272 2173 375 2230 causa,
398 2165 431 2219 ut
456 2154 608 2234 peculiare
632 2153 690 2220 hoc
714 2155 741 2220 ei
764 2154 880 2221 animal
903 2156 950 2220 sit.
996 2158 1130 2222 mundus
1153 2157 1250 2221 uerbo
1268 2155 1409 2229 constitit,

273 2257 365 2322 homo
381 2264 483 2324 antam
499 2279 568 2324 cum
584 2258 711 2324 consilio
728 2258 867 2337 efficitur,
891 2279 952 2324 non
968 2261 1071 2336 uerbo,
1092 2261 1148 2326 sed
1164 2280 1258 2341 opere
1272 2260 1408 2344 cogitato.

272 2361 308 2426 fit
330 2382 453 2446 quoque
476 2363 514 2428 ad
534 2363 706 2446 imaginem
722 2363 787 2441 dei3
810 2384 866 2444 par
880 2365 1114 2444 inspirationem
1130 2365 1224 2430 etiarn
1241 2365 1293 2429 dei
1307 2357 1409 2428 niuem

218 2490 244 2530 ao
273 2467 376 2531 anima
397 2465 564 2548 perficitur.
610 2467 712 2552 legem
732 2468 852 2548 accipit,
876 2467 1024 2533 uoluntati
1041 2488 1104 2534 suae
1119 2469 1315 2549 permittitur,
1338 2465 1410 2531 liber
1516 2472 1517 2479 ’

272 2570 311 2634 ab
334 2571 478 2636 omnibns
511 2572 618 2636 mundi
653 2571 797 2636 dominus
830 2572 1034 2649 constituitur,
1067 2572 1204 2653 paradisi
1237 2572 1338 2636 incola
1359 2575 1409 2642 est
1516 2576 1517 2653 J

272 2672 389 2739 inuidia
411 2675 523 2741 diaboli
548 2675 661 2759 dignus
693 2682 749 2754 est,
780 2682 849 2756 post
878 2682 1039 2756 peccatum
1073 2675 1295 2741 misericordiae
1317 2693 1409 2740 rasar-

272 2784 370 2848 uatnr,
402 2779 486 2844 omni
516 2779 619 2844 saculi
650 2779 741 2845 huius
772 2785 863 2845 atate
886 2781 926 2844 ud
949 2781 1159 2864 cognitionem
1191 2781 1241 2845 dei
1272 2779 1409 2847 eruditur.
1516 2832 1517 2839 ,

273 2883 363 2949 iudex
386 2883 506 2966 angelis
530 2889 727 2968 preparatur.
773 2883 991 2949 reuelationem
1014 2885 1079 2949 eius
1102 2893 1243 2950 creatura
1276 2888 1410 2964 expectat
1516 2928 1517 2961 ,

219 3009 245 3048 aa
273 2987 400 3053 uanitati
433 2987 465 3052 in
500 3007 589 3069 spem
620 2995 651 3052 et
679 2989 746 3069 ipsa
776 2989 930 3063 subiecta;
964 2989 1003 3052 ob
1037 2989 1250 3069 paenitentiam
1284 2989 1348 3053 eius
1376 3004 1410 3050 ar
1516 2974 1517 3031 ἶ

273 3097 399 3172 peceato
422 3091 603 3176 angelornm
627 3092 657 3156 in
682 3092 766 3158 calis
789 3092 958 3157 maximnm
989 3093 1138 3176 gaudium
1168 3097 1225 3158 est
1269 3091 1319 3156 hic
1349 3091 1409 3170 ipse
1516 3098 1517 3157 l

274 3216 329 3280 per
343 3201 575 3261 sacramentum
592 3186 758 3262 natiuitatis
775 3197 946 3261 secundum
961 3195 1123 3262 hominem
1142 3180 1245 3262 lesum
1257 3193 1409 3260 Christum

274 3300 455 3381 adsumptus
477 3301 509 3364 in
540 3320 611 3366 eum
634 3307 691 3366 cst.
737 3300 800 3364 iam
822 3300 937 3384 ubique
959 3300 1173 3384 inreligiosum
1196 3306 1268 3365 anta
1291 3319 1325 3366 os
1348 3297 1408 3362 eius
1516 3340 1517 3343 ,

273 3403 456 3488 religionem
481 3404 578 3482 docet,
601 3405 663 3469 iam
680 3403 831 3485 pollutum
846 3405 961 3485 stupris
977 3423 1086 3484 corpus
1102 3404 1292 3469 continentia
1304 3419 1408 3484 purum

219 3530 245 3568 aa
275 3507 414 3589 ostiam
449 3527 532 3573 caeca
562 3509 717 3591 qnondam
740 3528 759 3572 a
781 3509 957 3592 cognitione
987 3508 1038 3573 dei
1067 3528 1157 3574 mens
1187 3505 1307 3574 Israhel
1336 3507 1409 3570 sacta
1516 3548 1517 3559 2

274 3619 329 3678 est
374 3613 436 3677 iam
460 3611 576 3676 inuidia
598 3612 629 3676 in
653 3612 858 3677 imitationem
881 3613 952 3676 boni
975 3613 1115 3694 profecit,
1141 3613 1207 3678 iam
1230 3607 1408 3677 ebrietasin
1516 3618 1517 3633 ¹

318 3733 580 3788 loommoueritG
644 3735 792 3788 3uolente
811 3735 848 3788 Te
917 3737 1062 3789 cassatae
1079 3733 1113 3801 lli
1131 3749 1362 3788 commemorant
1386 3728 1409 3780 G
1516 3724 1517 3779 l

272 3823 289 3873 7
315 3826 474 3875 *stratuum
504 3821 530 3872 G
556 3821 705 3888 spirituum
733 3821 784 3874 PT
860 3823 892 3874 10
921 3821 1047 3874 hissam
1080 3821 1201 3889 qualiter
1230 3819 1265 3887 (⁴2)
1292 3815 1409 3889 gestsG
1516 3840 1517 3855 2

276 3911 308 3962 12
326 3907 400 3976 quod
427 3909 452 3960 G
506 3908 539 3961 16
566 3912 594 3961 et
621 3908 687 3961 subs
714 3925 785 3978 supr.
813 3910 873 3961 cdd.
893 3908 920 3960 P
970 3910 1003 3962 17
1026 3908 1154 3962 constitit
1172 3908 1242 3961 ΡΤα
1259 3903 1409 3960 consistite

273 3997 308 4048 20
325 3995 428 4064 accipit
439 3995 492 4047 GT
507 3995 616 4063 accepit
631 3994 657 4046 P
706 3994 858 4049 uoluntatis
876 3993 939 4047 GP¹
991 3995 1026 4049 28
1043 3994 1073 4048 in
1090 3994 1139 4047 dm
1157 3992 1192 4060 (ll
1210 3993 1299 4048 astG
1350 3992 1409 4042 ante

273 4077 402 4147 noalllG
455 4083 489 4136 30
507 4097 588 4134 caeca
603 4081 655 4134 GT
668 4098 820 4135 excaecam
834 4081 859 4133 P
909 4080 1071 4136 istrahelG
1123 4084 1156 4136 31
1177 4082 1231 4135 iam
1245 4099 1287 4153 pr.
1305 4081 1323 4132 l.
1340 4093 1406 4146 supr.

272 4170 333 4222 add.
352 4168 378 4220 P
428 4168 457 4221 in
481 4167 665 4222 imitationem
689 4168 754 4223 boni
774 4167 885 4236 proficit
904 4168 930 4220 P
949 4168 1106 4223 imitatione
1123 4169 1190 4223 boni
1208 4167 1324 4238 profecit
1342 4161 1407 4216 Tin

274 4254 351 4308 inmu
370 4252 404 4320 (l)
423 4267 537 4302 *cassas
564 4255 598 4306 (ι’.
