3075 4967
284 308 347 373 876
759 308 955 378 Appendim

283 500 392 565 siout
428 504 677 581 unguentum
718 497 764 563 de
802 498 953 582 eapite,
995 498 1099 581 quod
1137 500 1356 565 deseendit
1393 500 1434 565 in

285 604 449 668 borbum
487 606 629 680 Aaron,
672 605 776 687 quod
818 602 1038 668 deseendit
1079 603 1118 666 in
1160 622 1269 668 orum
1306 601 1459 669 uesti·'

284 707 410 772 menti
432 708 530 771 eius.
576 710 682 772 Aaron
705 713 897 791 unguentum
920 705 1115 788 conpositum
1139 707 1197 772 fuit
1219 728 1257 772 ex
1276 708 1434 787 odoribus,

284 813 366 877 unde
389 812 535 895 unguitur
569 810 601 875 iu
632 812 835 876 sacerdotem.
881 810 962 876 hono
994 811 1262 877 consecrationem
1296 813 1432 893 primum

230 948 242 985 s
284 914 437 980 secerdoti
459 934 514 981 suo
538 916 596 979 deo
619 936 689 981 esse
719 914 907 996 oonpleeuit;
942 913 1103 980 dominum
1136 934 1261 999 quoque
1290 924 1433 982 nostrum

282 1018 479 1085 inuisibiliter
502 1030 626 1085 unctum
652 1039 720 1085 esse
745 1040 764 1083 o
787 1018 980 1085 consortibus
995 1018 1069 1085 suis.
1113 1020 1217 1085 unetio
1232 1020 1293 1085 iste
1308 1026 1434 1087 terrena

166 1206 169 1212 Ι
282 1144 343 1191 non
373 1130 435 1203 est;
470 1143 530 1188 non
566 1142 672 1203 cornu,
705 1130 738 1189 ut
772 1144 864 1207 reges
896 1124 1104 1208 ungebantur,
1134 1124 1190 1189 sed
1220 1123 1287 1189 oleo
1317 1124 1433 1190 laetitiae

283 1232 392 1292 unctus
428 1233 482 1292 est.
530 1228 663 1311 deniqne
698 1233 768 1311 post
802 1226 884 1293 huno
918 1228 1097 1292 unctionem
1120 1228 1224 1293 Aaron
1259 1228 1432 1293 seeundum

283 1330 386 1415 legem
411 1330 554 1396 Christus
585 1337 632 1396 est
656 1339 857 1412 nuncupatus.
902 1337 935 1397 ut
956 1331 1051 1415 igitur
1074 1330 1133 1397 hoo
1154 1337 1347 1416 unguentum
1372 1332 1433 1397 im·

231 1466 255 1503 ro
283 1437 415 1500 mundos
439 1435 579 1501 cordium
602 1436 736 1516 spiritus,
760 1454 957 1519 quocumque
978 1435 1115 1501 infusum
1139 1434 1239 1511 fuerit
1270 1436 1432 1520 extinguit

282 1540 323 1625 ito
346 1548 376 1605 et
399 1558 454 1621 per
475 1540 654 1605 unctionem
677 1540 822 1617 ueritatis,
853 1540 1062 1617 concordiem,
1092 1540 1150 1605 deo
1180 1540 1241 1603 iem
1276 1541 1360 1624 quod
1383 1547 1433 1605 ost

282 1661 376 1708 sueue
414 1644 569 1724 spiramus
615 1643 750 1723 apostolo
796 1644 935 1709 dicente:
973 1642 1131 1709 coristi
1167 1644 1294 1709 bonus
1331 1645 1432 1709 odor

282 1766 424 1813 sumus.
471 1754 503 1813 ut
525 1765 600 1831 ergo
623 1746 771 1829 placitum
795 1746 853 1812 hoo
875 1748 906 1812 in
931 1747 1031 1827 primo
1055 1750 1114 1813 deo
1137 1751 1303 1813 estAorou
1327 1767 1431 1813 sueor-

282 1851 354 1916 dote
382 1857 585 1935 unguentum,
617 1852 660 1916 itu
690 1852 802 1917 bonurn
834 1858 865 1917 et
894 1852 1061 1916 iucundum
1084 1867 1131 1917 est
1152 1850 1295 1917 habitere
1318 1852 1431 1917 fratres

232 1984 256 2020 rs
281 1956 440 2020 inunum.
488 1956 648 2021 deseendit
671 1962 774 2022 nutem
804 1956 906 2021 uuotio
930 1975 949 2019 a
970 1956 1071 2037 eapite
1092 1956 1124 2019 iu
1148 1955 1287 2022 horbem.
1333 1955 1431 2021 barbo

281 2063 384 2123 nutem
407 2058 505 2124 uirilis
528 2060 627 2124 aetotis
650 2065 776 2125 ornatus
799 2066 855 2125 est.
901 2079 1001 2143 neque
1025 2060 1109 2125 euim
1124 2079 1182 2123 nos
1197 2059 1343 2141 paruulos
1358 2080 1431 2125 esse

281 2166 312 2227 iu
336 2160 459 2228 Christo
482 2170 607 2245 oportet,
632 2163 692 2229 uisi
715 2164 801 2231 adid
817 2171 946 2241 tontum,
971 2163 1053 2247 quod
1069 2165 1185 2229 dietum
1201 2173 1258 2242 est
1281 2171 1315 2229 ut
1330 2164 1431 2229 simus

283 2266 441 2347 paruuli
487 2267 655 2345 molitio,
695 2288 768 2332 non
810 2286 940 2333 sensu.
996 2267 1139 2333 infideles
1176 2274 1280 2333 eutem
1318 2288 1431 2334 omnes

282 2370 440 2452 apostolus
460 2370 602 2452 paruulos
618 2392 687 2437 esse
703 2372 785 2449 dicit
808 2372 893 2455 quod
907 2371 1022 2437 infirmi
1037 2372 1101 2437 sint
1115 2373 1156 2437 ud
1170 2372 1276 2437 eibum
1291 2370 1430 2448 firmum,

229 2502 253 2538 20
280 2475 382 2541 adhue
405 2474 485 2541 laete
508 2481 622 2561 egeant
644 2475 782 2557 apostolo
798 2475 934 2542 dicente:
959 2475 1067 2541 laete
1089 2496 1158 2541 uos
1181 2476 1328 2558 putaui,
1351 2495 1428 2541 non

281 2580 386 2658 eibo;
432 2580 604 2645 nondum
651 2580 754 2645 euim
800 2581 1019 2660 peteretis,
1065 2581 1134 2646 sed
1177 2600 1251 2645 neo
1296 2578 1430 2646 adhue

281 2684 467 2764 potestis.
512 2685 552 2750 de
574 2704 609 2749 se
632 2688 737 2749 eutem
761 2684 805 2748 ito
827 2685 916 2749 dioit:
950 2704 1036 2750 oum
1070 2684 1205 2750 foetus
1239 2704 1325 2749 sum
1354 2684 1429 2760 uir,

280 2786 486 2870 dereliqui
517 2808 601 2872 quee
636 2788 921 2869 suntperuuli.
967 2794 1158 2873 unguentum
1193 2808 1268 2873 ergo
1291 2788 1351 2854 hoo
1374 2788 1429 2854 de·

280 2891 403 2956 scendit
425 2913 445 2955 e
464 2892 563 2972 eapite
579 2892 610 2957 in
627 2893 756 2957 borbum
777 2894 895 2974 Aaron,
916 2894 950 2958 iu
972 2898 1196 2960 consummate
1218 2890 1293 2957 fidei
1315 2892 1428 2957 uirum.

228 3018 252 3057 es
280 3000 371 3079 ooput
397 3002 499 3061 autem
527 2996 584 3059 uiri
611 2998 782 3063 seeundum
809 2996 981 3078 apostolum
1011 2994 1162 3062 Christus.
1207 2994 1336 3081 Moyses
1369 3016 1427 3060 un-

278 3091 427 3183 gueutum
465 3098 524 3165 hoo
561 3101 735 3182 oomposuit
772 3106 804 3167 et
840 3101 987 3180 eousudit,
1024 3103 1081 3166 sed
1119 3101 1356 3181 componendum
1396 3106 1428 3165 et

278 3204 528 3269 confundendum
553 3206 628 3273 deus
651 3206 762 3271 doeuit.
809 3207 973 3287 decapite
996 3225 1078 3290 ergo,
1112 3205 1143 3269 id
1167 3212 1214 3270 est
1237 3207 1277 3270 de
1300 3203 1426 3269 Christo

322 3412 390 3465 lde
416 3414 483 3465 Vin
502 3434 516 3466 r·
578 3414 607 3467 in
634 3414 748 3468 borbum
776 3430 861 3467 aaron
889 3434 903 3466 r
930 3413 958 3465 in
985 3413 1072 3468 barbe
1099 3429 1168 3466 aron
1192 3413 1217 3465 V
1275 3414 1292 3465 2
1319 3413 1350 3466 iu
1375 3418 1425 3466 ori

285 3499 352 3552 Vin
380 3516 428 3552 ore
447 3520 461 3551 r·
514 3501 695 3568 3oonpooiti1
720 3501 743 3551 V
770 3501 987 3568 compositumr
1039 3500 1144 3554 odorib.
1169 3500 1194 3551 V
1216 3499 1367 3553 hodoribus
1394 3518 1425 3553 et

277 3585 408 3640 odoribus
435 3605 469 3639 m.
491 3584 543 3639 ἓν
595 3587 703 3641 tunde
722 3606 737 3638 r
761 3587 835 3640 unde
859 3587 932 3640 unde
958 3587 981 3639 V
1030 3587 1182 3668 ungueitur
1208 3604 1276 3640 corr.
1303 3605 1336 3639 m.
1361 3586 1380 3639 l
1404 3586 1425 3637 t

277 3692 416 3758 ungiturr
451 3689 481 3743 in
499 3690 643 3749 secerdote
657 3710 687 3743 er
698 3690 727 3743 in
740 3691 855 3744 sacerdo
874 3688 939 3743 m?
955 3691 1018 3744 Vin
1030 3690 1424 3744 secerdotemeoesaeerdotem

277 3794 309 3828 m.
321 3778 361 3829 ir
412 3776 463 3830 huo
473 3778 705 3831 consecratiouer
757 3780 834 3832 boue
844 3777 879 3831 do
888 3794 947 3832 esse
959 3777 1118 3846 conplacuit
1133 3777 1212 3831 Vsuo
1222 3776 1391 3846 eomplaouit
1408 3796 1423 3828 r

277 3862 331 3916 don
359 3880 468 3931 quoque
501 3863 525 3914 V
549 3880 657 3931 quoque
685 3863 829 3918 dominum
846 3885 862 3917 r
914 3864 1171 3947 6oous0rtiumbuo
1198 3882 1266 3918 corr.
1294 3882 1327 3917 m.
1355 3864 1371 3915 l
1400 3862 1424 3917 V

277 3966 329 4019 ista
353 3971 464 4021 terrene
490 3966 543 4021 iste
570 3984 626 4019 non
650 3967 674 4019 V
724 3968 935 4036 ‘iungebantur
959 3968 1193 4037 Vunguebantur
1210 3988 1226 4020 r
1279 3971 1376 4036 spent
1399 3966 1424 4015 V

276 4120 326 4173 per
345 4125 360 4179 ²'.
411 4063 565 4159 unctionem
587 4123 653 4160 eros
680 4106 720 4159 iic
737 4108 819 4159 (lesio.
846 4106 870 4157 V
919 4110 936 4160 9
963 4105 1084 4160 ohristus
1108 4111 1151 4159 est
1178 4111 1352 4175 nuncupatus
1377 4108 1419 4158 est

278 4194 311 4245 10
329 4191 452 4245 sordium
462 4194 497 4261 cs.
503 4192 605 4262 poen
617 4191 653 4245 12
707 4194 738 4247 ll
758 4193 1153 4247 oruuotiouemecunotionem
1165 4198 1226 4247 nu?
1282 4195 1313 4247 13
1330 4206 1417 4245 moer·

276 4277 349 4331 dotis
405 4280 437 4331 14
455 4279 612 4333 iocundum.
