3075 4967
382 303 563 353 tractetur
587 300 621 352 in
646 301 819 368 psalmum
837 299 935 354 LVIII.
1169 301 1230 364 183

157 487 180 551 3.
201 487 330 571 Sequitur
354 489 454 555 enim:
477 490 571 572 quis
592 497 865 571 coptsuerunt
899 491 1071 556 animam
1097 510 1230 568 meum,

123 591 362 656 iorneruntin
385 613 444 657 me
467 592 607 659 fortes.
651 613 782 676 neque
817 591 1021 680 iniquitas
1054 614 1146 674 mea,
1170 605 1229 660 n'e·

121 701 392 777 quopeceatnm
416 717 551 774 meum,
582 699 758 778 domine;
794 698 883 764 sine
917 698 1140 782 iniquitate
1171 718 1230 764 cu·

120 800 206 863 curri
228 806 261 864 et
280 800 424 866 direxi.
470 807 593 885 captata
614 803 720 868 anime
743 802 847 869 Dauid
870 809 925 880 ost
956 821 1027 868 cum
1051 803 1091 868 od
1114 802 1230 868 interfi-

120 904 237 968 ciondum
267 907 356 970 domo
389 905 511 972 clausus
545 914 600 973 ost
647 915 677 973 et
711 925 901 992 quamquem
940 915 1044 972 emtus
1083 908 1122 974 de
1159 907 1229 974 Sani
1257 935 1269 972 s

119 1006 237 1073 manibus
264 1011 309 1088 sit,
343 1016 449 1076 temen
473 1010 532 1076 uin'
555 1012 741 1096 sanguinum
776 1017 847 1076 sunt
880 1013 1066 1096 sangninem
1089 1012 1154 1078 eius
1178 1032 1230 1094 op·

118 1119 207 1176 untes
247 1115 299 1178 sed
322 1116 493 1180 secundum
517 1115 629 1196 psalmi
651 1115 915 1200 praescriptionem
939 1116 1106 1180 aduersum
1135 1135 1229 1180 unum

118 1235 171 1278 esse
189 1219 389 1297 precationem
405 1225 594 1285 conuenerat
609 1239 685 1303 roge
700 1219 807 1302 utique
823 1217 883 1282 hoc
904 1217 1034 1282 uolente.
1082 1219 1138 1284 sed
1161 1239 1230 1284 ora-

117 1317 174 1382 tioni
193 1321 369 1404 prophetico
392 1323 449 1388 fuit
471 1341 576 1387 sermo
598 1321 818 1402 moderandus,
849 1327 883 1387 ut
906 1322 1043 1407 querella
1064 1321 1230 1388 referretur

116 1423 146 1484 ed
163 1424 300 1508 poputum,
323 1445 396 1492 oum
419 1431 545 1507 captant
566 1427 701 1491 animem
719 1426 815 1492 sortes
827 1427 999 1492 inruentes:
1024 1427 1137 1510 quippe
1151 1447 1229 1510 quos
1258 1455 1281 1490 to

116 1524 191 1592 iones
220 1532 353 1608 armauit,
389 1531 442 1614 qui
477 1537 507 1596 ot
540 1551 593 1596 cor
626 1531 711 1595 Iudae
743 1531 783 1596 ed
817 1531 1024 1595 ministerium
1048 1531 1228 1612 perditionis

116 1631 246 1713 ingressus
268 1642 323 1700 est.
369 1634 400 1699 hi
425 1654 500 1719 ergo
524 1635 620 1700 fortes
642 1641 771 1720 captent
793 1635 927 1699 animem
951 1640 982 1699 et
1005 1636 1229 1714 eiusenimam

115 1734 137 1798 iu
156 1756 207 1819 quo
226 1759 321 1823 neque
344 1739 488 1823 iniquitas
512 1759 614 1823 neque
637 1745 799 1820 peccatum
831 1745 886 1813 ost,
918 1739 970 1822 qui
1001 1758 1127 1805 currens
1161 1741 1227 1806 sine

113 1838 244 1922 inquitate
267 1843 386 1908 direxit.
425 1834 429 1842 ’

146 1943 170 2007 t.
189 1943 224 2010 nt
242 1947 345 2014 nescio
368 1949 394 2012 si
417 1948 554 2014 anterior
575 1948 712 2030 psalmus
733 1949 845 2014 referri
868 1949 899 2014 in
913 1948 1012 2014 Dauid
1029 1949 1089 2014 ista
1104 1949 1226 2030 patitur,
1256 1973 1280 2011 ro

114 2049 293 2126 quodcum:
318 2071 412 2118 ecee
434 2053 699 2136 iniquitatem
723 2073 848 2119 meam
883 2073 957 2138 ego
988 2071 1167 2137 agnosco
1191 2059 1228 2118 et

113 2163 294 2227 peccatum
317 2176 445 2222 meum
468 2161 612 2221 contro
635 2177 693 2222 me
713 2163 777 2223 est
793 2177 963 2238 semper.
1008 2175 1070 2221 non
1087 2157 1229 2222 conuenit

112 2255 271 2332 psalmorum
293 2260 393 2326 ordini
424 2267 511 2326 tanta
533 2260 707 2337 diuersitas,
737 2267 771 2326 ut
801 2262 974 2326 abeodem
1010 2260 1125 2326 dictum
1160 2279 1228 2326 esse

111 2365 246 2444 utrumqne
264 2363 510 2449 intellegendum
530 2365 578 2431 sit
624 2367 678 2431 sed
700 2365 735 2444 si,
760 2365 832 2448 quio
848 2365 983 2430 anterior
998 2363 1132 2431 confessi
1156 2383 1227 2444 pec·

111 2463 154 2526 cati
172 2467 298 2546 psalmus
332 2470 485 2550 posterior
517 2471 549 2534 in
580 2480 721 2556 tempore
755 2477 811 2548 est,
846 2469 987 2535 uideatur
1021 2469 1119 2533 Dauid
1156 2475 1226 2533 unte
1254 2491 1279 2526 oo

111 2577 252 2649 remeatum,
274 2584 307 2638 ut
329 2573 451 2655 peccati
473 2575 607 2648 nescius,
631 2574 700 2640 haec
723 2573 849 2652 locutus,
887 2573 1124 2639 meminerimus
1155 2592 1226 2639 sum

111 2671 155 2734 sub
174 2677 270 2740 eodem
293 2685 420 2761 peccato
444 2679 484 2744 de
505 2677 650 2744 humente
673 2679 869 2745 necessitatis
885 2677 1077 2744 confessione
1094 2677 1225 2742 dixisse:

110 2795 183 2842 ecce
214 2781 314 2846 enirn
348 2782 387 2846 in
422 2782 720 2866 iniquitatibus
754 2791 976 2862 conceptus
1011 2801 1092 2846 sum
1129 2781 1225 2846 etin

109 2879 251 2948 delictis
283 2888 448 2967 peperit
481 2907 538 2952 nro
574 2895 698 2953 nrater
729 2908 815 2953 mea
838 2887 1008 2952 secundnm
1032 2884 1123 2950 iliud:
1159 2885 1227 2968 quis

142 3006 168 3056 16
185 3005 221 3058 Ps.
240 3009 269 3076 L,
286 3011 312 3062 ὅ.
349 3011 384 3064 29
403 3010 472 3065 Ibid.
492 3014 515 3064 7.

140 3091 278 3212 tiniqriitas
287 3166 356 3200 corr.
366 3148 469 3203 m.2V
513 3107 860 3204 ὃρθοοαιυπιοοπηηθῑῐ
904 3153 1021 3216 Inepta
1038 3149 1060 3200 V
1111 3146 1227 3201 odorno

108 3228 256 3285 edomuit
307 3241 336 3288 et
355 3233 441 3302 taqua
458 3237 485 3288 P
536 3244 631 3290 erutus
658 3256 689 3290 er
715 3237 843 3290 eruditus
863 3237 930 3288 nn]
956 3236 979 3288 I'
1030 3233 1226 3302 dranguInem

108 3331 130 3361 rs
144 3319 386 3384 conprimimus?
409 3323 434 3375 V
484 3326 500 3376 7
524 3323 771 3392 praescribtionem
798 3324 820 3376 I'
870 3322 1081 3391 8preecntione
1100 3337 1130 3373 ea
1147 3335 1226 3388 pras·

108 3401 222 3458 ettonem
236 3407 257 3458 V
305 3409 488 3478 rogantique
507 3409 633 3478 (nttquae
652 3407 697 3476 1⁷¹)
716 3410 785 3463 haee
799 3411 911 3464 nolonte
927 3409 999 3463 VVJ'
1017 3425 1111 3476 regem
1131 3405 1226 3474 utique

107 3482 160 3540 brec
176 3493 278 3548 uolente
290 3512 416 3563 erogem
435 3495 533 3565 utique
551 3496 619 3552 hoec
637 3497 804 3551 uolenteme
856 3501 874 3552 9
892 3497 1034 3566 quaerella
1049 3496 1096 3548 Vn
1114 3495 1227 3562 querela

109 3572 171 3626 ΡΤΕ
214 3581 585 3638 roieiretnrexrefelieturtd
639 3586 672 3638 10
690 3583 1040 3652 ar1nimsrn(eror,d?)1t
1095 3584 1124 3636 ll
1144 3583 1226 3638 sortis

107 3664 205 3717 annun
236 3667 309 3721 I'I'E
321 3711 327 3728 ,
359 3669 525 3737 perditionis
552 3671 574 3723 V
598 3670 787 3740 pdizss-tionis
815 3669 835 3736 (i
863 3689 892 3725 ex
919 3689 954 3726 no
980 3669 1058 3739 corr.)
1083 3673 1108 3725 R
1131 3675 1225 3742 prodi-

107 3745 258 3822 tionisPIE,
267 3757 303 3824 of.
318 3758 390 3809 Stud.
402 3755 475 3810 1889
479 3775 508 3827 p.
517 3757 574 3810 315
587 3769 611 3812 et
624 3758 695 3812 Luat.
706 3759 745 3823 II,
762 3757 803 3826 rt,
817 3756 834 3810 8
848 3755 905 3822 (out
915 3757 1070 3827 perditores
1083 3758 1225 3816 hominurn

107 3833 206 3891 durum
221 3843 323 3911 spiritus
341 3845 462 3912 metipsi)
518 3845 551 3898 16
568 3845 609 3898 ita
627 3845 732 3913 patitur
750 3845 792 3897 Po
810 3845 864 3898 ista
882 3845 1036 3914 patratore
1090 3847 1124 3902 16
1151 3849 1224 3916 quod

107 3916 192 3978 dicitnr
211 3926 257 3980 VP
272 3925 386 3995 [meost
405 3931 498 3986 nescio
517 3933 541 3984 si
559 3931 683 3985 anterior
700 3931 823 4000 psalmus
841 3928 894 3999 (LI,
922 3949 976 4000 quo
998 3931 1113 3986 dicitur:
1144 3951 1224 4002 „eoos

107 4003 257 4074 iniquitatem
274 4032 365 4069 meam
384 4033 436 4085 ego
454 4015 591 4086 agnosoo“
610 4018 717 4087 petitur
728 4017 783 4072 iota
802 4016 872 4084 (sino
889 4019 1037 4086 iniquitute
1055 4020 1177 4087 cucurri)
1197 4023 1224 4076 in

108 4089 178 4148 Dauid
195 4098 301 4170 reterri]
356 4106 388 4156 19
406 4104 533 4158 ordinate
550 4103 697 4159 diuersitas
716 4105 768 4158 Pu
804 4109 836 4160 19
855 4105 903 4159 sed
922 4105 944 4158 si
964 4107 1029 4174 quia
1047 4125 1077 4160 eo:
1094 4107 1140 4162 sed
1161 4110 1226 4177 quis

108 4179 227 4239 tt-L'I'et
245 4188 267 4241 oi
286 4189 351 4256 qnia
361 4191 446 4244 'I'aet
463 4191 486 4243 si
506 4192 596 4259 quaP
646 4193 681 4244 20
698 4191 915 4246 uide==turP
964 4194 995 4246 91
1017 4194 1225 4249 meminerimus

108 4274 355 4330 ememinemimus
373 4281 441 4330 m!
468 4278 490 4328 t'
541 4296 601 4331 eam
628 4280 651 4331 t·
700 4281 736 4333 99
753 4280 827 4331 enirn
846 4278 1021 4347 iiquitatibua
1043 4281 1068 4332 Γ.
