3075 4967
273 280 336 346 838
615 286 732 339 sancti
756 285 891 339 Hilarii
910 285 1076 355 episcopi

273 492 398 553 semper
432 493 465 538 se
499 482 643 539 uereetur
676 473 769 539 allidi.
816 474 854 538 eb
886 474 937 539 illo
965 476 1151 561 sperandum
1184 482 1239 553 est,
1274 495 1314 540 ne
1345 495 1414 540 casu

274 577 490 657 periclitemur,
525 598 565 643 ne
599 578 761 643 allidamur
794 578 974 644 infirmitate
1008 585 1135 644 naturae.
1180 580 1287 643 omnia
1317 586 1415 644 autem

274 682 363 746 nobis
385 682 457 747 uitae
481 683 618 748 subsidia
642 704 678 748 er
700 684 767 764 ipso
791 690 872 760 sunt,
896 703 966 748 enm
982 703 1018 747 er
1034 683 1240 764 oportunitate
1263 683 1413 749 fructuum

273 784 400 850 indultis
431 786 508 850 cibis
538 786 681 865 uiuimus,
717 808 788 853 cum
811 808 938 852 manum
961 787 1129 867 aperiendo
1153 788 1276 852 animas
1298 795 1414 852 nostras

234 915 247 951 a
274 889 364 955 donis
394 889 582 969 spiritalibus
612 889 726 971 replet:
773 891 887 956 etenim
918 912 955 955 ex
984 890 1107 956 uirtutis
1137 911 1200 955 suae
1224 892 1311 957 sonte
1333 892 1415 971 copia

273 994 304 1056 in
338 1012 394 1057 nos
428 1014 545 1073 eorum,
583 1014 651 1078 quse
670 996 672 999 ’
689 995 747 1059 sibi
786 995 979 1075 beneplacita
1017 1003 1094 1073 sunt,
1133 997 1289 1061 exuberet.
1336 997 1415 1079 quod

273 1106 436 1181 utrumque
473 1098 504 1162 in
543 1098 602 1179 bis,
641 1118 710 1181 quae
747 1106 960 1175 consecuntur,
999 1099 1147 1165 discernit
1184 1100 1240 1164 ita:
1287 1101 1414 1165 iustus

274 1202 456 1265 dominus
479 1202 517 1266 in
541 1202 726 1267 omnibus
750 1203 830 1267 uiis
853 1205 940 1269 suis
971 1211 1009 1269 et
1039 1209 1207 1269 sanctus
1236 1205 1276 1267 in
1300 1205 1414 1270 omni·

275 1306 345 1369 bus
380 1306 573 1386 operibus
606 1308 700 1371 suis.
746 1309 845 1372 iustus
868 1306 899 1370 in
922 1307 982 1372 uiis
1016 1316 1071 1383 est,
1106 1328 1177 1373 cnm
1208 1308 1413 1373 infirmitatem

221 1432 246 1468 ιο
273 1414 411 1474 nostram
433 1410 463 1474 in
487 1417 636 1475 aeternum
660 1432 795 1495 regnum
817 1431 907 1476 snum
930 1410 1112 1477 confirmata
1131 1412 1281 1476 donorum
1298 1413 1415 1492 spirita·

200 1544 203 1551 ·
274 1512 349 1577 lium
372 1516 587 1579 communione
610 1516 752 1593 deducit3
776 1522 902 1581 sanctus
918 1526 1021 1581 autom
1036 1516 1067 1580 in
1084 1516 1227 1596 operibus
1250 1516 1326 1593 suis,
1349 1534 1413 1580 cum

273 1618 425 1683 uniuersis
449 1620 564 1684 fructus
588 1620 619 1684 in
643 1626 818 1700 temporum
847 1620 1050 1701 oportunitate
1081 1620 1273 1701 subpeditat:
1304 1620 1412 1685 sancti-

188 1748 197 1775 ·
274 1727 368 1787 tatem
402 1742 489 1787 suam
525 1724 555 1787 in
591 1724 728 1788 omnium
763 1724 907 1789 alimonie
941 1726 1064 1802 docens,
1099 1724 1248 1789 iustitiam
1283 1744 1357 1789 uero
1384 1725 1413 1786 in

274 1825 430 1908 replendis
452 1826 646 1908 beneplacito
670 1828 782 1893 animis
804 1848 1000 1894 conseruens.

222 1952 247 1989 rs
318 1930 369 1995 21.
393 1930 468 1995 Post
490 1950 559 2014 quae
584 1932 738 2015 sequitur:
772 1952 896 2016 prope
928 1940 988 1997 est
1019 1933 1205 1997 dominus
1228 1933 1412 1997 inuocan-

274 2034 386 2100 tibus
416 2054 512 2099 eum.
558 2056 618 2099 non
643 2036 734 2119 longe
758 2036 854 2114 abest,
878 2038 930 2120 qui
954 2056 1008 2117 per
1032 2042 1149 2101 neturae
1179 2056 1243 2101 suae
1274 2037 1411 2099 uirtutem

274 2146 304 2203 et
337 2139 403 2218 ipse
436 2139 550 2223 ubique
584 2160 708 2221 semper
742 2146 797 2218 est,
832 2145 863 2205 et
896 2145 976 2205 totns
1011 2159 1134 2220 semper
1164 2151 1196 2204 et
1224 2140 1341 2223 ubique
1370 2146 1413 2204 est

274 2242 442 2307 secundum
466 2242 543 2308 illud
568 2242 723 2324 Apostoli:
748 2245 845 2327 qnia
866 2244 905 2307 in
929 2244 1017 2324 ipso
1041 2264 1177 2309 sumus
1208 2250 1246 2309 et
1268 2244 1308 2308 in
1330 2244 1412 2323 ipso

274 2346 451 2412 uiuimus
482 2367 525 2411 ac
556 2368 770 2413 monemur.
815 2368 909 2428 prope
923 2354 980 2413 'est
1003 2368 1077 2433 ergo
1100 2348 1323 2421 innocentibus,
1346 2367 1411 2411 cum

222 2470 246 2507 ao
276 2450 353 2514 nibil
376 2450 423 2529 sit,
447 2452 528 2535 quod
553 2452 620 2516 sine
644 2472 679 2516 eo
703 2452 751 2516 sit.
796 2454 851 2517 sed
874 2452 986 2535 quibus
1012 2452 1228 2517 innocentibus
1252 2472 1348 2533 prope
1368 2451 1411 2524 sit,

275 2556 420 2621 subiectis
433 2556 538 2621 docet:
563 2556 1159 2621 omnibusinnocentibuscum
1176 2556 1412 2621 inuenitete.

273 2679 396 2749 nonen
419 2659 479 2725 otio
502 2660 717 2724 innocentibus
740 2679 841 2743 neque
857 2680 893 2724 er
908 2659 1043 2725 infidelis
1058 2660 1270 2744 ambiguitatis
1294 2660 1411 2732 incerto,

274 2764 330 2828 sed
352 2784 460 2829 uerum
483 2764 575 2828 deum
599 2763 682 2828 fideli
706 2764 921 2830 innocentibus
943 2766 1081 2829 ueritate.

317 2868 368 2931 22.
392 2866 432 2931 Et
461 2887 532 2933 curn
566 2887 661 2948 prope
695 2867 785 2944 adsit,
820 2868 894 2952 quid
924 2870 956 2933 in
987 2869 1118 2934 ueritate
1148 2888 1182 2933 se
1205 2867 1410 2933 innocentibus

222 2996 247 3035 ss
274 2970 395 3048 tribuet,
430 2972 622 3036 demonstret
657 2972 780 3037 dicens:
825 2971 1080 3039 uoluntatem
1115 2972 1344 3037 timentium
1372 2989 1409 3034 se

275 3074 417 3155 saciet3
440 3095 501 3139 non
525 3077 662 3155 turpium
681 3076 857 3141 uoluntates
888 3096 989 3160 neque
1019 3076 1200 3141 uitiosomm
1235 3075 1409 3157 cupiditates

274 3179 350 3244 deus
372 3178 473 3257 faciet,
508 3179 564 3244 scd
594 3180 830 3245 timentium
860 3200 909 3258 se,
933 3200 989 3261 per
1012 3186 1129 3245 metum
1152 3181 1339 3258 innocentes,
1361 3197 1409 3258 per

273 3283 368 3349 fidem
391 3282 545 3361 honestes,
569 3303 625 3364 per
647 3284 855 3349 reuerentiam
878 3286 1086 3362 uerecundes;
1110 3291 1140 3349 et
1163 3284 1333 3349 uoluntates
1354 3300 1407 3346 non

274 3388 386 3453 otiosas
408 3407 510 3472 nsque
533 3406 660 3472 sperare
683 3386 800 3471 aliquid
823 3408 841 3452 a
863 3408 897 3453 se
921 3388 1057 3472 quodam
1090 3394 1268 3469 contemptu
1304 3385 1407 3452 silentii

319 3582 352 3633 18
370 3580 431 3633 Act.
451 3594 495 3647 ap.
513 3577 599 3646 XVII,
618 3581 660 3633 28.

316 3755 333 3806 3
351 3752 542 3821 oportunitate
560 3753 605 3805 Ra
624 3752 831 3820 opportunitate
850 3772 862 3802 ε
880 3762 903 3807 et
920 3754 957 3805 sic
974 3753 1038 3821 infr.
1090 3751 1108 3807 b
1128 3753 1307 3807 &enimRet
1319 3748 1409 3805 cumE

274 3840 497 3907 leonesquntur
525 3839 551 3891 R
615 3842 647 3893 10
664 3838 857 3892 confirmatam
886 3840 950 3892 cont.
981 3838 1080 3893 Bened.
1147 3842 1180 3894 18
1198 3838 1360 3894 saecundum
1384 3836 1407 3889 R

273 3926 306 3978 nl
326 3925 457 3979 subiectis
476 3926 503 3978 R
521 3942 556 3979 ex
574 3924 705 3979 subiectis
719 3926 747 3977 E
798 3927 833 3979 ‘24
850 3926 879 3979 in
897 3925 1017 3980 ueritate
1036 3944 1064 3980 se
1083 3926 1279 3980 innocentibus
1296 3926 1322 3979 R
1338 3925 1407 3977 inno

275 4011 401 4065 centibus
429 4028 457 4064 se
484 4010 513 4063 in
537 4012 656 4065 ueritate
679 4012 704 4063 E
753 4014 789 4067 26
806 4012 932 4081 turpium
950 4012 991 4065 Rb
1009 4012 1219 4066 turbidorume
1270 4014 1305 4066 et
1322 4012 1367 4065 sed
1382 4026 1407 4062 er

275 4167 304 4202 se
313 4167 378 4204 corr.
389 4168 421 4202 m.
431 4150 447 4201 1
458 4150 483 4202 R
536 4152 571 4203 98
586 4108 746 4235 {pellusium
756 4149 797 4215 (R
806 4170 836 4204 er
850 4167 868 4204 n
880 4168 956 4216 corr.¹
972 4170 1005 4205 m.
1025 4151 1052 4217 1)
1065 4153 1089 4204 u
1142 4168 1197 4205 non
1212 4152 1314 4205 otiosas
1328 4165 1407 4217 neque

275 4254 422 4320 sperarelt
433 4270 488 4305 non
506 4254 607 4307 otiosas
626 4271 715 4321 neque
733 4259 825 4308 mutas
842 4271 931 4322 neque
950 4272 1062 4323 sperare
1073 4256 1100 4306 Ε
1150 4256 1185 4309 99
1201 4252 1408 4323 contemptnsll·
