3075 4967
446 272 646 325 instructio
664 272 890 341 psalmorum.
1199 274 1236 335 Π

126 468 326 545 consequuntur.
373 482 412 526 er
436 461 484 526 his
505 462 600 545 igitur
621 481 749 542 operum
765 462 974 547 doctrinasque
990 463 1099 527 studiis
1122 462 1238 543 psalmi

123 566 194 643 illius,
214 566 258 649 qui
288 566 491 631 canticum
521 564 669 649 psalmi
701 567 947 647 superscribitur,
978 567 1037 631 erit
1065 586 1161 631 causa
1183 587 1238 631 no·

121 671 223 735 scaeda.
262 670 313 735 ubi
336 676 442 735 autem
465 676 512 735 est
535 669 719 751 psalmus
753 670 917 747 cantici,
950 670 1013 734 illic
1047 691 1103 756 per
1132 672 1238 756 cogni·

121 774 194 838 tionis
213 774 366 839 scientiam
401 794 475 839 usus
499 774 571 838 boni
593 774 695 855 operis
719 781 876 853 tractetur,
907 795 979 839 cum
1009 776 1132 859 quando
1156 776 1236 841 desi·

120 878 263 943 derabilem
285 880 374 943 nobis
397 878 538 943 fidelium
561 888 722 963 gestorum
746 878 948 945 efficientiam
963 887 1089 961 praestat
1100 880 1236 945 anterior
1276 913 1289 949 s

122 981 151 1046 de
169 982 218 1046 deo
239 978 348 1065 adepta
370 983 514 1068 cognitio.

151 1104 194 1167 21.
214 1103 282 1168 Hac
303 1104 400 1188 igitur
434 1103 559 1169 musicae
581 1106 655 1170 artis
689 1105 878 1189 quadrifaria
908 1106 1072 1171 diuersitas
1104 1105 1236 1186 psalmo·

120 1226 172 1271 run
198 1214 239 1273 est
270 1208 499 1273 diuersitatibus
533 1215 692 1290 coaptata:
728 1216 761 1274 ut
796 1210 976 1290 psalmus
1011 1230 1065 1289 per
1098 1210 1237 1291 corporei

119 1312 207 1395 organi
226 1318 339 1376 motum
361 1312 394 1376 in
429 1314 724 1379 commemoratione
758 1320 919 1399 gestorum
950 1314 998 1393 sit,
1033 1314 1237 1379 canticum

119 1435 176 1479 uero
194 1436 244 1498 par
257 1418 415 1498 sapientie
437 1418 646 1503 cognitionem
663 1418 779 1484 habeat
797 1418 829 1482 in
845 1439 879 1483 se
895 1418 1043 1484 doctrinae
1057 1419 1235 1496 scientiam;
1264 1450 1289 1487 ιο

119 1520 291 1585 canticum
315 1541 388 1586 uero
418 1523 562 1603 psalmi
588 1530 643 1601 ast,
676 1543 746 1587 cum
771 1523 921 1604 praeunti
945 1531 1106 1607 gestorum
1129 1522 1237 1601 merito

118 1622 229 1705 cognitio
255 1626 392 1691 scientia
413 1633 585 1707 prestatur,
615 1627 798 1709 psalmus
829 1628 941 1692 deinde
972 1628 1134 1718 cantici,
1165 1646 1237 1691 cum

118 1744 164 1807 per
190 1730 299 1809 adeptae
339 1730 476 1795 scientiae
509 1732 720 1815 cognitionem
760 1730 899 1796 fidelium
944 1737 1103 1815 gestorum
1144 1751 1237 1811 opera

118 1829 254 1896 inchoatur
274 1840 305 1899 et
326 1834 453 1917 geritur.
499 1857 554 1916 per
577 1836 635 1901 has
667 1856 743 1920 ergo
778 1836 1071 1919 superscriptionum
1101 1835 1237 1916 proprie·

117 1940 180 2000 lates
199 1936 433 2023 intellegentiam
456 1939 647 2020 psalmorum
671 1940 769 2024 quaeri
793 1940 955 2020 oportebit,
986 1940 1059 2023 quie
1073 1940 1236 2023 unicuique
1264 1969 1290 2009 ιε

117 2040 206 2119 generi
253 2042 422 2127 prophetiae
469 2044 500 2108 in
551 2044 739 2129 proprietate
788 2043 945 2108 titulorum
997 2044 1237 2127 unumquodque

117 2160 198 2223 genus
235 2147 356 2211 musicae
399 2148 624 2229 cooperationis
669 2153 810 2231 aptatum
854 2154 910 2213 est.
967 2168 1019 2213 eos
1059 2168 1140 2225 uero,
1186 2147 1238 2231 qui

117 2245 170 2310 sine
188 2248 377 2331 inscriptione
401 2251 462 2317 ulla
496 2252 732 2337 significationis
763 2252 891 2317 alicuius
921 2251 1102 2330 habeantur,
1135 2258 1169 2315 ut
1191 2258 1239 2316 est

118 2350 214 2427 prinus
238 2360 265 2419 et
284 2357 438 2421 secundus
472 2365 503 2422 et
524 2358 620 2423 ceteri
643 2357 805 2438 conplures
830 2355 889 2433 alii,
923 2356 1166 2441 intellegendum
1190 2362 1238 2421 est

117 2472 146 2516 er
170 2458 297 2523 doctrine
336 2461 463 2541 spiritus
496 2462 596 2527 sancti
626 2464 666 2527 ad
697 2460 869 2545 spiritalem
900 2461 1109 2545 cognitionem
1143 2480 1236 2543 gene·
1264 2492 1290 2528 ao

116 2556 174 2623 mis
193 2562 322 2629 scientia
344 2565 439 2630 fuisse
462 2572 611 2642 cantatos,
642 2573 675 2630 ut
696 2566 908 2649 unusquisque
932 2585 969 2630 en
996 2564 1045 2629 his
1068 2566 1238 2629 secundum

117 2659 175 2727 fidei
189 2684 247 2731 sua
260 2669 467 2734 sinceritatem
490 2670 642 2735 rationem
664 2668 887 2752 intellegentiae
910 2669 1055 2753 spiritalis
1072 2675 1235 2749 expeteret

151 2767 193 2833 22.
214 2772 289 2837 Alie
312 2793 384 2838 uero
407 2774 692 2855 superscriptiones
717 2794 786 2857 quas
809 2788 860 2839 aut
877 2794 927 2838 rcs
943 2786 1048 2858 gestas
1068 2774 1237 2839 secundum

118 2867 253 2939 historiam
275 2877 461 2961 significant,
487 2888 539 2943 aut
561 2884 708 2959 tempora,
740 2885 793 2942 sut
822 2879 899 2956 dies,
931 2888 982 2942 aut
1013 2877 1097 2942 aliud
1120 2876 1236 2961 aliquid

118 2976 249 3055 conplexa
270 2989 348 3051 sunt.
372 2981 420 3046 uel
443 3003 480 3047 ex
503 2982 755 3065 interpretatione
780 2983 948 3060 nominum,
982 2981 1030 3047 uel
1054 3002 1090 3046 er
1113 3001 1238 3061 compa·
1266 3010 1290 3048 2⁵

118 3078 214 3146 ratium
235 3096 397 3167 gestomm,
420 3085 469 3151 nel
493 3106 529 3150 ex
551 3086 758 3152 consimilium
791 3087 905 3168 specie,
936 3107 974 3152 ex
1004 3086 1115 3170 quibus
1145 3085 1238 3151 rebus

119 3183 232 3259 psalmus
247 3190 399 3269 consistat,
422 3191 607 3255 ostendunt:
628 3198 670 3269 ut,
694 3190 792 3256 sicubi
814 3201 861 3256 est
883 3211 952 3271 pro
976 3190 1041 3255 dis
1064 3190 1238 3267 sabbati,

154 3397 381 3465 leonesqusntur
413 3400 436 3452 l'
485 3399 529 3453 bis
554 3418 583 3453 ex
607 3400 630 3453 is
655 3418 688 3452 m.
714 3400 731 3451 I
756 3400 781 3453 V
831 3400 919 3468 igitur
942 3400 967 3453 V
987 3416 1054 3468 ergo
1078 3400 1122 3451 rE
1172 3415 1239 3467 opa-

119 3480 218 3534 rantium
241 3484 291 3537 Vr
309 3486 342 3551 cf.
362 3488 393 3539 de
410 3488 456 3539 noc
473 3502 561 3541 errore
579 3488 676 3539 elsim.
695 3486 885 3555 Acnd.p..3l.
933 3486 1031 3539 studiis
1049 3485 1238 3538 insistentium

118 3565 199 3627 psalmi
210 3568 307 3624 illiusr
353 3572 795 3626 4traotatureatracturm.2V
838 3572 1015 3641 bpraestetr
1062 3570 1238 3625 8diuersita·

118 3648 178 3704 tibus
200 3654 231 3705 l'r
248 3656 401 3711 diuersitati
421 3659 448 3709 E
490 3675 541 3727 per
559 3659 684 3727 corporei
702 3659 802 3728 organi
826 3660 851 3712 V
866 3676 916 3727 per
937 3659 1035 3727 organi
1059 3658 1185 3727 corporei
1197 3659 1242 3711 rE

118 3736 450 3798 9incommemorationam
463 3766 478 3797 r
532 3748 564 3798 10
582 3746 631 3799 het
648 3746 678 3799 in
696 3762 749 3799 sar
805 3749 835 3799 ll
848 3746 1017 3814 preeuntiV
1048 3750 1200 3813 praeeunte
1213 3747 1243 3798 E

117 3823 142 3873 l‘l
169 3826 288 3883 scientiae
320 3833 343 3885 b.
374 3833 390 3884 l.
419 3848 468 3884 om.
491 3831 548 3899 Vre,
576 3834 622 3885 sed
647 3833 682 3901 cs.
715 3851 819 3886 ameum
851 3844 996 3902 sequentem
1057 3849 1121 3886 cum
1148 3850 1197 3886 om.
1225 3854 1239 3886 r

119 3910 144 3959 13
168 3928 242 3980 opera
271 3917 307 3969 Vr
336 3935 404 3986 opus
436 3918 464 3970 E
525 3920 558 3973 15
585 3918 681 3987 quaeri
710 3940 725 3971 r
755 3935 889 3987 quaerere
919 3938 950 3972 ex
976 3936 1077 3987 quaere
1106 3937 1140 3971 m.
1168 3918 1188 3970 2
1218 3919 1243 3973 V

119 4010 229 4059 inserere
251 4004 277 4055 Ε
332 4008 365 4059 16
392 4006 489 4073 generi
516 4024 546 4059 ea
572 4022 674 4074 genere
701 4024 736 4059 m.
762 4006 782 4057 2
806 4006 831 4058 V
879 4005 1005 4074 profetae
1038 4006 1062 4059 V
1120 4009 1152 4060 18
1179 4005 1238 4059 sine

120 4084 246 4142 scribtione
278 4091 300 4143 V
348 4091 487 4146 habentur
514 4094 528 4145 b
584 4096 615 4147 19
642 4092 749 4161 primus
781 4097 809 4145 et
839 4094 975 4146 secundus
1000 4093 1036 4145 Vr
1062 4092 1169 4160 primus
1193 4092 1239 4145 uel

121 4175 233 4229 secundus
250 4178 276 4229 Ε
325 4180 360 4231 20
378 4183 406 4233 et
423 4178 599 4233 doetrinser
651 4182 685 4234 23
703 4179 774 4233 aliae
794 4198 824 4232 ar
841 4179 895 4233 alia
913 4198 945 4232 m.
966 4179 1023 4232 2V
1074 4180 1109 4232 24
1126 4178 1197 4232 aliut
1220 4180 1242 4229 l'

121 4256 148 4309 25
162 4264 281 4330 conplexa
304 4266 340 4319 Vr
392 4269 457 4319 sunt
474 4284 524 4319 om.
543 4266 579 4318 Vr
631 4265 877 4334 interpraetatione
899 4266 927 4319 V.

164 4378 224 4423 ull.
236 4383 303 4426 uuor.
317 4386 376 4427 Plct.
391 4396 449 4434 pm.
465 4385 486 4426 Ι.
1066 4337 1083 4388 2
