3075 4967
408 302 589 352 tractatus
613 298 648 352 in
673 300 843 368 psalmum
861 299 982 353 cxvrn.
1196 297 1259 364 453

128 507 218 573 neque
251 508 307 568 per
340 494 455 553 metum
490 488 539 552 dei
577 486 822 572 religionemque
860 489 1015 574 frigescat,
1050 494 1178 555 necesse
1212 496 1261 555 est

128 592 366 657 iustificationum
405 593 454 657 dei
493 592 697 658 obliuiscatur.
755 614 824 677 quae
861 592 1000 659 obliuisci
1038 602 1162 659 sanctus
1199 614 1260 658 non

126 697 237 779 poterit,
263 716 331 762 cum
356 697 431 761 utris
453 697 485 761 in
508 697 617 777 pruina
640 700 731 763 modo
761 698 985 783 obrigescentis
1016 698 1205 764 extrinsecus
1227 698 1260 763 in

126 802 308 866 internarum
333 802 533 881 cupiditatum
557 803 693 866 omnium
717 802 915 885 instigatione
938 802 976 867 sit
1000 802 1140 886 frigidus.

164 908 190 971 5.
212 905 336 972 Dehinc
351 906 505 989 sequitur:
530 912 625 987 quot
648 914 741 971 sunt
763 906 852 971 dies
872 907 981 971 serni
998 906 1077 971 tui?
1100 907 1258 990 quando
1300 932 1312 969 e

126 1009 249 1075 facies
273 1009 371 1074 mihi
396 1009 440 1075 de
463 1008 812 1092 persequentibus
836 1030 893 1075 me
915 1010 1138 1077 iudicium?
1181 1013 1260 1077 iudi·

127 1114 199 1178 aium
222 1120 292 1195 post
314 1114 608 1179 consummationem
632 1114 735 1180 saeculi
760 1114 913 1198 propheta
936 1134 1006 1181 esse
1035 1135 1097 1182 non
1128 1117 1260 1200 ignorat,

127 1238 190 1283 cum
213 1220 270 1283 ait:
294 1222 513 1299 propterea
535 1239 609 1283 non
634 1223 858 1303 resurgunt
888 1220 1003 1300 impii
1033 1220 1071 1284 in
1095 1221 1260 1299 iudicio,

126 1342 245 1407 neque
269 1330 510 1405 peccatores
545 1323 583 1387 in
607 1322 784 1388 consilio
819 1324 1027 1389 iustorum.
1080 1325 1161 1408 quod
1184 1344 1260 1408 argo

126 1446 199 1493 nunc
222 1434 288 1493 orat
309 1428 561 1511 persequentium
585 1428 709 1493 sellari
733 1428 902 1493 iudicium?
946 1448 1005 1493 non
1041 1428 1114 1495 illud
1145 1430 1260 1512 utique,
1289 1452 1312 1487 ιο

127 1532 201 1615 qnod
224 1534 254 1597 in
277 1532 514 1598 resurrectionis
537 1531 649 1597 saeculo
681 1532 822 1597 meminit
852 1532 993 1607 futurum,
1023 1552 1091 1605 cum
1123 1552 1156 1597 se
1186 1552 1260 1613 pau·

125 1655 221 1701 corum
244 1656 326 1703 nunc
361 1638 481 1701 dierum
516 1637 685 1701 secundum
719 1635 910 1717 corporalem
942 1638 1039 1701 uitam
1073 1638 1149 1702 sciat
1182 1656 1260 1702 esse.

125 1739 162 1804 ito
183 1742 264 1807 enim
288 1742 345 1806 ait:
371 1749 466 1824 quot
489 1746 581 1805 sunt
604 1741 691 1806 dies
715 1740 825 1805 serui
853 1742 933 1806 tui?
966 1760 1037 1805 cum
1060 1741 1134 1806 dicit
1157 1748 1260 1824 quot,

125 1846 178 1909 scit
200 1866 267 1911 esse
290 1865 351 1909 non
383 1845 496 1926 plures.
542 1852 572 1909 et
605 1846 746 1926 superius
781 1845 901 1910 dixerat
934 1864 1005 1910 esso
1038 1864 1072 1910 se
1103 1852 1261 1929 tamquam

125 1956 217 2013 ouem
239 1950 270 2013 in
294 1950 412 2031 pruina.
457 1968 533 2033 ergo
551 1950 622 2031 quia
637 1968 804 2030 paucorum
821 1949 942 2014 dierum
958 1951 1007 2026 sit,
1030 1950 1098 2015 fieri
1114 1950 1259 2014 iudicium
1288 1971 1312 2008 n

126 2052 160 2118 ab
183 2052 238 2131 nis,
255 2054 306 2138 qui
326 2073 359 2118 se
375 2062 583 2135 persecuntur.
605 2055 769 2131 desiderat,
792 2074 810 2117 a
826 2053 948 2118 diabolo
964 2053 1081 2119 scilicet
1096 2054 1261 2119 ministris-

126 2174 180 2238 que
202 2159 274 2223 eina.
321 2166 392 2223 sunt
425 2158 507 2223 enim
543 2157 698 2238 spiritales
732 2158 879 2242 nequitias
913 2159 944 2222 in
978 2157 1159 2223 celestibus.
1205 2158 1260 2224 ssd

125 2261 178 2325 scit
199 2272 227 2327 et
246 2261 400 2327 diabolum
417 2263 447 2325 in
464 2262 697 2328 resurrectionis
713 2261 825 2327 saeclo
840 2262 1049 2327 iudicandum.
1094 2282 1260 2343 paucorum

126 2364 221 2450 itaque
244 2368 365 2433 dierum
387 2367 455 2447 ipse
478 2386 547 2431 oum
572 2368 620 2443 sit,
644 2366 710 2431 lieri
729 2366 787 2431 hoc
803 2367 949 2431 iudicium
966 2368 1129 2442 desiderat
1145 2366 1261 2431 scilicet

126 2476 156 2533 ut
186 2478 397 2537 consummate
431 2476 557 2535 sanctus
580 2478 610 2535 et
632 2470 768 2551 perfecte
803 2470 927 2535 domino
960 2470 1088 2551 placens
1122 2478 1261 2537 conterat
1287 2488 1314 2528 2⁰

126 2573 201 2637 intra
215 2596 247 2640 sc
263 2575 429 2653 diabolum,
454 2582 590 2640 conterat
613 2575 815 2640 aduersantes
831 2574 891 2639 sibi
906 2575 1110 2658 inimicasque
1132 2575 1261 2641 uirtutes

128 2686 155 2739 et
175 2678 243 2744 fidei
265 2699 329 2745 suae
352 2680 464 2743 animae
487 2678 598 2744 subdat
622 2680 774 2764 nequitias
800 2678 962 2761 spiritales
1007 2681 1144 2745 nondum
1167 2680 1262 2763 igitur

128 2783 162 2845 de
182 2790 294 2849 naturae
317 2804 381 2848 auae
404 2782 549 2847 firmitate
572 2783 705 2861 confidit,
729 2782 801 2849 licet
823 2784 884 2847 iam
908 2792 941 2849 ut
962 2792 1031 2849 uter
1053 2784 1174 2869 frigeat,
1198 2784 1261 2860 sed,

127 2893 157 2949 ut
178 2908 229 2967 per
251 2888 493 2954 misericordiam
517 2888 565 2953 dei
589 2888 735 2952 iudicium
757 2888 788 2951 in
812 2888 955 2953 inimicos
978 2908 1049 2952 surus
1079 2890 1126 2966 sit,
1150 2888 1261 2969 depre-

129 3004 212 3056 eatur.
255 2992 334 3057 hano
368 2998 549 3073 potestatem
584 2992 688 3057 iudicii
724 2992 866 3056 dominns
899 2989 1045 3073 apostolis
1079 2992 1152 3057 suis
1177 2992 1262 3056 dedit
1287 3006 1313 3044 ⁸⁵

130 3094 242 3162 dicens:
276 3117 371 3163 eccs
405 3097 495 3161 dedi
530 3094 646 3161 uobis
677 3102 927 3177 potestatem
956 3095 1117 3162 calcare
1141 3116 1262 3180 saper

132 3208 336 3281 serpentes
359 3212 396 3267 ct
419 3201 660 3282 scorpiones
684 3208 722 3265 et
745 3220 868 3280 super
890 3220 1043 3265 omnem
1065 3200 1260 3265 uirtutem

168 3323 183 3376 8
200 3322 239 3377 Pa.
259 3325 278 3389 I,
295 3326 319 3377 5.
355 3326 390 3378 26
409 3324 476 3377 Luc.
495 3324 527 3389 X,
548 3326 587 3377 19.

167 3429 182 3480 3
198 3429 297 3496 poterit
308 3428 453 3496 expatitur
463 3427 527 3481 nu?
542 3428 566 3481 V
617 3428 818 3512 obrigescentiua
838 3428 861 3484 (a
880 3429 905 3480 in
921 3426 986 3492 rua.)
1006 3428 1031 3479 R
1049 3425 1224 3494 obrigiscetis
1240 3426 1265 3478 V

132 3530 344 3619 obrigescenspE
376 3528 1133 3602 inintsrnsrumccripar'cf.Srrrd.1889‚323intsrnsrum
1146 3530 1263 3600 1⁷qu

131 3616 324 3688 linatigstione
336 3620 431 3690 Rl'pE
441 3618 648 3688 instigationem
668 3620 689 3671 l'
701 3617 874 3686 instigationi
886 3619 945 3670 coni
957 3618 1052 3670 Bened.
1065 3619 1091 3668 in
1104 3619 1164 3669 udo.
1178 3617 1262 3670 easti-

133 3724 255 3786 gationarl
288 3724 384 3793 dquod
399 3704 550 3793 unotql'p
585 3722 783 3791 dmihiornle
820 3720 1265 3790 'lnouignorateuignoratnuW

133 3808 271 3865 transilio
290 3812 330 3865 Ru
386 3814 419 3866 10
436 3810 661 3880 persequentium
688 3824 718 3862 ss
744 3810 838 3879 scripsi
863 3808 898 3861 de
916 3806 1142 3876 persequentium
1160 3824 1189 3860 aa
1214 3808 1262 3859 VR

134 3892 161 3947 de
177 3898 400 3967 persequentibus
410 3913 438 3951 aa
450 3898 516 3968 t'pE
568 3896 638 3949 illud
651 3898 711 3949 odd.
721 3893 785 3948 ru.2
800 3895 825 3947 V
875 3898 908 3949 13
927 3894 999 3962 quod
1016 3895 1039 3945 l'
1089 3894 1162 3962 quod
1179 3892 1261 3946 VCR¹

135 3982 161 4035 15
179 3976 189 4036 l
206 3986 332 4053 pruinam
353 3986 376 4038 l'
427 3985 491 4053 quia
515 4000 666 4053 paucorum
691 3982 800 4037 dierum
824 3982 877 4036 scit
899 4002 938 4052 pa
962 3982 1026 4049 quia
1053 3997 1082 4034 se
1109 3997 1261 4049 paucorum

135 4067 315 4127 dierumscito
370 4075 403 4127 16
421 4072 705 4141 persequunturl'pE
758 4072 790 4124 18
808 4068 910 4123 saeculi
927 4069 950 4119 l'
994 4070 1029 4123 20
1047 4068 1265 4121 utcdsumateC

135 4152 177 4207 deo
199 4158 224 4208 Ε
272 4160 303 4213 a]
324 4157 395 4212 infra
426 4158 472 4211 Vl'
523 4159 555 4209 23
574 4156 735 4211 firmitatem
766 4156 800 4207 Γ1
826 4153 987 4236 infirmitate
1009 4174 1030 4225 p
1083 4153 1149 4207 licet
1176 4173 1206 4207 ex
1233 4159 1261 4207 et

137 4294 201 4345 aa?
228 4296 251 4349 V
299 4300 360 4350 uter
378 4298 439 4349 odd.
459 4294 530 4349 na?
554 4296 578 4347 V
627 4298 662 4349 24
678 4252 825 4348 minimicos
845 4294 870 4346 R
889 4293 1016 4346 inimicos
1042 4293 1092 4345 Vl'.
