3075 4967
297 281 359 347 ‘256
634 281 751 334 sancti
776 280 910 334 Hilarii
935 280 1096 348 episcopi

296 473 440 537 intercisa
463 473 621 552 securitas,
646 491 715 536 cnm
740 472 779 535 de
805 473 904 535 tuturo
934 471 1171 534 transibunt
1201 471 1337 546 dixisset,
1363 471 1421 534 ide>

296 575 468 640 subiectum
502 582 565 640 eet:
603 575 659 639 ibi
697 574 930 639 laetabimur
964 574 1003 638 in
1037 575 1133 656 ipso.
1179 594 1235 654 per
1268 573 1323 638 has
1352 574 1421 639 enim

297 679 437 744 Iordanis
460 698 556 762 aquas
579 679 611 743 iu
641 677 701 755 illa,
732 698 843 762 quaea
872 677 1032 760 prophetis
1062 677 1216 762 promissa
1246 685 1323 756 sunt
1346 684 1423 742 terro

296 784 376 848 bona
398 803 508 866 gressu
530 783 754 848 abluendorum
777 801 938 864 corporum
962 781 1123 847 transitum
1151 789 1198 846 est
1223 789 1316 865 atque
1337 789 1424 846 trans-

256 918 269 954 a
296 889 370 966 itur3
393 893 424 952 et
445 888 488 952 ibi
503 885 637 953 celestis
652 887 840 953 sacramenti
865 887 998 952 exordiis
1020 885 1170 951 latemur.
1216 887 1301 951 cuius
1325 885 1424 951 letitia

297 999 329 1057 et
350 997 474 1071 tempus
497 998 528 1056 et
550 1011 673 1056 causum
707 989 784 1055 alins
808 990 962 1072 propbeta
983 995 1112 1055 testatur
1146 990 1269 1056 dicens:
1300 989 1425 1054 laetaro

296 1097 505 1160 desertum
536 1094 695 1172 sitiens,
725 1103 765 1159 et
795 1093 953 1159 exultet
983 1094 1190 1158 desertum
1220 1099 1258 1158 et
1288 1093 1426 1158 floreat

297 1204 498 1282 tamquam
520 1197 662 1271 lilium,
686 1205 724 1262 et
746 1197 980 1264 ecfloreant
1002 1203 1040 1263 ot
1062 1197 1248 1263 exultent
1274 1198 1426 1262 deserta

298 1301 492 1367 Iordanis.
537 1301 793 1367 inualescite
830 1321 969 1366 manus
1006 1301 1198 1366 inuetidae
1236 1307 1273 1366 et
1310 1319 1428 1385 genno

246 1437 270 1472 ln
297 1405 508 1483 dissoluta,
542 1405 814 1472 consolamini
844 1405 993 1472 modici
1024 1405 1157 1482 animi,
1189 1425 1310 1472 sensu
1352 1424 1429 1470 con-

296 1509 821 1592 ualescite,nolitetimere.
851 1510 1430 1584 ecoedeusiudiciumreddet‚

297 1613 385 1696 ipse
406 1613 547 1679 ueniet
569 1620 607 1679 et
630 1614 906 1679 saluabitnos.
953 1619 1047 1678 tunc
1071 1614 1311 1695 aperientur
1331 1610 1430 1678 oculi

297 1736 499 1794 cecorum,
530 1713 709 1783 et'auree
739 1720 953 1783 surdorum
976 1717 1152 1796 audient
1183 1723 1223 1782 et
1252 1717 1432 1782 audietur

297 1820 438 1906 lingua
476 1827 684 1886 mutorum.
738 1828 831 1885 tuno
870 1821 994 1887 saliet
1031 1819 1201 1887 claudus
1239 1827 1431 1904 tamquam

247 1957 272 1992 u
298 1944 452 1991 ceruus.
496 1924 556 1990 hoo
590 1944 666 2007 ergo
696 1924 771 1990 iilud
803 1931 860 2006 est,
892 1925 973 2008 quod
1004 1924 1214 2008 significatur:
1248 1925 1305 1989 ibi
1333 1923 1433 1989 laetu·

298 2029 431 2095 bimur
453 2029 491 2093 in
514 2029 612 2109 ipso.
657 2048 727 2112 que
748 2029 781 2092 in
805 2029 940 2094 aduentu
956 2029 1072 2093 domini
1087 2035 1118 2094 et
1130 2029 1271 2094 Iordanis
1286 2029 1432 2108 baptismo

298 2138 331 2199 et
351 2132 567 2198 infirmitatum
597 2133 734 2198 omnium
765 2133 923 2198 curatione
954 2132 1076 2213 expieta
1105 2140 1185 2198 sunt.
1230 2133 1312 2216 quod
1333 2137 1432 2196 eutem
1531 2109 1532 2132 ¹

299 2236 355 2302 ibi
379 2234 616 2314 letabimur,
639 2237 680 2300 ad
703 2236 857 2302 Iordanen
879 2237 1021 2317 pertinet.
1066 2237 1109 2300 ita
1132 2237 1216 2302 enirn
1239 2236 1353 2302 dictum
1376 2241 1432 2300 est:
1531 2221 1532 2234 ³

298 2340 338 2404 in
361 2339 532 2406 flumine
554 2340 873 2421 pertransibunt
895 2340 1004 2420 pede,
1029 2339 1084 2404 ibi
1109 2339 1343 2404 letabimur.

160 2447 163 2454 ¹
248 2493 272 2528 ω
345 2459 393 2525 12.
416 2461 504 2541 Quod
520 2467 623 2526 autem
646 2461 684 2525 in
707 2461 807 2541 ipso,
831 2460 899 2546 quis
922 2461 981 2524 iste
1004 2460 1051 2532 sit.
1074 2460 1104 2523 in
1128 2479 1188 2543 quo
1211 2460 1384 2526 letabimur
1405 2459 1434 2522 in

299 2565 375 2644 ipso,
399 2563 552 2646 propheta
574 2565 705 2630 subiecit
735 2565 859 2630 dicens:
894 2566 961 2647 qui
995 2564 1274 2629 dominabitur
1306 2564 1344 2628 in
1378 2583 1435 2644 po
1532 2599 1533 2620 1

300 2668 431 2733 tentia
453 2689 522 2734 sua
545 2669 582 2733 in
605 2677 809 2745 aeternum,
834 2689 893 2732 non
912 2667 1119 2751 ambigemus¹
1149 2669 1217 2750 quis
1241 2669 1298 2732 iste
1321 2668 1386 2744 erit,
1409 2666 1434 2730 si

300 2771 374 2836 dicti
396 2770 486 2836 huius
510 2772 681 2855 euangelici
704 2773 917 2838 recordemur:
952 2775 1046 2836 data
1080 2776 1141 2836 est
1175 2769 1275 2835 mihi
1309 2771 1434 2834 omnis

299 2883 485 2955 potestas
508 2877 548 2940 in
571 2876 666 2941 oaelo
701 2878 798 2942 etin
823 2885 948 2942 terra:
984 2889 1128 2941 euntes
1164 2894 1267 2940 nunc
1298 2876 1436 2940 doceto

248 3010 273 3046 aa
300 2999 437 3045 omnes
460 2987 605 3064 gentes
628 2986 660 3045 et
689 2980 817 3061 apostoli
842 2980 987 3045 dicentis:
1022 2985 1190 3061 propter
1213 2979 1317 3062 quod
1339 2977 1435 3042 oxal-

300 3083 405 3148 tauit
439 3104 522 3148 eum
558 3086 655 3150 deus
686 3090 725 3148 et
754 3085 921 3149 donauit
958 3083 1022 3147 ilii
1053 3103 1206 3158 nomen,
1245 3083 1347 3166 quod
1377 3089 1434 3146 est

300 3207 556 3267 superomne
579 3208 729 3265 nornen,
753 3189 857 3252 utin
887 3188 1048 3252 nomine
1071 3187 1164 3252 Iesu
1193 3207 1307 3252 omne
1336 3205 1435 3270 genu

300 3291 457 3369 flectat,
487 3289 710 3356 caelestium
742 3297 780 3356 et
810 3291 1072 3356 terrestrium
1107 3297 1144 3355 et
1176 3290 1435 3355 infernorum.

343 3483 449 3535 oster.
468 3483 577 3546 xxxv,
597 3485 611 3536 1
631 3501 689 3550 sqq.
725 3484 760 3536 ss
778 3482 876 3536 Matth.
896 3481 1021 3548 xxvur,
1042 3483 1081 3536 re.
1116 3483 1151 3535 aa
1170 3481 1239 3535 rur.
1259 3483 1293 3549 11,
1311 3485 1327 3535 o
1345 3498 1383 3548 sq.

345 3655 481 3709 liniciea
506 3656 574 3718 (cisa
591 3658 618 3708 in
638 3653 702 3721 roe.)
726 3655 751 3708 R
804 3657 987 3723 icorporum
1006 3655 1059 3707 PE
1075 3673 1123 3708 om.
1143 3656 1169 3707 R
1221 3655 1325 3709 ddtr'n
1342 3671 1391 3706 ruo.
1411 3652 1437 3704 R

300 3741 420 3795 exordiis
450 3742 587 3796 laetamur
618 3742 657 3794 Re
686 3743 823 3795 laetamur
853 3741 975 3796 exordiis
1002 3742 1041 3794 Pb
1094 3743 1158 3796 bet
1184 3740 1252 3796 haec
1279 3740 1385 3794 florient
1411 3739 1438 3790 R

300 3831 376 3898 incip.
386 3831 415 3896 s.
435 3829 472 3882 45
492 3830 517 3881 Τ
588 3831 620 3884 10
637 3828 818 3882 consolamini
843 3827 923 3881 RPE
949 3827 1160 3882 consolidamini
1181 3829 1206 3879 T
1277 3829 1309 3881 14
1326 3823 1435 3881 claudus

301 3915 327 3967 R
344 3913 440 3968 clodus
459 3914 489 3980 (o
508 3918 536 3968 in
552 3933 605 3968 ros.
625 3914 662 3978 Ρ)
681 3916 732 3967 ΡΤ
786 3917 818 3970 16
837 3915 866 3968 in
885 3913 1007 3969 aduermb
1026 3915 1051 3967 R
1105 3917 1138 3968 18
1155 3913 1288 3968 iordanen
1307 3915 1332 3967 R
1348 3909 1436 3966 iorda-

300 4019 364 4054 ncm
381 4002 459 4054 m*
508 4005 544 4056 20
561 4001 627 4070 quid
647 4020 678 4055 ez
695 4002 769 4069 quod
788 4020 820 4056 m.
834 3999 890 4054 21>
940 4003 971 4054 21
993 4000 1166 4055 dioenszR
1217 4003 1253 4054 29
1269 4001 1436 4068 ambigemus

302 4089 354 4141 R'1'
369 4088 536 4156 ambigimus
560 4089 613 4140 PE
662 4091 697 4142 98
715 4087 888 4157 euuangelioi
911 4089 935 4140 R
987 4087 1076 4140 omnis
1103 4091 1224 4154 potestas
1251 4087 1292 4139 Ro
1318 4087 1436 4155 potestas

302 4175 364 4227 ΡΓε
416 4177 451 4228 uo
468 4174 543 4242 quod
560 4180 655 4228 eet-
671 4190 773 4228 nornen
800 4192 849 4228 ora.
877 4175 903 4228 R
956 4177 990 4229 28
1008 4175 1102 4227 flectat
1128 4174 1154 4226 R
1180 4174 1214 4242 cf.
1243 4175 1323 4228 Acod.
1347 4191 1372 4244 p.
1396 4170 1435 4222 57

301 4260 430 4315 flectatur
448 4261 525 4313 VI'E
575 4261 736 4315 caelestium
754 4263 782 4314 in
801 4279 883 4330 maru.
903 4263 962 4314 odd.
981 4279 1014 4315 m.
1036 4261 1049 4312 1
1068 4259 1101 4313 R.
