3075 4967
626 318 820 387 Appendix.
1115 320 1118 325 ’
1234 316 1297 380 887

153 510 197 574 sio
222 508 373 573 eruditum
398 527 431 572 se
454 528 523 573 esse
547 508 622 573 dixit
656 509 782 573 renibus
816 508 880 573 suis
915 509 1004 592 quasi
1037 508 1069 572 in
1098 514 1203 586 noete3
1236 526 1299 571 non

153 612 232 677 (lixit
254 611 285 675 in
308 620 407 689 noete,
431 613 486 676 ssd
510 613 599 694 quasi
622 613 653 677 in
677 617 776 678 noete.
820 632 881 677 non
905 614 987 677 enirn
1009 612 1133 693 penitus
1155 616 1298 677 contene-

152 716 233 781 brati
256 722 328 781 sunt
351 735 461 781 sensns
486 718 552 781 eius
576 716 614 781 de
638 716 748 781 timore
771 716 888 794 mortis,
912 717 966 799 qui
989 716 1127 781 dioebat:
1162 734 1300 781 uerum

154 840 230 884 non
254 823 358 903 quod
390 840 463 904 ogo
493 818 595 896 uolo,
619 822 687 885 sed
723 821 827 903 quod
851 827 899 885 tu.
944 822 1000 886 ssd
1024 826 1128 886 tamen
1150 838 1213 883 non
1235 824 1302 884 erut

154 924 221 989 sine
244 924 380 1007 quadam
405 924 643 1005 perturbatione,
677 923 730 1007 qui
753 924 967 989 infirmitatem
990 936 1022 989 et
1044 923 1202 1007 tristitiem
1224 921 1300 988 sate·
1341 949 1353 983 o

154 1027 254 1091 batur.
300 1047 370 1092 narn
405 1028 430 1091 si
466 1026 537 1092 alibi
575 1028 675 1093 Dauid
712 1028 769 1093 ait:
808 1036 935 1093 metus
969 1028 1114 1093 mortis
1147 1026 1302 1093 ceoldit

154 1151 276 1211 snper
311 1152 376 1208 me,
411 1132 533 1196 timor
568 1138 606 1196 et
640 1136 791 1197 tremor
824 1138 1134 1213 occupauerunt
1166 1151 1223 1196 me
1265 1136 1303 1195 et

154 1236 315 1314 operuit
351 1255 408 1299 me
442 1236 622 1312 tenebra,
647 1242 730 1301 reete
756 1236 821 1301 bueo
852 1236 980 1301 tenebra
1002 1256 1040 1301 ox
1061 1236 1170 1300 timore
1193 1235 1302 1299 mortis

154 1338 296 1413 ueniens,
320 1358 412 1422 quarn
438 1339 602 1405 minimam
625 1338 720 1405 inisse
743 1340 775 1403 in
798 1339 862 1405 filio
885 1340 935 1405 dei
959 1342 1111 1417 conuenit,
1142 1360 1203 1403 non
1234 1358 1302 1403 nox,

154 1443 210 1508 sed
233 1443 320 1526 quasi
345 1463 403 1507 nox
428 1442 609 1524 appellatur.
654 1446 758 1528 itaque
782 1442 996 1527 significanter
1018 1444 1145 1509 dieitur:
1172 1442 1302 1509 adhue
1330 1465 1355 1501 ιο

156 1553 288 1613 autem
327 1548 445 1631 quasi
475 1548 514 1611 in
549 1553 667 1614 noete
701 1549 943 1613 erudierunt
977 1568 1035 1613 me
1069 1566 1188 1612 renes
1219 1546 1302 1612 mei.

158 1652 231 1733 quid
254 1658 357 1717 antem
381 1652 604 1743 erudierunt?¹
632 1652 750 1717 seilicet
772 1654 853 1736 quod
877 1652 1018 1735 sequitur
1039 1651 1130 1727 infra,
1153 1658 1187 1715 ut
1201 1651 1303 1731 proui-

158 1756 243 1819 deret
267 1756 360 1821 deum
383 1756 414 1819 in
438 1768 607 1836 eonspeotu
630 1774 684 1821 suo
707 1776 841 1837 semper,
872 1757 944 1839 quia
967 1776 986 1819 a
1008 1756 1125 1821 dextris
1159 1755 1225 1820 eius
1247 1766 1303 1829 est

156 1866 189 1921 nt
213 1880 273 1923 non
297 1866 538 1925 commoneatur.

203 1963 252 2027 11.
276 1964 350 2027 Pro
373 1963 456 2041 hoo,
481 1967 533 2041 ait,
558 1965 824 2030 ineundotnm
848 1970 998 2030 osteor
1028 1972 1355 2040 permutor-1⁵

157 2065 333 2133 sultauit
370 2066 513 2151 lingna
554 2088 643 2147 meo,
688 2068 818 2133 adhue
855 2076 988 2134 autom
1022 2074 1061 2135 et
1095 2088 1187 2133 earo
1220 2088 1304 2134 mea

156 2170 421 2236 habitabitin
439 2192 523 2254 spe:
548 2174 736 2256 quonium
754 2194 828 2237 non
846 2172 1114 2256 derelinques
1132 2174 1304 2237 animam

157 2296 282 2339 meam
306 2276 344 2339 in
368 2278 532 2340 interno
557 2277 1144 2360 nequedubissanotumtunm
1167 2277 1305 2342 uidere

157 2380 474 2461 corruptionem.
521 2388 639 2445 notas
672 2382 816 2447 ieeisti
851 2381 951 2446 mihi
980 2382 1067 2446 uias
1101 2381 1207 2445 nitae:
1238 2381 1304 2446 im·

157 2482 293 2563 plebis
317 2504 375 2549 me
400 2484 547 2549 laetitia
571 2505 656 2549 oum
681 2485 795 2550 uultu
820 2492 899 2550 tuo:
931 2484 1235 2550 delectationes
1265 2485 1304 2549 in
1331 2503 1356 2541 2⁰

158 2588 327 2651 dextera
361 2594 433 2653 tna.
479 2608 553 2672 ergo
587 2598 618 2654 et
640 2589 844 2654 iocunditates
877 2590 908 2653 in
943 2590 1070 2654 dextera
1102 2589 1162 2665 dei,
1193 2588 1304 2672 quibus

157 2691 277 2755 eunetis
310 2690 444 2772 repletus
478 2703 524 2757 est
558 2692 649 2757 tilius.
695 2694 726 2758 in
761 2694 877 2759 dextris
915 2694 999 2758 enim
1034 2693 1170 2757 habebat
1203 2694 1303 2758 deum.

159 2796 424 2874 prouidebnm
471 2796 691 2875 dominnm,
728 2797 845 2880 inquit,
883 2798 921 2861 in
960 2803 1183 2878 conspeetu
1221 2816 1304 2862 meo

157 2918 329 2980 semper,
353 2901 446 2983 qnia
469 2921 487 2963 u
510 2899 672 2965 dextris
703 2902 803 2965 meis
833 2916 904 2965 est.
950 2902 1123 2967 ascendens
1146 2910 1248 2966 autem
1272 2902 1304 2966 in

158 3001 266 3067 oaelum
290 3003 410 3083 ipsein
435 3004 551 3069 dextris
584 3005 680 3084 patris
710 3004 810 3070 lactus
834 3011 889 3070 est.
935 3007 965 3069 in
990 3006 1108 3071 dextris
1130 3006 1210 3071 eius:
1234 3026 1303 3088 quse
1331 3022 1356 3058 ²⁶

158 3107 200 3170 sit
234 3106 320 3171 istius
354 3108 469 3171 dextrae
505 3108 638 3185 sinistra,
670 3109 907 3193 interrogemus.
955 3111 1041 3174 nouit
1063 3129 1139 3193 ergo
1169 3110 1305 3193 quodam

158 3210 224 3276 loeo
247 3211 402 3292 spostolus
426 3232 514 3276 arma
537 3213 662 3277 iustitiae
685 3213 793 3277 dextra
816 3220 847 3277 et
869 3214 1003 3294 sinistro,
1027 3212 1158 3297 gloriam
1178 3213 1305 3296 quidem

159 3321 189 3377 et
218 3313 453 3398 ignobilitatem.
499 3317 608 3381 dextra
642 3316 776 3381 formum
810 3316 933 3381 institire
965 3322 1045 3396 puto,
1081 3316 1305 3400 ignobilitatem

158 3424 263 3483 autem
298 3424 328 3483 et
358 3417 522 3483 infamium
548 3421 682 3487 sinistra.
727 3426 863 3485 attamen
898 3426 1028 3502 utreque
1063 3420 1184 3484 iustitiae
1218 3439 1307 3485 armo

159 3528 239 3586 sunt.
285 3522 340 3587 sed
364 3528 397 3587 nt
421 3525 641 3602 perueniumus
664 3526 703 3589 ad
727 3524 834 3588 dextra
857 3543 943 3586 armo
963 3524 1096 3601 institia,
1118 3523 1150 3587 in
1170 3524 1305 3589 sinistris
1332 3542 1358 3578 ⁸⁰

159 3624 243 3708 prius
278 3625 472 3691 militandum
508 3636 564 3692 est.
611 3628 808 3708 suscipiendo
840 3633 887 3693 est
923 3647 997 3691 nero
1031 3627 1062 3691 in
1098 3626 1157 3691 hoo
1189 3628 1306 3691 mundo

159 3728 347 3813 ignobilitas,
371 3730 509 3809 infamio,
534 3732 707 3809 infirmitas,
731 3731 858 3797 stultitia
881 3738 912 3796 et
934 3737 1038 3796 cetero
1061 3730 1110 3795 his
1128 3729 1249 3810 similia,
1272 3740 1306 3795 nt

161 3834 378 3912 perueninmus
413 3837 451 3899 ad
493 3834 696 3904 nobilitatem.
738 3837 778 3901 ad
818 3836 957 3920 gloriam,
999 3836 1037 3900 ad
1079 3835 1231 3914 uirtutem,
1266 3836 1305 3899 od

160 3936 358 4017 sapientiam:
394 3959 462 4022 queo
497 3941 601 4004 omnia
635 3940 834 4021 aooipiemus,
868 3961 939 4006 oum
971 3939 1204 4022 peruenerinrns
1235 3938 1306 4013 illie,

159 4040 212 4105 nbi
244 4040 385 4107 Christus
419 4050 467 4107 est
489 4045 520 4107 in
544 4054 631 4125 parte
665 4045 772 4109 dextre
806 4044 856 4109 dei
891 4046 1015 4110 sedens.
1061 4045 1306 4109 seminamur
1332 4058 1358 4095 ³⁶

161 4150 293 4211 autem
317 4147 355 4210 in
379 4147 661 4231 ignobilitate,
693 4155 732 4212 ut
754 4168 1016 4233 resurgamus
1047 4149 1086 4211 in
1117 4147 1306 4233 gloriam;

200 4286 449 4339 dinnootemsed
497 4286 647 4341 timinima
696 4289 727 4341 15
746 4288 1120 4358 iocundatumetsicsemper
1167 4290 1202 4342 24
1220 4289 1305 4356 quia.
