3075 4967
349 307 532 357 tractatus
550 304 584 356 in
603 304 775 372 psalmum
794 303 967 358 CXXXVIII.
1165 304 1225 369 771

86 496 354 580 participatio
388 493 470 558 luci
504 493 551 558 ud
586 493 804 559 tenebras?
847 513 949 577 nequo
972 494 1081 560 eedem
1103 495 1229 575 spiritus

86 600 198 667 Christi
223 601 287 666 edit
308 600 435 684 spiritus
459 600 577 676 mundi,
599 605 635 662 ιιι
656 598 806 679 scriptum
830 605 892 663 est:
923 618 994 662 nos
1025 599 1128 663 enim
1152 619 1229 664 non

86 705 276 786 spiritum
299 704 418 769 huius
442 702 578 768 mnndi
601 701 836 783 accepistin
852 704 923 768 eod
945 702 1147 784 spiritum,
1163 705 1229 788 qni

86 812 197 876 adeo
232 817 300 875 eet.
345 827 447 893 neque
482 808 533 892 qui
568 807 684 872 inundo
720 812 859 871 mortuus
892 814 949 884 eet,
983 806 1060 872 uinit
1093 807 1162 886 eibi,
1197 814 1230 872 ut

85 913 239 996 apostolus
263 915 367 980 docet:
402 912 496 978 nino
530 911 631 976 enirn
666 911 743 976 iem
767 930 842 975 non
865 930 947 995 ego,
970 911 1075 977 uiuit
1098 921 1229 978 entem
1268 937 1281 973 u

85 1019 120 1081 in
142 1037 204 1083 me
227 1015 428 1082 Christus.
465 1016 527 1101 'qui
558 1014 608 1080 die
637 1013 774 1096 repletus
805 1021 860 1093 eet,
892 1014 974 1081 diem
997 1022 1118 1080 tuntum
1141 1017 1172 1080 iu
1195 1035 1230 1081 ee

85 1120 177 1188 habet
200 1121 324 1187 otideo
358 1121 417 1187 eit:
453 1120 518 1186 die
548 1117 831 1201 replebuntur,
866 1128 904 1184 et
937 1139 1050 1185 nemo
1084 1120 1123 1184 in
1157 1120 1230 1186 hie.

84 1245 175 1290 nemo
198 1225 231 1290 in
254 1224 304 1291 hie
327 1226 387 1290 erit
408 1231 522 1307 praeter
545 1225 637 1299 diem,
661 1243 723 1308 qno
745 1222 854 1304 repleti
878 1230 966 1289 eunt:
1000 1244 1062 1289 non
1092 1225 1230 1306 pecunie

84 1337 186 1409 estus,
220 1321 283 1395 non
316 1327 510 1412 nolnptotnm
544 1327 692 1404 enmnine,
727 1347 789 1392 non
823 1327 1001 1393 ombItionie
1035 1329 1138 1405 ordor,
1170 1348 1229 1393 non

84 1433 224 1500 odiorum
247 1431 436 1518 malignitas,
460 1451 521 1498 non
536 1431 662 1498 inuidiae
678 1432 811 1507 oculeus,
833 1452 894 1496 non
910 1432 1121 1498 conuiuiorum
1136 1433 1228 1508 furor,
1257 1455 1282 1492 ro

83 1557 143 1602 non
168 1537 323 1618 superbier
346 1537 491 1614 amentio,
515 1554 575 1600 non
598 1543 703 1602 cetere
726 1556 796 1619 qnae
816 1535 931 1601 dioboli
947 1546 1019 1602 eunt
1033 1555 1121 1602 ormo
1138 1544 1230 1621 atquo

84 1643 223 1720 uirtutes,
246 1641 303 1707 sed
326 1642 376 1705 iux
399 1660 481 1718 uere,
498 1640 553 1708 eod
573 1639 639 1706 dies
655 1639 728 1719 eolo,
744 1659 806 1724 quo
819 1639 929 1722 repleti
946 1648 1032 1718 ennt3
1055 1647 1229 1706 ceterorum

84 1765 209 1830 quoqne
231 1745 294 1810 iuni
317 1764 420 1810 rernm
445 1743 547 1811 effoeti
570 1751 642 1810 eunt
663 1745 837 1827 incapaces.
882 1750 913 1809 ot
932 1745 1061 1829 dignum
1079 1752 1171 1825 piune
1188 1745 1229 1822 hi,
1309 1755 1314 1762 ’

84 1850 133 1934 qui
158 1847 226 1914 sole
249 1848 299 1914 die
322 1849 406 1931 pleni
430 1855 511 1926 sunt,
534 1849 746 1915 testimoninm
769 1854 906 1913 sumunt

124 1952 177 2018 38.
203 1953 347 2037 Sequitur
369 1954 469 2018 onim:
505 1952 605 2018 mihi
628 1947 769 2017 'entem
799 1952 921 2018 nimie
952 1951 1228 2019 honorificati
1257 1975 1283 2011 u
1365 1939 1368 1946 ¹

82 2063 180 2122 eunt
203 2057 321 2122 amici
345 2058 410 2128 tni.
435 2058 539 2136 dene,
564 2056 685 2121 nimis
709 2056 935 2122 confortati
965 2063 1059 2122 eunt
1080 2057 1230 2138 princi·

82 2168 203 2242 patus
226 2180 372 2227 eorum.
416 2161 684 2228 dinumerabo
715 2181 793 2238 eoe,
816 2169 855 2227 et
883 2181 1007 2243 snper
1036 2160 1229 2227 harenam

81 2262 486 2347 multiplicabuntur.
533 2266 610 2349 quid
632 2284 704 2331 cum
729 2264 779 2330 hie
801 2266 892 2332 dictis
914 2265 1035 2330 homini
1053 2285 1229 2343 commune,

82 2375 115 2433 ut
149 2389 214 2446 coe,
237 2370 291 2453 qui
327 2389 420 2453 snper
453 2367 602 2436 harenam
636 2367 932 2450 multiplicabuntur,
957 2367 1155 2436 dinumeret?
1200 2356 1237 2436 ei*

81 2477 204 2539 tentum
226 2474 309 2540 istud
332 2475 475 2555 conpetit,
496 2474 547 2540 cui
569 2476 636 2539 eine
658 2473 840 2540 recensione
863 2481 894 2539 et
915 2473 1032 2540 colonio
1051 2475 1228 2540 innumero·
1256 2491 1282 2530 ιι
1334 2505 1338 2513 ·

81 2575 154 2641 bilis
179 2577 300 2642 numeri
323 2578 459 2661 cognitio
482 2585 538 2644 est.
583 2578 674 2644 unrici
697 2585 801 2644 autem
824 2578 890 2644 eine
912 2578 1006 2643 nimie
1036 2576 1227 2644 honorificati

81 2687 173 2756 ennt;
198 2682 320 2746 nimie
343 2682 424 2765 quod
449 2681 569 2761 dicitur,
592 2701 653 2747 non
677 2685 849 2748 secundum
870 2679 1031 2748 lotinitotie
1064 2687 1230 2748 consuetu-

82 2784 190 2849 dinem
215 2784 457 2869 intellegendum
481 2793 536 2851 eet.
581 2786 702 2852 nimie
725 2787 808 2852 onim
824 2785 988 2852 nobiscnm
1010 2788 1043 2852 iu
1058 2786 1229 2870 significari

81 2888 175 2965 solet,
208 2890 290 2972 qnod
316 2889 526 2954 necessarium
549 2891 677 2956 modum
699 2889 848 2956 inutiliter
878 2893 1018 2969 excedet,
1049 2893 1105 2957 eod
1128 2889 1229 2956 Greci

80 2992 122 3070 id,
148 2995 232 3076 quod
256 2992 353 3058 nostri
375 2993 496 3059 nimie
519 2993 751 3071 transtulerunt,
775 2993 905 3078 σφόδρα
926 2995 1119 3075 interpretati
1141 3001 1229 3062 eunt:
1257 3013 1283 3050 o

80 3096 202 3179 inquo
233 3096 335 3181 magis
369 3097 488 3163 uelde
522 3117 617 3181 quom
650 3098 772 3163 nimie
806 3099 989 3164 continetur.
1032 3098 1124 3165 nolde
1154 3119 1230 3184 ergo

79 3199 281 3266 honorificati
304 3201 395 3266 amici
419 3201 486 3266 eine
510 3208 588 3266 eunt.
634 3207 665 3268 ot
687 3203 823 3267 ornicum
846 3202 972 3286 quidem
988 3201 1152 3267 Abraham
1172 3204 1231 3269 deo

80 3303 183 3370 fnisse
205 3306 431 3389 cognoscimue.
477 3307 610 3371 ornicum
634 3311 664 3371 et
687 3305 817 3390 Moysen
853 3308 912 3372 deo
945 3306 995 3372 lex
1025 3326 1094 3372 esee
1127 3307 1231 3373 locuta

81 3415 141 3473 est.
190 3407 351 3492 euangelio
374 3429 449 3475 nero
472 3408 576 3491 plnres
606 3410 669 3474 ium
705 3409 763 3475 deo
797 3411 916 3476 emicoe
950 3429 1018 3477 esee
1052 3409 1231 3494 significent

125 3545 605 3636 mwnnufflnm

127 3689 138 3738 l
164 3685 219 3740 luci
240 3687 265 3740 G
283 3692 326 3740 oet
345 3687 400 3740 luci
420 3688 475 3741 RE
525 3689 591 3742 Βιιι
616 3689 751 3743 scribtum
769 3694 813 3743 eet
834 3689 859 3742 G
910 3689 1019 3743 tuiuit
1045 3689 1099 3744 eibi
1127 3693 1159 3744 ιιι
1179 3690 1231 3744 GR

80 3773 157 3826 uiuit
176 3773 247 3828 eicut
267 3793 280 3828 e
298 3773 371 3828 uiuit
389 3774 442 3828 eibi
462 3775 566 3829 sicuti
620 3776 737 3830 bdouet
757 3776 812 3828 GE
827 3776 928 3830 docent
947 3777 974 3830 R
1025 3776 1144 3830 ‘thebei
1161 3777 1229 3831 otG

76 3860 295 3916 hebeozzet
322 3861 348 3914 R
403 3865 436 3917 10
454 3861 644 3918 conuiuiorum
673 3863 697 3916 G
724 3863 911 3918 conuitiorum
938 3863 965 3916 R
1018 3865 1050 3917 ll
1069 3863 1176 3917 diobuli
1205 3863 1231 3916 G
1269 3873 1275 3880 '

78 3949 112 4001 13
126 3946 265 4016 planueR
301 3949 334 4000 14
347 3949 399 4002 noli
412 3949 437 4000 G
471 3949 601 4003 ninimie
614 3949 687 4018 qnod
700 3950 892 4004 GnImieonm
903 3951 956 4003 RE
988 3952 1024 4006 28
1038 3949 1229 4020 significarint

77 4029 241 4101 significare
260 4034 315 4088 RE
330 4035 365 4104 cs.
384 4037 465 4090 Acod.
486 4055 515 4108 p.
535 4035 568 4090 17
622 4039 657 4091 24
679 4038 756 4106 greci
778 4037 937 4107 Ggrueooe
954 4039 980 4091 R
1032 4038 1066 4091 26
1090 4037 1184 4092 sfodra
1203 4038 1229 4091 G

80 4169 249 4249 (ΟΟΛΡΑ
276 4183 310 4250 R,
337 4201 385 4236 om.
412 4203 439 4251 α,
466 4185 555 4236 itum
608 4185 802 4254 iuterpreeteti
829 4191 894 4240 eunt
920 4186 972 4239 GR
1023 4187 1062 4239 28
1084 4184 1114 4238 in
1141 4141 1177 4252 qu
1203 4185 1229 4238 G

77 4279 114 4330 28
125 4279 157 4328 et
165 4291 280 4344 moyeen
291 4276 327 4330 do
338 4277 382 4331 lex
392 4294 451 4332 esee
460 4279 553 4333 locutu
563 4283 604 4333 eet
616 4279 679 4333 Get
692 4296 805 4348 moysen
817 4279 864 4334 lex
875 4296 934 4334 oete
946 4282 999 4336 deo
1011 4280 1122 4334 elocuta
1133 4283 1176 4333 eet
1194 4280 1227 4334 It

1021 4385 1071 4439 49*
