3075 4967
293 269 355 336 306
633 272 750 324 saneti
768 271 905 325 Hilarii
924 272 1086 341 episcopi

335 459 385 526 30.
410 460 450 525 Ht
473 460 545 545 qnid
570 458 645 526 illud
668 462 716 544 rit,
741 478 814 526 mor
836 463 996 527 continuat
1018 463 1093 527 ordo
1109 462 1278 527 dictorum:
1300 481 1321 526 a
1344 467 1433 526 tern-

292 565 490 648 plotuoin
508 564 769 631 Hierusalem
793 566 871 631 tibi
894 566 1088 633 adferent
1110 583 1231 650 reges
1254 584 1431 631 munera

291 669 437 751 templum
460 671 490 733 in
515 668 711 736 Hierusalem
735 676 790 748 est,
813 671 845 735 in
868 691 928 754 quo
952 670 1125 736 hostiarum
1153 669 1294 754 legitima
1325 667 1433 735 offere·

290 774 417 852 bantur;
447 793 530 838 nune
559 779 662 838 autem
686 793 704 838 a
727 774 843 858 templo
876 776 907 838 in
941 772 1136 840 Hierusalem
1159 795 1178 839 a
1199 775 1329 858 regibus
1364 779 1434 838 sunt

250 903 263 942 a
290 898 416 944 munera
438 877 614 944 adserenda.
661 880 743 963 quod
766 879 874 962 utique
893 887 1004 944 eontra
1017 877 1154 945 iocorum
1169 879 1431 963 significationem

290 982 503 1065 rationemque
518 991 676 1067 gestorum
688 989 743 1059 est,
755 990 789 1048 ut
805 982 897 1062 illine,
910 1003 972 1067 qao
987 983 1093 1048 inferri
1107 984 1209 1068 magis
1221 988 1387 1066 oporteret
1401 982 1432 1045 id

290 1095 337 1151 eet
349 1086 387 1150 de
400 1086 521 1170 templo,
534 1085 692 1152 offerenda
703 1088 766 1152 sint
777 1106 918 1153 munera
955 1087 1010 1152 sed
1027 1087 1099 1171 quia
1111 1093 1159 1152 est
1178 1087 1361 1153 caelestis
1383 1084 1433 1150 illa

289 1190 379 1254 nobis
401 1196 502 1256 mater
523 1191 783 1257 Hierusalem
818 1199 858 1257 et
889 1191 1193 1272 primitiuorum
1224 1191 1432 1270 eouserip

290 1300 417 1358 torum
441 1301 471 1360 et
486 1295 749 1379 frequentantium
773 1299 910 1375 cretus,
932 1297 1094 1380 omnisque
1108 1297 1140 1359 in
1160 1295 1283 1361 Christo
1305 1304 1433 1362 renatus

238 1422 263 1460 e
290 1398 339 1462 dei
355 1398 504 1480 templum
528 1407 582 1478 est,
603 1400 739 1464 manime
761 1399 795 1464 in
817 1417 877 1483 quo
899 1420 960 1465 non
977 1419 1061 1464 mors
1076 1399 1179 1484 magis
1195 1400 1236 1465 eit
1254 1405 1432 1484 regnatura.
1470 1408 1475 1418 '

290 1503 345 1566 sed
376 1503 448 1580 uita
483 1515 514 1569 et
537 1503 591 1586 qui
613 1504 679 1585 ipse
703 1521 758 1570 rer
780 1504 821 1568 eit
843 1504 919 1582 eine,
953 1504 1040 1569 enine
1074 1524 1182 1569 semna
1216 1503 1316 1568 firerat
1351 1509 1432 1578 ante,

288 1607 413 1687 peceati,
448 1605 579 1672 hostiam
605 1627 637 1672 se
660 1609 762 1688 ipsum
786 1608 891 1672 uiuam
915 1616 945 1674 et
966 1607 1181 1672 rationabilem
1205 1619 1237 1672 et
1259 1607 1432 1688 placentem

289 1711 347 1776 deo
370 1709 517 1777 offerens:
542 1718 606 1776 tum
631 1727 706 1796 ergo
728 1712 767 1777 ab
791 1711 853 1777 hoe
875 1711 1000 1792 templo,
1030 1712 1062 1777 id
1093 1722 1140 1776 eet
1170 1711 1210 1776 ab
1239 1711 1300 1776 hae
1324 1718 1432 1776 saneta

289 1816 426 1896 eorporis
450 1816 497 1880 eui
520 1814 719 1893 habitatione,
743 1816 775 1880 in
798 1815 851 1881 illo
867 1831 1021 1882 eonuentu
1036 1816 1217 1900 angelorum
1234 1815 1432 1898 frequentan-

236 1937 262 1978 ιε
289 1919 373 2000 timu,
396 1919 428 1984 id
451 1926 498 1985 est
520 1919 551 1984 in
574 1918 628 1984 illa
661 1919 777 1986 oaeleeti
801 1920 1006 1998 Hierusalem,
1039 1921 1066 1984 ei
1089 1921 1142 2004 qui
1164 1939 1258 2003 reges
1292 1918 1368 2000 sint,
1400 1918 1432 1982 id

288 2031 336 2090 est
359 2023 412 2107 qni
435 2031 559 2104 peecata
581 2019 661 2088 ultre
683 2044 745 2088 non
768 2024 913 2101 seruient,
937 2023 1066 2090 offerent
1083 2044 1117 2090 se
1132 2025 1217 2105 ipsos
1232 2025 1292 2088 deo
1307 2042 1431 2088 munus.

332 2126 382 2192 31.
406 2125 493 2208 Quod
518 2125 590 2210 qnia
613 2127 745 2193 earnalis
769 2127 898 2205 Israhel,
922 2129 996 2193 dnm
1020 2128 1080 2192 sibi
1103 2135 1222 2193 tantum
1240 2126 1431 2211 peculiarem

289 2232 339 2297 dei
362 2231 608 2298 misericordiam
641 2238 775 2316 usurpat,
808 2233 933 2297 uidetur
966 2241 1126 2316 tamquam
1157 2231 1214 2297 soli
1245 2232 1274 2295 ei
1298 2233 1340 2296 sit
1363 2251 1431 2311 pro

288 2337 390 2421 prium
428 2335 605 2414 defendere,
640 2356 709 2400 mox
743 2336 894 2418 propheta
930 2336 1076 2402 subiecit:
1115 2337 1285 2416 inorepa
1319 2336 1429 2402 ieras

236 2457 261 2496 πο
288 2440 996 2519 siluae,conciliumtauroruminter
1015 2439 1428 2521 uaoeaspopnlorum;

287 2555 422 2609 utnon
447 2543 719 2610 exeluduntur
744 2543 794 2622 hi,
824 2545 891 2628 qui
923 2543 1085 2624 probati
1116 2551 1210 2608 sunt
1239 2550 1429 2628 argento:

288 2649 445 2732 dissipa
468 2642 621 2732 gentes,
645 2647 797 2714 bellum
821 2667 904 2732 quae
926 2647 1080 2713 uolunt.
1115 2665 1228 2713 uaeoas
1243 2647 1275 2711 in
1288 2631 1432 2712 Samaria

168 2817 171 2824 ,
287 2753 431 2817 adoratas
465 2771 543 2834 esee,
577 2753 712 2836 cognitio
746 2773 784 2818 er
817 2751 905 2817 librie
938 2759 994 2817 eet
1038 2753 1195 2834 principes
1228 2771 1303 2816 uero
1324 2749 1426 2832 populi

288 2857 375 2921 iatius
390 2855 452 2921 iam
470 2875 533 2920 non
549 2855 661 2937 populi,
678 2856 734 2921 sed
749 2876 880 2941 gregum
898 2857 991 2922 dures
1007 2875 1085 2930 esee,
1108 2855 1309 2939 propheticus
1325 2873 1427 2920 sermo

235 2975 261 3014 ’ὅ
288 2966 344 3036 est,
367 2977 438 3025 eum
463 2961 574 3026 dieitur
596 2981 634 3026 ex
657 2961 776 3024 domiui
799 2979 947 3041 persona:
978 2961 1084 3024 tauri
1117 2961 1291 3044 pingues
1319 2959 1425 3024 obre·

288 3064 435 3129 derunt
456 3084 523 3129 me.
568 3063 651 3129 feras
673 3069 776 3129 autem
799 3063 886 3129 siluae
912 3063 1119 3147 nequitiarum
1136 3062 1320 3144 spiritalium
1336 3080 1425 3142 supra

326 3201 346 3292 'r
365 3237 448 3293 usur.
467 3239 528 3307 xn,
547 3240 581 3292 aa
599 3256 639 3307 sq.
674 3239 709 3291 ae
726 3238 771 3293 rs.
790 3238 863 3303 rur,
883 3239 924 3291 ra.

330 3393 432 3448 lordo
459 3413 489 3448 ex
515 3394 593 3448 orido
612 3413 644 3448 m.
664 3393 680 3446 1
703 3395 729 3448 V
778 3392 932 3448 Hofferent
950 3395 975 3446 T
1025 3393 1168 3462 itemplo
1195 3389 1254 3460 (om.
1274 3390 1300 3458 a)
1325 3392 1349 3446 V
1394 3389 1421 3442 in

285 3481 417 3536 ierusalet
436 3478 498 3547 (sic)
517 3481 543 3533 R
595 3479 743 3550 aregibua
761 3499 792 3534 er
809 3479 922 3549 regibus
941 3481 967 3533 R
1019 3477 1195 3534 Hofferenda
1214 3480 1240 3533 V
1289 3475 1420 3548 signifiea-

286 3567 511 3636 tionemque(om.
519 3565 701 3634 rationele
741 3567 827 3622 eillia
841 3565 1218 3638 VRPcf.sae.1889p.321
1261 3563 1421 3620 Booneer'ib·

285 3661 378 3708 torum
393 3655 442 3708 VP
485 3652 865 3722 9omniequeexomnism.2
879 3653 904 3708 V
949 3657 983 3708 10
992 3669 1192 3721 moreexmore
1200 3650 1304 3706 nm
1348 3653 1420 3706 laea

650 3743 687 3779 ran

286 3809 352 3862 ergo
362 3793 456 3846 RPTa
511 3795 544 3846 14
554 3791 714 3861 frequentin
726 3791 930 3861 Pirequetium
949 3791 1220 3860 Virequentantium
1232 3819 1265 3828 -
1277 3789 1419 3860 partieipee

286 3893 344 3933 esee
363 3882 391 3933 et
408 3895 519 3933 menese
538 3877 595 3944 (Pe.
615 3879 744 3931 LXVIII
758 3896 815 3949 cap.
833 3877 883 3944 19)
902 3897 950 3933 ona
970 3879 996 3931 T
1049 3880 1082 3932 rt
1099 3878 1239 3933 hierusale
1263 3879 1288 3931 V
1344 3871 1419 3942 eqni

285 3981 365 4034 rages
378 3965 404 4019 R
457 3969 490 4021 16
502 3970 617 4034 peoeatu
632 3965 658 4018 V
703 3967 735 4020 17
748 3963 1017 4032 earnalislia'nres.)
1031 3965 1081 4020 VP
1121 3963 1265 4019 adesir
1306 3966 1338 4018 18
1346 3977 1419 4015 neus

285 4055 354 4122 pent
377 4053 402 4105 V
451 4053 488 4108 sit
514 4071 544 4106 aa
571 4057 635 4107 eunt
662 4071 694 4106 m.
722 4051 742 4105 2
769 4052 795 4106 V
841 4054 875 4106 ar
894 4051 934 4105 hii
953 4053 979 4105 R
1031 4054 1066 4107 2ss
1084 4068 1155 4121 quae
1180 4051 1256 4106 bella
1279 4045 1419 4105 noluntR

285 4141 320 4193 28
345 4139 473 4194 adoratae
500 4139 529 4192 in
554 4137 671 4192 samaria
689 4155 747 4194 esee
778 4139 802 4191 V
851 4140 980 4208 prinoepa
1000 4140 1026 4191 P
1074 4141 1111 4193 24
1136 4138 1233 4207 populi
1260 4138 1308 4194 aed
1332 4131 1418 4190 om.R

285 4242 418 4296 graegum
432 4226 458 4278 R
475 4224 613 4312 grpqfiz
623 4226 649 4278 P
697 4227 732 4280 25
750 4225 912 4280 obsiderunt
936 4226 965 4280 V.
