3075 4967
400 284 579 335 tractatus
598 281 633 333 iu
651 281 824 349 psalmum
843 279 988 334 CXXXIX.
1203 276 1267 340 783

122 471 358 555 itaquedomiui
375 471 467 537 etdei
483 471 695 555 suisequitur:
718 470 913 549 inaurire,
937 471 1106 547 domine,
1131 488 1267 533 noeenr

122 574 327 641 orationis
351 593 451 640 meae.
496 573 621 639 honoris
645 573 799 640 consessio
821 576 990 658 processit
1012 595 1085 641 oum
1109 573 1267 639 dominum

34 706 39 715 ·
121 698 214 745 suum
249 699 285 743 ao
319 680 412 744 deum
446 677 528 744 dioit.
576 677 776 744 exaudiendae
811 687 913 745 autern
947 679 1093 745 orationis
1131 677 1267 760 praeatio

121 783 329 867 consequitur,
353 801 424 848 oum
446 803 480 847 se
503 787 570 847 orat
592 782 701 848 audiri.

169 885 217 951 10.
241 887 306 952 Sed
328 886 359 950 in
383 906 430 964 eo,
454 888 537 970 quod
567 888 721 971 sequitur:
757 888 927 966 domine,
951 889 1085 952 uirtus
1115 884 1267 951 salutis
1308 911 1320 946 a

120 1009 223 1068 mea
254 1010 315 1056 non
347 991 520 1056 eommunis
555 998 602 1056 est
636 991 758 1056 fiducia
792 992 953 1075 professio.
999 1011 1060 1055 non
1095 990 1178 1055 enim
1210 990 1269 1054 ait:

120 1094 207 1160 salus
230 1095 352 1161 uirtutis
375 1115 463 1161 meae.
509 1095 634 1160 humani
657 1115 794 1180 namque
817 1097 879 1161 uoti
901 1115 952 1162 ras
982 1095 1042 1160 ista
1065 1101 1121 1172 est,
1153 1101 1186 1159 ut
1207 1093 1269 1160 nir·

119 1201 177 1264 tuti
195 1205 310 1265 nostra
326 1199 455 1264 salutem
472 1219 643 1280 probemur,
667 1210 702 1265 ut
725 1200 841 1266 sanitas
864 1200 923 1278 bis,
945 1200 978 1264 in
994 1198 1106 1283 quibus
1121 1197 1269 1276 ualemus,

120 1324 138 1368 a
163 1306 223 1370 deo
247 1303 295 1368 sit.
342 1303 410 1368 baeo
433 1311 535 1369 autem
560 1323 577 1369 e
601 1305 753 1369 contrario
777 1305 911 1384 precatio
934 1310 989 1383 est,
1012 1313 1047 1369 ut
1068 1323 1129 1368 uon
1148 1302 1269 1368 uirtutis

120 1428 188 1473 suae
211 1407 302 1485 salus,
325 1408 382 1473 aad
405 1406 511 1472 salutis
534 1427 599 1473 suae
620 1408 718 1473 uirtus
741 1429 759 1473 a
782 1409 841 1474 deo
857 1408 904 1474 eit.
951 1407 1005 1492 qui
1017 1405 1108 1472 saluti
1119 1407 1267 1473 uirtutem
1295 1427 1320 1462 ιο

119 1517 275 1592 precatur,
297 1511 360 1576 iam
383 1512 423 1577 de
446 1510 543 1577 seluta
565 1531 629 1577 non
652 1512 786 1598 ambigit
808 1520 840 1578 et
861 1519 963 1578 sertus
994 1519 1041 1579 est
1071 1510 1149 1576 nihil
1178 1511 1211 1576 in
1234 1531 1269 1576 se

118 1618 282 1693 eaduaum,
305 1614 382 1679 nihil
407 1615 536 1682 mortale
560 1635 638 1682 osse.
684 1619 740 1682 sed
764 1617 801 1686 ei.
833 1619 916 1701 quod
939 1617 1121 1700 adsumpsit,
1144 1615 1269 1681 infirmo

117 1725 156 1783 ut
177 1719 275 1784 uirtus
302 1725 472 1800 praestetur,
497 1725 579 1785 orat:
603 1740 715 1802 corpus
738 1720 882 1786 dominus
904 1721 936 1785 in
959 1741 994 1786 ae
1016 1720 1154 1804 gerebat
1177 1721 1269 1803 quod,

118 1823 247 1889 tametsi
282 1825 450 1888 seeundum
486 1843 541 1890 nos
571 1824 663 1889 morti
698 1825 836 1891 debitum
872 1830 947 1902 erat
982 1844 1043 1889 uon
1074 1832 1178 1890 tamen
1202 1830 1269 1889 erat

118 1927 290 1993 obnoxium
314 1927 510 2009 corruptioni,
533 1927 601 2008 ipso
624 1947 680 2011 per
694 1928 879 2010 prophetam
894 1927 1055 2012 loquente:
1079 1927 1266 2012 quoniam
1294 1955 1320 1992 ιο

119 2051 199 2096 non
234 2030 505 2116 derelinques
540 2024 718 2097 animam
748 2052 875 2097 meam
912 2032 951 2097 in
987 2031 1161 2110 inferno,
1195 2051 1268 2097 nea

120 2136 242 2202 dabis
265 2141 449 2202 sanetum
473 2145 578 2201 tuum
601 2136 744 2202 uidere
767 2137 1083 2218 corruptionem.

167 2241 217 2306 11.
241 2237 314 2304 Non
337 2245 386 2305 est
407 2240 502 2324 igitur
532 2242 570 2306 de
601 2238 701 2307 saluta
731 2247 848 2306 naturae
883 2240 973 2305 huius
1006 2241 1037 2304 in
1071 2259 1106 2305 se
1135 2239 1269 2305 infirmis

119 2346 268 2410 incertus.
314 2343 415 2409 solum
439 2365 457 2408 a
481 2345 539 2409 deo
560 2343 798 2422 uirtutemque,
819 2363 888 2429 qua
910 2345 941 2409 in
965 2363 1000 2410 se
1015 2344 1064 2420 sit
1080 2343 1188 2409 salutis
1203 2351 1270 2410 orat

120 2456 152 2514 et
175 2455 243 2512 orat
264 2467 320 2529 per
344 2447 425 2514 bano
448 2447 677 2526 confidentiam,
702 2468 764 2533 qua
787 2449 844 2514 ait:
867 2449 1123 2514 obumbrasti
1145 2468 1270 2530 super
1296 2473 1321 2511 eo

120 2558 246 2636 eaput
268 2571 391 2617 meum
415 2551 454 2616 in
477 2552 542 2616 die
564 2551 673 2618 belli.
719 2552 1110 2636 uiexpersoneeniusque
1134 2551 1269 2618 bominis

119 2654 261 2739 psalmus
284 2655 335 2722 hie
359 2656 458 2720 omnis
481 2661 535 2734 eet
559 2656 713 2739 quomodo
736 2657 797 2722 sibi
827 2663 891 2721 tam
920 2637 1045 2722 diuersa
1074 2656 1268 2734 conueniant,

119 2767 161 2840 ut
185 2780 258 2826 eum
281 2761 397 2826 dietum
414 2761 469 2826 sit:
494 2760 606 2842 eripe
631 2780 696 2839 ma,
720 2760 888 2838 domine,
911 2759 959 2825 ab
982 2759 1145 2827 homins
1166 2760 1268 2826 malo

121 2873 167 2931 et:
202 2865 366 2930 custodi
401 2884 456 2930 me
491 2865 538 2930 de
573 2884 687 2930 manu
718 2865 962 2946 peccatoris,
995 2865 1269 2946 domine‚uuno

119 2989 243 3034 rursum
256 2988 382 3034 securus
394 2969 434 3035 de
446 2969 592 3036 omnibus
608 2969 704 3035 dieat:
728 2969 981 3036 obumbrasti
1004 2988 1127 3050 snper
1149 2975 1270 3050 eaput
1296 2992 1322 3030 aa

121 3092 249 3138 meum
271 3073 311 3137 in
335 3073 400 3138 die
422 3071 548 3138 belli?
571 3083 602 3138 et
624 3093 692 3138 eum
716 3073 857 3154 superius
879 3093 917 3137 ex
940 3080 1025 3138 nuetn
1049 3071 1141 3138 luerit
1163 3073 1269 3150 oratio,

120 3197 203 3243 nuno
226 3176 267 3242 sit
289 3175 454 3262 gratulatio
478 3198 516 3243 ex
539 3177 725 3243 saturitate?
769 3177 829 3243 hoo
852 3183 956 3242 autern
979 3181 1076 3242 totum
1100 3178 1161 3243 diei
1176 3179 1215 3242 ab
1231 3197 1268 3242 eo

121 3301 158 3346 er
181 3281 300 3346 ratione
322 3281 444 3363 poterit,
467 3281 520 3365 qui
543 3301 657 3366 gerens
680 3281 813 3346 hominis
836 3282 949 3365 deique
971 3286 1112 3346 naturam
1133 3279 1269 3346 habebat

165 3489 399 3558 Hffistm

165 3663 320 3717 lineurire
336 3663 374 3716 Rb
389 3663 417 3716 in
435 3663 556 3716 hanam
584 3663 717 3716 Ginauri
742 3661 780 3729 (in
806 3662 888 3716 hauri
906 3662 967 3730 ale
1019 3666 1037 3718 3
1061 3680 1094 3717 ao
1122 3663 1170 3717 drll
1190 3664 1216 3714 G
1239 3668 1267 3716 et

120 3802 203 3856 deum
213 3803 268 3855 RE
319 3803 389 3856 dioit
407 3802 432 3856 G
450 3802 519 3857 dicit
534 3821 564 3857 ar
577 3801 651 3856 diost
670 3799 692 3868 (t
710 3803 738 3856 iu
755 3801 821 3869 rue)
834 3804 860 3856 R
912 3805 929 3856 5
947 3759 1054 3870 esequiti·
1074 3803 1100 3855 G
1151 3805 1268 3870 Bprae·

120 3958 216 3996 camur
227 3941 278 3994 GR
288 3950 311 3994 et
319 3943 356 3995 εἰσ
367 3944 395 3994 in
404 3959 470 4012 seqq.
524 3941 553 3994 in
563 3899 682 4010 quilisG
737 3943 771 3995 12
780 3941 829 3996 aed
840 3942 867 3995 ei
878 3942 944 3995 GRb
953 3942 1003 3994 sed
1013 3946 1067 3995 ate
1115 3943 1149 3996 le
1167 3957 1267 4009 eorpus

120 4027 248 4083 dominus
257 4029 287 4082 in
297 4047 326 4082 ae
335 4031 449 4098 gerebat
461 4030 484 4082 R
494 4045 595 4097 eorpus
604 4027 801 4082 dffistsmm
815 4030 839 4082 G
848 4046 898 4097 per
908 4045 1008 4097 eorpus
1018 4029 1092 4096 quod
1102 4027 1229 4082 dominns
1238 4027 1268 4081 in

120 4116 311 4184 regerebatE
363 4117 396 4169 18
404 4114 522 4170 infirmis
532 4116 572 4169 Rb
582 4113 730 4169 infirmaee
784 4119 816 4170 19
825 4116 915 4169 solum
927 4116 978 4168 GR
988 4116 1110 4170 solamE
1159 4113 1268 4182 20qnia

121 4255 203 4308 aitR
255 4257 288 4308 21
309 4255 442 4323 oapudR
495 4255 529 4308 23
547 4253 659 4308 domine
679 4265 738 4307 aare
756 4256 791 4308 ab
809 4273 858 4308 om.
878 4256 904 4308 R
956 4258 990 4309 ut
1008 4213 1063 4308 niro
1083 4255 1117 4307 G.
