3075 4967
405 284 586 333 tractatus
606 279 640 333 in
659 279 832 348 psalmum
851 278 909 332 Lrl.
1170 275 1231 343 133

108 467 298 532 dominatuum
307 467 359 532 uel
370 472 556 548 potestatum
567 467 619 532 uel
631 466 778 533 thronum
789 465 994 533 nelnirtutum
1002 467 1101 534 uirtus
1110 467 1231 547 auertit,

109 572 154 636 sed
178 570 233 649 ilie,
269 571 321 654 qui
353 578 479 656 accepto
510 570 589 637 libro
625 571 657 636 in
689 590 852 656 synogoga
888 591 960 638 cum
991 571 1051 638 ista
1087 570 1233 656 legisset:

109 675 261 756 spiritus
284 675 437 740 domini
460 695 583 756 super
605 695 671 754 me,
695 681 863 756 propter
892 676 998 760 quod
1026 675 1144 742 nuxit
1177 695 1234 742 mc

108 781 310 859 praedicere
333 779 818 860 captiuisremissionem
835 779 1236 848 etcaecisuisioneme

108 883 293 950 dimittere
324 884 563 950 contractos
592 883 632 948 in
661 882 965 960 remissionem,
1003 884 1232 966 praedicare
1272 910 1286 950 a

107 1007 230 1053 annum
253 988 406 1053 domini
429 995 650 1071 acceptum,
674 988 771 1054 fidem
792 987 1232 1055 etauctoremennenmmatae

104 1091 266 1176 significans
297 1091 467 1174 prophetiae
497 1092 554 1158 nit:
592 1092 688 1176 quia
718 1091 841 1158 hodia
870 1090 1028 1174 inpleta
1058 1101 1120 1160 est
1148 1113 1233 1174 pro·

104 1195 227 1276 phetia
255 1194 337 1262 haec
360 1197 398 1260 in
429 1197 598 1263 auribus
632 1195 798 1263 nostris.
845 1195 913 1263 haec
936 1195 1032 1282 igitur
1053 1196 1159 1279 populi
1182 1196 1233 1264 dei

104 1320 199 1365 auersa
219 1300 381 1382 cnptiuitns
412 1306 466 1379 cst,
497 1318 570 1367 cnm
594 1301 671 1366 oculi
693 1300 913 1387 intellegentia
943 1302 1129 1383 panduntur,
1159 1319 1233 1368 cum

103 1404 247 1483 praefracta
275 1405 412 1485 peccatis
443 1405 537 1471 corda
567 1405 598 1470 in
629 1405 769 1490 requiem
799 1404 991 1484 relexantur,
1029 1425 1101 1472 cum
1131 1423 1231 1472 annus
1261 1431 1286 1468 n

103 1507 202 1572 domini
232 1507 431 1590 acceptabilis
455 1507 622 1590 nuntiatur,
653 1527 714 1594 quo
744 1509 931 1590 penitentia
960 1515 1074 1576 nostres
1105 1510 1162 1576 deo
1185 1516 1234 1577 est

104 1619 212 1692 acceptu
233 1611 397 1695 consessio,
422 1630 495 1679 cum
519 1612 594 1679 nibil
617 1613 845 1695 preteritorum
866 1620 1028 1695 reputatur
1049 1615 1091 1680 ad
1106 1613 1234 1693 crimen,

104 1736 163 1781 cum
183 1737 261 1782 noua
282 1717 389 1782 omnia
411 1723 491 1795 sunt,
527 1737 608 1783 noun
631 1717 758 1784 libertae
789 1724 843 1796 est,
874 1719 946 1784 noui
976 1717 1040 1798 filii,
1065 1724 1096 1785 et
1119 1725 1235 1785 osterna

104 1819 194 1885 letina
215 1829 268 1887 ost

138 1923 182 1990 21.
204 1924 418 1990 Exultabit
448 1926 568 1992 Iacob
606 1933 645 1992 et
681 1926 895 1992 laetabitur
932 1925 1110 1993 Israhel:
1148 1926 1234 1992 idem
1261 1950 1287 1986 a

106 2047 223 2113 namque
244 2030 312 2112 ipse
336 2028 512 2111 patriarcba
534 2037 700 2113 utrumque
725 2049 837 2096 nomeu
861 2029 986 2096 sortitus
1002 2051 1040 2097 er
1054 2028 1164 2096 merite
1177 2035 1231 2096 ost

107 2153 173 2212 nam,
200 2134 272 2216 quia
301 2154 396 2200 mann
428 2133 545 2200 calcem
582 2133 687 2200 fratris
716 2135 919 2201 continuisset
948 2135 979 2199 in
1009 2140 1107 2218 partu,
1138 2134 1232 2201 Iacob

107 2245 279 2319 nuncupatus
303 2246 360 2316 est,
383 2237 638 2320 subplantaturns
661 2237 807 2320 deinceps
830 2246 861 2305 et
882 2240 1013 2306 emendo
1028 2239 1235 2326 primogenita

107 2347 130 2405 et
141 2341 360 2408 benedictiones
375 2343 565 2424 occupando.
608 2349 637 2408 et
656 2342 917 2425 interpretationis
940 2342 1085 2410 uirtutem
1101 2342 1233 2410 Genesis

107 2447 233 2526 exposuit,
259 2445 351 2512 Iacob
375 2467 456 2525 sum,
481 2447 555 2531 quia
578 2446 792 2527 subplantator
815 2447 920 2514 fratris
936 2447 986 2529 sit,
1009 2455 1232 2532 nuncupatum.
1260 2469 1285 2506 m
1339 2498 1343 2506 .

107 2569 151 2626 per
171 2551 357 2636 agnitionem
381 2558 483 2616 autem
507 2551 643 2617 confessi
667 2551 716 2618 dei
738 2559 815 2630 turn,
838 2571 910 2618 cum
934 2571 968 2618 se
990 2553 1029 2618 ab
1045 2573 1082 2618 eo
1097 2551 1232 2632 homino,

106 2654 178 2719 euius
192 2655 222 2719 in
241 2655 325 2720 lucta
341 2655 567 2732 dominabatur,
584 2656 725 2722 benedici
741 2655 881 2738 poposcit
902 2694 943 2702 -
960 2656 1035 2741 quia
1050 2656 1151 2734 deum,
1175 2656 1230 2722 ad·

106 2775 213 2823 uersum
237 2778 331 2842 quern
355 2760 482 2844 generis
506 2761 554 2826 sni
577 2759 709 2842 populns
733 2761 905 2827 secundum
936 2759 1048 2826 futura
1079 2759 1232 2841 passionis

107 2869 317 2928 sacramentnm
341 2863 373 2928 in
395 2862 478 2930 lucta
500 2864 603 2930 carnis
626 2863 766 2944 inmaduit,
797 2863 871 2930 ndei
900 2864 997 2931 oculis
1020 2865 1233 2945 conspexisset

140 2975 231 3030 enne.
248 2976 294 3045 rr,
315 2979 356 3032 rs.
393 2977 498 3032 rnna
516 2979 558 3032 m.

142 3072 152 3122 l
170 3071 356 3127 dominatuum
374 3091 404 3126 aa
421 3073 603 3128 dominatinm
623 3093 654 3128 m.
675 3074 691 3127 1
715 3073 919 3159 Vdomiaatdffi
935 3072 1055 3140 (alenam
1073 3093 1092 3129 n
1110 3071 1188 3140 erus.)
1206 3072 1234 3128 R

107 3163 272 3222 potestatuum
297 3160 322 3215 V
371 3159 503 3215 thronum
530 3162 556 3214 R
583 3166 714 3215 treunam
743 3162 767 3215 V
792 3161 914 3216 thronum
942 3161 968 3213 P
991 3161 1155 3216 trbonnrum
1174 3158 1231 3226 (ria)

110 3242 178 3312 Τοῖ’.
204 3247 272 3300 Srud.
298 3245 372 3301 1886
393 3265 422 3319 p,
447 3247 520 3356 :mre
574 3248 730 3330 uirtutuum
748 3266 816 3302 corr.
843 3267 875 3302 m.
905 3249 921 3300 l
953 3248 978 3302 V
1043 3251 1062 3302 4
1088 3253 1117 3302 et
1143 3245 1232 3303 caecis

110 3363 312 3422 ammomum
346 3371 374 3423 b
392 3369 503 3424 dimitte
518 3369 691 3423 corr.m.2V
732 3370 760 3424 in
769 3370 930 3424 remissione
944 3369 968 3422 V
1008 3368 1233 3424 (tauctoritatem

109 3449 161 3505 VVd
205 3457 221 3507 7
238 3454 396 3526 significans
408 3454 678 3525 wigornenses?
698 3455 941 3526 Vsignificationie
951 3455 1002 3509 PT
1018 3455 1053 3524 cf.
1064 3455 1146 3509 Accd.
1152 3473 1181 3525 p.
1195 3455 1233 3509 80

108 3537 221 3602 proseriae
233 3542 272 3596 ait
284 3561 315 3596 er
326 3541 448 3612 prointat
460 3543 521 3597 m?
535 3543 561 3596 V
609 3545 627 3598 8
644 3543 696 3598 boe
714 3544 803 3613 igitur
815 3543 879 3597 Vre
931 3542 1049 3612 populus
1067 3535 1099 3597 di
1116 3541 1234 3597 aduam

113 3657 132 3710 V
172 3663 395 3734 cintellegentia
421 3663 485 3719 Pro
538 3666 572 3720 10
588 3664 761 3750 praeferente
788 3683 854 3719 corr.
885 3683 917 3717 m.
948 3664 1017 3718 1.V
1040 3621 1182 3735 praemone
1209 3665 1236 3718 P

641 3772 675 3808 ert

109 3815 131 3866 1¹
148 3819 309 3885 qnodtntins
323 3820 554 3890 paenitentiaedb
569 3821 594 3873 V
660 3827 775 3891 accepta
793 3821 842 3875 VP
850 3827 966 3892 accepta
978 3821 1061 3876 estE
1113 3819 1146 3875 12
1159 3820 1233 3890 quod

108 3901 199 3958 uibilV
247 3909 279 3960 13
297 3907 415 3961 eintPT
469 3907 501 3962 lb
519 3908 657 3962 exultabit
670 3901 848 3964 cniiaeobV
900 3911 933 3963 16
950 3908 1025 3963 idem
1042 3909 1117 3963 enim
1134 3909 1194 3978 ipse
1210 3909 1237 3963 V

108 3993 309 4061 utrarumquev
341 3993 512 4048 sortitumV
555 3997 587 4049 17
597 4011 716 4063 namque
725 3995 831 4063 qniaV
870 3994 965 4050 fratris
975 3995 1121 4050 calcamV
1161 3997 1233 4051 lses

109 4075 211 4133 timendo
240 4081 264 4134 V
330 4083 363 4138 19
390 4080 590 4136 benedictionis
617 4082 643 4135 V
701 4082 957 4152 interpraetationis
984 4083 1011 4136 R
1036 4082 1231 4151 interpraetati

109 4164 207 4220 neminis
221 4168 245 4220 V
293 4170 328 4222 21
348 4167 690 4222 confessiezconfeesiom.
705 4168 759 4223 IV
807 4173 874 4244 tunc
893 4169 996 4223 0an
1045 4171 1081 4223 22
1098 4169 1230 4225 aduersum

114 4247 152 4300 VP
194 4251 228 4307 24
245 4256 273 4308 in
292 4255 370 4309 incta
388 4271 467 4308 carus
494 4255 523 4310 V.
