<?xml version="1.0" encoding="UTF-8"?>
<!DOCTYPE html PUBLIC "-//W3C//DTD XHTML 1.0 Transitional//EN"
    "http://www.w3.org/TR/xhtml1/DTD/xhtml1-transitional.dtd">
<html xmlns="http://www.w3.org/1999/xhtml" xml:lang="en" lang="en">
 <head>
  <title>
</title>
<meta http-equiv="Content-Type" content="text/html;charset=utf-8" />
  <meta name='ocr-system' content='tesseract 3.04.00' />
  <meta name='ocr-capabilities' content='ocr_page ocr_carea ocr_par ocr_line ocrx_word'/>
</head>
<body>
  <div class='ocr_page' id='page_1' title='image "./corpusscriptoru23wiengoog_0721.png"; bbox 0 0 3075 4967; ppageno 0'>
   <div class='ocr_carea' id='block_1_1' title="bbox 345 303 1221 375">
    <p class='ocr_par' dir='ltr' id='par_1_1' title="bbox 345 303 1221 375">
     <span class='ocr_line' id='line_1_1' title="bbox 345 303 1221 375; baseline 0 -15"><span class='ocrx_word' id='word_1_1' title='bbox 345 311 527 360; x_wconf 86' lang='lat' dir='ltr'>tractatus</span> <span class='ocrx_word' id='word_1_2' title='bbox 552 306 585 359; x_wconf 92' lang='lat' dir='ltr'>iu</span> <span class='ocrx_word' id='word_1_3' title='bbox 604 307 776 375; x_wconf 89' lang='lat' dir='ltr'>psalmum</span> <span class='ocrx_word' id='word_1_4' title='bbox 796 305 943 360; x_wconf 81' lang='lat' dir='ltr'>CXXXIII.</span> <span class='ocrx_word' id='word_1_5' title='bbox 1160 303 1221 370; x_wconf 81' lang='grc'>691</span> 
     </span>
    </p>
   </div>
   <div class='ocr_carea' id='block_1_2' title="bbox 92 483 1222 788">
    <p class='ocr_par' dir='ltr' id='par_1_2' title="bbox 92 483 1222 788">
     <span class='ocr_line' id='line_1_2' title="bbox 93 483 1221 578; baseline -0.003 -15"><span class='ocrx_word' id='word_1_6' title='bbox 93 499 289 564; x_wconf 83' lang='lat' dir='ltr'>ascenderint·</span> <span class='ocrx_word' id='word_1_7' title='bbox 327 496 557 562; x_wconf 88' lang='lat' dir='ltr'>benedicendus</span> <span class='ocrx_word' id='word_1_8' title='bbox 581 483 643 571; x_wconf 48' lang='lat' dir='ltr'>est(</span> <span class='ocrx_word' id='word_1_9' title='bbox 661 497 732 578; x_wconf 85' lang='lat' dir='ltr'>quia</span> <span class='ocrx_word' id='word_1_10' title='bbox 749 513 806 561; x_wconf 92' lang='lat' dir='ltr'>nos</span> <span class='ocrx_word' id='word_1_11' title='bbox 821 495 851 558; x_wconf 94' lang='lat' dir='ltr'>iu</span> <span class='ocrx_word' id='word_1_12' title='bbox 869 493 1022 560; x_wconf 82' lang='lat' dir='ltr'>excelsum</span> <span class='ocrx_word' id='word_1_13' title='bbox 1040 495 1221 574; x_wconf 83' lang='lat' dir='ltr'>prouexerit.</span> 
     </span>
     <span class='ocr_line' id='line_1_3' title="bbox 92 597 1222 687; baseline -0.002 -20"><span class='ocrx_word' id='word_1_14' title='bbox 92 605 153 685; x_wconf 89' lang='lat' dir='ltr'>quis</span> <span class='ocrx_word' id='word_1_15' title='bbox 173 602 243 668; x_wconf 87' lang='lat' dir='ltr'>fidei</span> <span class='ocrx_word' id='word_1_16' title='bbox 277 601 428 687; x_wconf 76' lang='lat' dir='ltr'><strong>gradibus</strong></span> <span class='ocrx_word' id='word_1_17' title='bbox 451 601 482 664; x_wconf 95' lang='lat' dir='ltr'>in</span> <span class='ocrx_word' id='word_1_18' title='bbox 506 599 638 665; x_wconf 89' lang='lat' dir='ltr'>sublime</span> <span class='ocrx_word' id='word_1_19' title='bbox 669 601 781 664; x_wconf 81' lang='lat' dir='ltr'>doinus</span> <span class='ocrx_word' id='word_1_20' title='bbox 813 619 875 664; x_wconf 80' lang='lat' dir='ltr'>sua</span> <span class='ocrx_word' id='word_1_21' title='bbox 906 597 1082 664; x_wconf 88' lang='lat' dir='ltr'>eleuauerit.</span> <span class='ocrx_word' id='word_1_22' title='bbox 1128 600 1222 665; x_wconf 88' lang='lat' dir='ltr'>bene·</span> 
     </span>
     <span class='ocr_line' id='line_1_4' title="bbox 92 703 1222 788; baseline -0.001 -19"><span class='ocrx_word' id='word_1_23' title='bbox 92 707 209 772; x_wconf 89' lang='lat' dir='ltr'>dictione</span> <span class='ocrx_word' id='word_1_24' title='bbox 233 720 335 770; x_wconf 87' lang='lat' dir='ltr'>autern</span> <span class='ocrx_word' id='word_1_25' title='bbox 360 705 409 770; x_wconf 91' lang='lat' dir='ltr'>dei</span> <span class='ocrx_word' id='word_1_26' title='bbox 431 725 466 769; x_wconf 91' lang='lat' dir='ltr'>os</span> <span class='ocrx_word' id='word_1_27' title='bbox 489 705 659 786; x_wconf 90' lang='lat' dir='ltr'>peccatoris</span> <span class='ocrx_word' id='word_1_28' title='bbox 682 703 845 788; x_wconf 82' lang='lat' dir='ltr'>iudignum</span> <span class='ocrx_word' id='word_1_29' title='bbox 869 709 932 783; x_wconf 89' lang='lat' dir='ltr'>est;</span> <span class='ocrx_word' id='word_1_30' title='bbox 963 709 993 769; x_wconf 89' lang='lat' dir='ltr'>st</span> <span class='ocrx_word' id='word_1_31' title='bbox 1026 703 1140 770; x_wconf 89' lang='lat' dir='ltr'>idcirco</span> <span class='ocrx_word' id='word_1_32' title='bbox 1164 704 1222 768; x_wconf 90' lang='lat' dir='ltr'>ait:</span> 
     </span>
    </p>
   </div>
   <div class='ocr_carea' id='block_1_3' title="bbox 88 808 1276 1309">
    <p class='ocr_par' dir='ltr' id='par_1_3' title="bbox 88 808 1276 1309">
     <span class='ocr_line' id='line_1_5' title="bbox 91 808 1222 890; baseline -0.001 -16"><span class='ocrx_word' id='word_1_33' title='bbox 91 831 212 875; x_wconf 89' lang='lat' dir='ltr'>omues</span> <span class='ocrx_word' id='word_1_34' title='bbox 235 811 343 876; x_wconf 89' lang='lat' dir='ltr'>serui</span> <span class='ocrx_word' id='word_1_35' title='bbox 368 810 463 874; x_wconf 90' lang='lat' dir='ltr'>cius.</span> <span class='ocrx_word' id='word_1_36' title='bbox 508 828 568 873; x_wconf 94' lang='lat' dir='ltr'>non</span> <span class='ocrx_word' id='word_1_37' title='bbox 592 808 729 872; x_wconf 90' lang='lat' dir='ltr'>omnium</span> <span class='ocrx_word' id='word_1_38' title='bbox 753 813 801 872; x_wconf 92' lang='lat' dir='ltr'>est</span> <span class='ocrx_word' id='word_1_39' title='bbox 820 808 877 872; x_wconf 87' lang='lat' dir='ltr'>deo</span> <span class='ocrx_word' id='word_1_40' title='bbox 892 814 1021 890; x_wconf 88' lang='lat' dir='ltr'>accepta</span> <span class='ocrx_word' id='word_1_41' title='bbox 1036 809 1222 882; x_wconf 83' lang='lat' dir='ltr'>benedictio,</span> 
     </span>
     <span class='ocr_line' id='line_1_6' title="bbox 90 910 1276 998; baseline -0.003 -20"><span class='ocrx_word' id='word_1_42' title='bbox 90 934 235 998; x_wconf 85' lang='lat' dir='ltr'>nequeas</span> <span class='ocrx_word' id='word_1_43' title='bbox 256 913 449 995; x_wconf 88' lang='lat' dir='ltr'>promiscuus</span> <span class='ocrx_word' id='word_1_44' title='bbox 478 918 566 994; x_wconf 82' lang='lat' dir='ltr'>putet</span> <span class='ocrx_word' id='word_1_45' title='bbox 585 911 717 994; x_wconf 73' lang='lat' dir='ltr'>placere</span> <span class='ocrx_word' id='word_1_46' title='bbox 748 930 847 992; x_wconf 84' lang='lat' dir='ltr'>posse.</span> <span class='ocrx_word' id='word_1_47' title='bbox 895 910 950 976; x_wconf 93' lang='lat' dir='ltr'>soli</span> <span class='ocrx_word' id='word_1_48' title='bbox 981 913 1063 978; x_wconf 88' lang='lat' dir='ltr'>istud</span> <span class='ocrx_word' id='word_1_49' title='bbox 1087 913 1223 994; x_wconf 88' lang='lat' dir='ltr'>conpetit</span> <span class='ocrx_word' id='word_1_50' title='bbox 1263 938 1276 974; x_wconf 78' lang='lat' dir='ltr'>s</span> 
     </span>
     <span class='ocr_line' id='line_1_7' title="bbox 91 1015 1222 1097; baseline -0.002 -15"><span class='ocrx_word' id='word_1_51' title='bbox 91 1019 132 1082; x_wconf 90' lang='lat' dir='ltr'>dci</span> <span class='ocrx_word' id='word_1_52' title='bbox 153 1038 247 1094; x_wconf 84' lang='lat' dir='ltr'>seruo,</span> <span class='ocrx_word' id='word_1_53' title='bbox 271 1037 330 1082; x_wconf 91' lang='lat' dir='ltr'>uon</span> <span class='ocrx_word' id='word_1_54' title='bbox 354 1017 470 1097; x_wconf 86' lang='lat' dir='ltr'>pcccati</span> <span class='ocrx_word' id='word_1_55' title='bbox 495 1036 584 1081; x_wconf 90' lang='lat' dir='ltr'>seruo</span> <span class='ocrx_word' id='word_1_56' title='bbox 607 1035 665 1081; x_wconf 91' lang='lat' dir='ltr'>nec</span> <span class='ocrx_word' id='word_1_57' title='bbox 687 1015 792 1080; x_wconf 76' lang='lat' dir='ltr'>saculi</span> <span class='ocrx_word' id='word_1_58' title='bbox 808 1035 908 1080; x_wconf 86' lang='lat' dir='ltr'>seruo.</span> <span class='ocrx_word' id='word_1_59' title='bbox 954 1017 1083 1082; x_wconf 87' lang='lat' dir='ltr'>omnis</span> <span class='ocrx_word' id='word_1_60' title='bbox 1108 1017 1222 1082; x_wconf 90' lang='lat' dir='ltr'>enim.</span> 
     </span>
     <span class='ocr_line' id='line_1_8' title="bbox 89 1121 1224 1206; baseline 0.001 -22"><span class='ocrx_word' id='word_1_61' title='bbox 89 1123 184 1204; x_wconf 77' lang='lat' dir='ltr'>iuquit,</span> <span class='ocrx_word' id='word_1_62' title='bbox 207 1122 274 1206; x_wconf 91' lang='lat' dir='ltr'>qui</span> <span class='ocrx_word' id='word_1_63' title='bbox 299 1121 399 1186; x_wconf 84' lang='lat' dir='ltr'>facit</span> <span class='ocrx_word' id='word_1_64' title='bbox 422 1126 644 1201; x_wconf 86' lang='lat' dir='ltr'>peccatum,</span> <span class='ocrx_word' id='word_1_65' title='bbox 668 1139 812 1185; x_wconf 86' lang='lat' dir='ltr'>seruus</span> <span class='ocrx_word' id='word_1_66' title='bbox 836 1125 898 1185; x_wconf 93' lang='lat' dir='ltr'>est</span> <span class='ocrx_word' id='word_1_67' title='bbox 920 1121 1089 1201; x_wconf 86' lang='lat' dir='ltr'>peccati.</span> <span class='ocrx_word' id='word_1_68' title='bbox 1135 1140 1224 1185; x_wconf 90' lang='lat' dir='ltr'>seruo</span> 
     </span>
     <span class='ocr_line' id='line_1_9' title="bbox 88 1222 1222 1309; baseline 0.001 -21"><span class='ocrx_word' id='word_1_69' title='bbox 88 1225 171 1309; x_wconf 81' lang='lat' dir='ltr'>igitur</span> <span class='ocrx_word' id='word_1_70' title='bbox 193 1226 241 1291; x_wconf 95' lang='lat' dir='ltr'>dei</span> <span class='ocrx_word' id='word_1_71' title='bbox 277 1226 418 1306; x_wconf 81' lang='lat' dir='ltr'>conpetit,</span> <span class='ocrx_word' id='word_1_72' title='bbox 441 1233 475 1289; x_wconf 89' lang='lat' dir='ltr'>ut</span> <span class='ocrx_word' id='word_1_73' title='bbox 497 1223 658 1289; x_wconf 89' lang='lat' dir='ltr'>dominum</span> <span class='ocrx_word' id='word_1_74' title='bbox 687 1243 777 1288; x_wconf 88' lang='lat' dir='ltr'>suum</span> <span class='ocrx_word' id='word_1_75' title='bbox 808 1222 952 1308; x_wconf 81' lang='lat' dir='ltr'>religioso</span> <span class='ocrx_word' id='word_1_76' title='bbox 975 1243 1027 1289; x_wconf 85' lang='lat' dir='ltr'>ore</span> <span class='ocrx_word' id='word_1_77' title='bbox 1051 1223 1222 1290; x_wconf 77' lang='lat' dir='ltr'>benedicat.</span> 
     </span>
    </p>
   </div>
   <div class='ocr_carea' id='block_1_4' title="bbox 76 1379 1279 3007">
    <p class='ocr_par' dir='ltr' id='par_1_4' title="bbox 76 1379 1279 3007">
     <span class='ocr_line' id='line_1_10' title="bbox 125 1379 1224 1465; baseline 0.003 -23"><span class='ocrx_word' id='word_1_78' title='bbox 125 1381 150 1447; x_wconf 82' lang='lat'>2.</span> <span class='ocrx_word' id='word_1_79' title='bbox 175 1384 223 1448; x_wconf 79' lang='lat' dir='ltr'>Ac</span> <span class='ocrx_word' id='word_1_80' title='bbox 248 1401 287 1446; x_wconf 93' lang='lat' dir='ltr'>ne</span> <span class='ocrx_word' id='word_1_81' title='bbox 308 1382 368 1462; x_wconf 87' lang='lat' dir='ltr'>ipsi</span> <span class='ocrx_word' id='word_1_82' title='bbox 391 1382 519 1465; x_wconf 87' lang='lat' dir='ltr'>quidem</span> <span class='ocrx_word' id='word_1_83' title='bbox 538 1400 628 1445; x_wconf 89' lang='lat' dir='ltr'>seruo</span> <span class='ocrx_word' id='word_1_84' title='bbox 643 1380 702 1444; x_wconf 88' lang='lat' dir='ltr'>hoc</span> <span class='ocrx_word' id='word_1_85' title='bbox 718 1381 777 1444; x_wconf 90' lang='lat' dir='ltr'>erit</span> <span class='ocrx_word' id='word_1_86' title='bbox 792 1379 958 1460; x_wconf 86' lang='lat' dir='ltr'>proprium,</span> <span class='ocrx_word' id='word_1_87' title='bbox 983 1379 1036 1463; x_wconf 91' lang='lat' dir='ltr'>qui</span> <span class='ocrx_word' id='word_1_88' title='bbox 1052 1400 1085 1445; x_wconf 90' lang='lat' dir='ltr'>sc</span> <span class='ocrx_word' id='word_1_89' title='bbox 1100 1399 1224 1445; x_wconf 89' lang='lat' dir='ltr'>seruum</span> 
     </span>
     <span class='ocr_line' id='line_1_11' title="bbox 86 1479 1276 1568; baseline -0.003 -21"><span class='ocrx_word' id='word_1_90' title='bbox 86 1479 201 1550; x_wconf 89' lang='lat' dir='ltr'>uomiue</span> <span class='ocrx_word' id='word_1_91' title='bbox 217 1486 283 1552; x_wconf 88' lang='lat' dir='ltr'>solo</span> <span class='ocrx_word' id='word_1_92' title='bbox 298 1484 484 1567; x_wconf 87' lang='lat' dir='ltr'>profiteatur,</span> <span class='ocrx_word' id='word_1_93' title='bbox 502 1485 554 1568; x_wconf 93' lang='lat' dir='ltr'>qui</span> <span class='ocrx_word' id='word_1_94' title='bbox 570 1479 663 1550; x_wconf 86' lang='lat' dir='ltr'>otiam</span> <span class='ocrx_word' id='word_1_95' title='bbox 679 1503 759 1549; x_wconf 91' lang='lat' dir='ltr'>nuuc</span> <span class='ocrx_word' id='word_1_96' title='bbox 775 1485 1009 1549; x_wconf 78' lang='lat' dir='ltr'><strong>cunctabundus</strong></span> <span class='ocrx_word' id='word_1_97' title='bbox 1026 1490 1057 1549; x_wconf 95' lang='lat' dir='ltr'>et</span> <span class='ocrx_word' id='word_1_98' title='bbox 1072 1482 1222 1549; x_wconf 85' lang='lat' dir='ltr'>fluctuans</span> <span class='ocrx_word' id='word_1_99' title='bbox 1251 1506 1276 1544; x_wconf 84' lang='lat' dir='ltr'>lo</span> 
     </span>
     <span class='ocr_line' id='line_1_12' title="bbox 85 1587 1224 1672; baseline 0.003 -22"><span class='ocrx_word' id='word_1_100' title='bbox 85 1588 194 1655; x_wconf 88' lang='lat' dir='ltr'>incerto</span> <span class='ocrx_word' id='word_1_101' title='bbox 216 1589 292 1654; x_wconf 90' lang='lat' dir='ltr'>fidei</span> <span class='ocrx_word' id='word_1_102' title='bbox 314 1595 406 1654; x_wconf 90' lang='lat' dir='ltr'>uento</span> <span class='ocrx_word' id='word_1_103' title='bbox 430 1589 673 1666; x_wconf 78' lang='lat' dir='ltr'><strong>circumferatur,</strong></span> <span class='ocrx_word' id='word_1_104' title='bbox 696 1588 782 1652; x_wconf 89' lang='lat' dir='ltr'>cuius</span> <span class='ocrx_word' id='word_1_105' title='bbox 806 1589 952 1672; x_wconf 77' lang='lat' dir='ltr'>cogitatio</span> <span class='ocrx_word' id='word_1_106' title='bbox 975 1594 1007 1652; x_wconf 93' lang='lat' dir='ltr'>et</span> <span class='ocrx_word' id='word_1_107' title='bbox 1028 1587 1168 1653; x_wconf 87' lang='lat' dir='ltr'>uoluntas</span> <span class='ocrx_word' id='word_1_108' title='bbox 1191 1588 1224 1653; x_wconf 93' lang='lat' dir='ltr'>in</span> 
     </span>
     <span class='ocr_line' id='line_1_13' title="bbox 82 1689 1223 1776; baseline 0.002 -21"><span class='ocrx_word' id='word_1_109' title='bbox 82 1695 321 1758; x_wconf 86' lang='lat' dir='ltr'>recordationem</span> <span class='ocrx_word' id='word_1_110' title='bbox 352 1693 569 1774; x_wconf 86' lang='lat' dir='ltr'>peccaminum</span> <span class='ocrx_word' id='word_1_111' title='bbox 599 1699 630 1756; x_wconf 92' lang='lat' dir='ltr'>et</span> <span class='ocrx_word' id='word_1_112' title='bbox 659 1692 691 1756; x_wconf 93' lang='lat' dir='ltr'>iu</span> <span class='ocrx_word' id='word_1_113' title='bbox 722 1711 813 1756; x_wconf 88' lang='lat' dir='ltr'>curas</span> <span class='ocrx_word' id='word_1_114' title='bbox 844 1689 1034 1772; x_wconf 89' lang='lat' dir='ltr'>uoluptatum</span> <span class='ocrx_word' id='word_1_115' title='bbox 1067 1698 1223 1776; x_wconf 84' lang='lat' dir='ltr'>euagetur.</span> 
     </span>
     <span class='ocr_line' id='line_1_14' title="bbox 84 1795 1223 1863; baseline 0.001 -4"><span class='ocrx_word' id='word_1_116' title='bbox 84 1797 237 1863; x_wconf 77' lang='lat' dir='ltr'>etidcirco</span> <span class='ocrx_word' id='word_1_117' title='bbox 254 1818 325 1863; x_wconf 87' lang='lat' dir='ltr'>curn</span> <span class='ocrx_word' id='word_1_118' title='bbox 345 1797 489 1862; x_wconf 81' lang='lat' dir='ltr'>dixisset:</span> <span class='ocrx_word' id='word_1_119' title='bbox 513 1815 605 1862; x_wconf 87' lang='lat' dir='ltr'>ecce</span> <span class='ocrx_word' id='word_1_120' title='bbox 629 1815 731 1860; x_wconf 90' lang='lat' dir='ltr'>nunc</span> <span class='ocrx_word' id='word_1_121' title='bbox 753 1795 996 1861; x_wconf 82' lang='lat' dir='ltr'>benedicite</span> <span class='ocrx_word' id='word_1_122' title='bbox 1020 1797 1223 1861; x_wconf 85' lang='lat' dir='ltr'>dominum</span> 
     </span>
     <span class='ocr_line' id='line_1_15' title="bbox 82 1899 1223 1984; baseline 0.003 -22"><span class='ocrx_word' id='word_1_123' title='bbox 82 1920 212 1966; x_wconf 77' lang='lat' dir='ltr'>omnies</span> <span class='ocrx_word' id='word_1_124' title='bbox 236 1903 347 1966; x_wconf 88' lang='lat' dir='ltr'>serui</span> <span class='ocrx_word' id='word_1_125' title='bbox 371 1902 467 1978; x_wconf 79' lang='lat' dir='ltr'>eius,</span> <span class='ocrx_word' id='word_1_126' title='bbox 484 1900 612 1966; x_wconf 85' lang='lat' dir='ltr'>adiecit:</span> <span class='ocrx_word' id='word_1_127' title='bbox 636 1900 702 1984; x_wconf 91' lang='lat' dir='ltr'>qui</span> <span class='ocrx_word' id='word_1_128' title='bbox 726 1900 849 1964; x_wconf 88' lang='lat' dir='ltr'>statis</span> <span class='ocrx_word' id='word_1_129' title='bbox 871 1899 909 1964; x_wconf 94' lang='lat' dir='ltr'>iu</span> <span class='ocrx_word' id='word_1_130' title='bbox 926 1901 1039 1964; x_wconf 92' lang='lat' dir='ltr'>domo</span> <span class='ocrx_word' id='word_1_131' title='bbox 1063 1900 1223 1974; x_wconf 84' lang='lat' dir='ltr'>domini,</span> 
     </span>
     <span class='ocr_line' id='line_1_16' title="bbox 81 2002 1277 2087; baseline -0.003 -22"><span class='ocrx_word' id='word_1_132' title='bbox 81 2004 116 2066; x_wconf 94' lang='lat' dir='ltr'>iu</span> <span class='ocrx_word' id='word_1_133' title='bbox 137 2007 261 2071; x_wconf 89' lang='lat' dir='ltr'>atriis</span> <span class='ocrx_word' id='word_1_134' title='bbox 285 2006 424 2070; x_wconf 88' lang='lat' dir='ltr'>domus</span> <span class='ocrx_word' id='word_1_135' title='bbox 447 2004 608 2069; x_wconf 90' lang='lat' dir='ltr'>domini.</span> <span class='ocrx_word' id='word_1_136' title='bbox 654 2005 792 2087; x_wconf 83' lang='lat' dir='ltr'>quietat,</span> <span class='ocrx_word' id='word_1_137' title='bbox 809 2002 873 2069; x_wconf 91' lang='lat' dir='ltr'>loco</span> <span class='ocrx_word' id='word_1_138' title='bbox 890 2023 950 2068; x_wconf 95' lang='lat' dir='ltr'>non</span> <span class='ocrx_word' id='word_1_139' title='bbox 967 2011 1115 2069; x_wconf 89' lang='lat' dir='ltr'>mouetur.</span> <span class='ocrx_word' id='word_1_140' title='bbox 1161 2005 1224 2068; x_wconf 82' lang='lat' dir='ltr'>iam</span> <span class='ocrx_word' id='word_1_141' title='bbox 1251 2026 1277 2063; x_wconf 64' lang='grc' dir='ltr'>ιιι</span> 
     </span>
     <span class='ocr_line' id='line_1_17' title="bbox 81 2107 1225 2187; baseline 0.002 -16"><span class='ocrx_word' id='word_1_142' title='bbox 81 2111 218 2182; x_wconf 84' lang='lat' dir='ltr'>cucurrit</span> <span class='ocrx_word' id='word_1_143' title='bbox 242 2111 306 2174; x_wconf 93' lang='lat' dir='ltr'>iam</span> <span class='ocrx_word' id='word_1_144' title='bbox 331 2109 480 2187; x_wconf 78' lang='lat' dir='ltr'>ascendit</span> <span class='ocrx_word' id='word_1_145' title='bbox 502 2108 564 2172; x_wconf 91' lang='lat' dir='ltr'>iam</span> <span class='ocrx_word' id='word_1_146' title='bbox 587 2107 755 2173; x_wconf 91' lang='lat' dir='ltr'>immobilis</span> <span class='ocrx_word' id='word_1_147' title='bbox 790 2114 904 2184; x_wconf 88' lang='lat' dir='ltr'>manet,</span> <span class='ocrx_word' id='word_1_148' title='bbox 933 2109 996 2172; x_wconf 90' lang='lat' dir='ltr'>iam</span> <span class='ocrx_word' id='word_1_149' title='bbox 1028 2108 1116 2173; x_wconf 89' lang='lat' dir='ltr'>auide</span> <span class='ocrx_word' id='word_1_150' title='bbox 1148 2108 1225 2174; x_wconf 87' lang='lat' dir='ltr'>bibit</span> 
     </span>
     <span class='ocr_line' id='line_1_18' title="bbox 81 2210 1225 2294; baseline 0.004 -21"><span class='ocrx_word' id='word_1_151' title='bbox 81 2210 1225 2294; x_wconf 85' lang='lat' dir='ltr'>beatamiilampropbetaeuocem:statuitsuperpetrampedes</span> 
     </span>
     <span class='ocr_line' id='line_1_19' title="bbox 80 2315 1225 2398; baseline 0.002 -20"><span class='ocrx_word' id='word_1_152' title='bbox 80 2335 196 2397; x_wconf 89' lang='lat' dir='ltr'>mcos;</span> <span class='ocrx_word' id='word_1_153' title='bbox 222 2323 254 2383; x_wconf 86' lang='lat' dir='ltr'>et</span> <span class='ocrx_word' id='word_1_154' title='bbox 276 2337 416 2382; x_wconf 86' lang='lat' dir='ltr'>rursum:</span> <span class='ocrx_word' id='word_1_155' title='bbox 439 2319 478 2382; x_wconf 94' lang='lat' dir='ltr'>iu</span> <span class='ocrx_word' id='word_1_156' title='bbox 501 2323 617 2398; x_wconf 87' lang='lat' dir='ltr'>petra</span> <span class='ocrx_word' id='word_1_157' title='bbox 639 2315 836 2381; x_wconf 81' lang='lat' dir='ltr'>exaltasti</span> <span class='ocrx_word' id='word_1_158' title='bbox 859 2336 932 2392; x_wconf 90' lang='lat' dir='ltr'>me;</span> <span class='ocrx_word' id='word_1_159' title='bbox 968 2321 999 2381; x_wconf 89' lang='lat' dir='ltr'>et</span> <span class='ocrx_word' id='word_1_160' title='bbox 1021 2316 1125 2381; x_wconf 81' lang='lat' dir='ltr'>audiet</span> <span class='ocrx_word' id='word_1_161' title='bbox 1146 2323 1225 2380; x_wconf 82' lang='lat' dir='ltr'>taiu-</span> 
     </span>
     <span class='ocr_line' id='line_1_20' title="bbox 79 2419 1225 2506; baseline 0.002 -23"><span class='ocrx_word' id='word_1_162' title='bbox 79 2439 168 2502; x_wconf 88' lang='lat' dir='ltr'>quam</span> <span class='ocrx_word' id='word_1_163' title='bbox 204 2421 310 2506; x_wconf 81' lang='lat' dir='ltr'>Moysi</span> <span class='ocrx_word' id='word_1_164' title='bbox 345 2421 403 2486; x_wconf 93' lang='lat' dir='ltr'>sibi</span> <span class='ocrx_word' id='word_1_165' title='bbox 439 2422 517 2485; x_wconf 87' lang='lat' dir='ltr'>dici:</span> <span class='ocrx_word' id='word_1_166' title='bbox 549 2427 589 2486; x_wconf 93' lang='lat' dir='ltr'>tu</span> <span class='ocrx_word' id='word_1_167' title='bbox 622 2425 753 2485; x_wconf 88' lang='lat' dir='ltr'>autem</span> <span class='ocrx_word' id='word_1_168' title='bbox 788 2428 850 2485; x_wconf 89' lang='lat' dir='ltr'>sta</span> <span class='ocrx_word' id='word_1_169' title='bbox 884 2419 951 2484; x_wconf 92' lang='lat' dir='ltr'>hic</span> <span class='ocrx_word' id='word_1_170' title='bbox 981 2439 1140 2486; x_wconf 89' lang='lat' dir='ltr'>mecum.</span> <span class='ocrx_word' id='word_1_171' title='bbox 1186 2420 1225 2485; x_wconf 90' lang='lat' dir='ltr'>dc</span> 
     </span>
     <span class='ocr_line' id='line_1_21' title="bbox 79 2523 1279 2608; baseline 0.002 -20"><span class='ocrx_word' id='word_1_172' title='bbox 79 2523 632 2608; x_wconf 65' lang='lat' dir='ltr'>pecmmribusautcmitalegimus:</span> <span class='ocrx_word' id='word_1_173' title='bbox 656 2523 894 2589; x_wconf 83' lang='lat' dir='ltr'>dilexerunt</span> <span class='ocrx_word' id='word_1_174' title='bbox 917 2543 1076 2589; x_wconf 88' lang='lat' dir='ltr'>mouere</span> <span class='ocrx_word' id='word_1_175' title='bbox 1100 2525 1225 2604; x_wconf 85' lang='lat' dir='ltr'>pedes</span> <span class='ocrx_word' id='word_1_176' title='bbox 1253 2547 1279 2584; x_wconf 79' lang='lat' dir='ltr'><strong>u</strong></span> 
     </span>
     <span class='ocr_line' id='line_1_22' title="bbox 79 2628 1226 2712; baseline 0.003 -22"><span class='ocrx_word' id='word_1_177' title='bbox 79 2645 179 2693; x_wconf 91' lang='lat' dir='ltr'>suos.</span> <span class='ocrx_word' id='word_1_178' title='bbox 229 2630 374 2694; x_wconf 90' lang='lat' dir='ltr'>standum</span> <span class='ocrx_word' id='word_1_179' title='bbox 408 2648 482 2712; x_wconf 80' lang='lat' dir='ltr'>ergo</span> <span class='ocrx_word' id='word_1_180' title='bbox 513 2637 561 2694; x_wconf 89' lang='lat' dir='ltr'>cst</span> <span class='ocrx_word' id='word_1_181' title='bbox 590 2629 620 2693; x_wconf 93' lang='lat' dir='ltr'>in</span> <span class='ocrx_word' id='word_1_182' title='bbox 652 2629 744 2694; x_wconf 74' lang='lat' dir='ltr'>donno</span> <span class='ocrx_word' id='word_1_183' title='bbox 779 2628 904 2706; x_wconf 88' lang='lat' dir='ltr'>domini,</span> <span class='ocrx_word' id='word_1_184' title='bbox 946 2629 1018 2712; x_wconf 90' lang='lat' dir='ltr'>quia</span> <span class='ocrx_word' id='word_1_185' title='bbox 1052 2628 1226 2694; x_wconf 89' lang='lat' dir='ltr'>benedictio</span> 
     </span>
     <span class='ocr_line' id='line_1_23' title="bbox 78 2730 1226 2818; baseline 0.004 -25"><span class='ocrx_word' id='word_1_186' title='bbox 78 2734 228 2798; x_wconf 86' lang='lat' dir='ltr'>stantium</span> <span class='ocrx_word' id='word_1_187' title='bbox 261 2733 383 2818; x_wconf 84' lang='lat' dir='ltr'>placeat</span> <span class='ocrx_word' id='word_1_188' title='bbox 412 2739 443 2798; x_wconf 91' lang='lat' dir='ltr'>et</span> <span class='ocrx_word' id='word_1_189' title='bbox 473 2733 621 2798; x_wconf 88' lang='lat' dir='ltr'>stantium</span> <span class='ocrx_word' id='word_1_190' title='bbox 651 2733 683 2797; x_wconf 91' lang='lat' dir='ltr'>iu</span> <span class='ocrx_word' id='word_1_191' title='bbox 713 2734 805 2797; x_wconf 92' lang='lat' dir='ltr'>domu</span> <span class='ocrx_word' id='word_1_192' title='bbox 836 2730 890 2796; x_wconf 89' lang='lat' dir='ltr'>ilia</span> <span class='ocrx_word' id='word_1_193' title='bbox 922 2741 1029 2798; x_wconf 89' lang='lat' dir='ltr'>sancta</span> <span class='ocrx_word' id='word_1_194' title='bbox 1059 2739 1090 2797; x_wconf 92' lang='lat' dir='ltr'>et</span> <span class='ocrx_word' id='word_1_195' title='bbox 1112 2732 1226 2798; x_wconf 84' lang='lat' dir='ltr'>caelesti</span> 
     </span>
     <span class='ocr_line' id='line_1_24' title="bbox 77 2833 1227 2922; baseline 0.003 -23"><span class='ocrx_word' id='word_1_196' title='bbox 77 2833 277 2902; x_wconf 81' lang='lat' dir='ltr'>Hierusalem</span> <span class='ocrx_word' id='word_1_197' title='bbox 316 2842 347 2902; x_wconf 93' lang='lat' dir='ltr'>et</span> <span class='ocrx_word' id='word_1_198' title='bbox 383 2836 563 2922; x_wconf 85' lang='lat' dir='ltr'>augelorum</span> <span class='ocrx_word' id='word_1_199' title='bbox 597 2836 817 2919; x_wconf 79' lang='lat' dir='ltr'>frequentium,</span> <span class='ocrx_word' id='word_1_200' title='bbox 856 2837 896 2901; x_wconf 89' lang='lat' dir='ltr'>ad</span> <span class='ocrx_word' id='word_1_201' title='bbox 930 2856 1023 2919; x_wconf 90' lang='lat' dir='ltr'>quarn</span> <span class='ocrx_word' id='word_1_202' title='bbox 1058 2857 1113 2918; x_wconf 83' lang='lat' dir='ltr'>pci·</span> <span class='ocrx_word' id='word_1_203' title='bbox 1147 2836 1227 2904; x_wconf 88' lang='lat' dir='ltr'>banc</span> 
     </span>
     <span class='ocr_line' id='line_1_25' title="bbox 76 2941 923 3007; baseline 0.002 -3"><span class='ocrx_word' id='word_1_204' title='bbox 76 2941 217 3006; x_wconf 72' lang='lat' dir='ltr'>ecclesiae</span> <span class='ocrx_word' id='word_1_205' title='bbox 242 2947 273 3006; x_wconf 90' lang='lat' dir='ltr'>et</span> <span class='ocrx_word' id='word_1_206' title='bbox 296 2947 464 3006; x_wconf 86' lang='lat' dir='ltr'>conuentus</span> <span class='ocrx_word' id='word_1_207' title='bbox 486 2941 583 3007; x_wconf 88' lang='lat' dir='ltr'>nostri</span> <span class='ocrx_word' id='word_1_208' title='bbox 607 2941 734 3006; x_wconf 89' lang='lat' dir='ltr'>domum</span> <span class='ocrx_word' id='word_1_209' title='bbox 757 2941 923 3006; x_wconf 81' lang='lat' dir='ltr'>scanditur.</span> 
     </span>
    </p>
   </div>
   <div class='ocr_carea' id='block_1_5' title="bbox 73 3096 1277 3388">
    <p class='ocr_par' dir='ltr' id='par_1_5' title="bbox 73 3096 1277 3388">
     <span class='ocr_line' id='line_1_26' title="bbox 116 3096 1277 3182; baseline 0 -20"><span class='ocrx_word' id='word_1_210' title='bbox 116 3097 145 3162; x_wconf 79' lang='lat'>3.</span> <span class='ocrx_word' id='word_1_211' title='bbox 170 3097 217 3162; x_wconf 83' lang='lat' dir='ltr'>Et</span> <span class='ocrx_word' id='word_1_212' title='bbox 240 3098 314 3182; x_wconf 89' lang='lat' dir='ltr'>quia</span> <span class='ocrx_word' id='word_1_213' title='bbox 335 3096 441 3178; x_wconf 88' lang='lat' dir='ltr'>plures</span> <span class='ocrx_word' id='word_1_214' title='bbox 471 3098 552 3178; x_wconf 90' lang='lat' dir='ltr'>apud</span> <span class='ocrx_word' id='word_1_215' title='bbox 574 3104 696 3177; x_wconf 86' lang='lat' dir='ltr'>patrem</span> <span class='ocrx_word' id='word_1_216' title='bbox 720 3098 897 3162; x_wconf 90' lang='lat' dir='ltr'>mansiones</span> <span class='ocrx_word' id='word_1_217' title='bbox 927 3104 1007 3175; x_wconf 87' lang='lat' dir='ltr'>suut,</span> <span class='ocrx_word' id='word_1_218' title='bbox 1040 3098 1225 3163; x_wconf 79' lang='lat' dir='ltr'>benedIcuut</span> <span class='ocrx_word' id='word_1_219' title='bbox 1252 3118 1277 3155; x_wconf 77' lang='lat' dir='ltr'>ao</span> 
     </span>
     <span class='ocr_line' id='line_1_27' title="bbox 75 3199 1227 3280; baseline 0.003 -17"><span class='ocrx_word' id='word_1_220' title='bbox 75 3199 240 3268; x_wconf 88' lang='lat' dir='ltr'>dominum</span> <span class='ocrx_word' id='word_1_221' title='bbox 263 3221 328 3266; x_wconf 94' lang='lat' dir='ltr'>nou</span> <span class='ocrx_word' id='word_1_222' title='bbox 351 3200 449 3267; x_wconf 90' lang='lat' dir='ltr'>solum</span> <span class='ocrx_word' id='word_1_223' title='bbox 473 3203 505 3266; x_wconf 94' lang='lat' dir='ltr'>in</span> <span class='ocrx_word' id='word_1_224' title='bbox 529 3203 622 3266; x_wconf 89' lang='lat' dir='ltr'>domo</span> <span class='ocrx_word' id='word_1_225' title='bbox 645 3206 772 3280; x_wconf 85' lang='lat' dir='ltr'>stantes,</span> <span class='ocrx_word' id='word_1_226' title='bbox 797 3203 853 3266; x_wconf 87' lang='lat' dir='ltr'>sed</span> <span class='ocrx_word' id='word_1_227' title='bbox 877 3202 968 3267; x_wconf 79' lang='lat' dir='ltr'>ettam</span> <span class='ocrx_word' id='word_1_228' title='bbox 992 3203 1024 3266; x_wconf 93' lang='lat' dir='ltr'>in</span> <span class='ocrx_word' id='word_1_229' title='bbox 1047 3203 1133 3266; x_wconf 87' lang='lat' dir='ltr'>atriis</span> <span class='ocrx_word' id='word_1_230' title='bbox 1154 3203 1227 3266; x_wconf 86' lang='lat' dir='ltr'>siue.</span> 
     </span>
     <span class='ocr_line' id='line_1_28' title="bbox 73 3305 1228 3388; baseline 0.003 -22"><span class='ocrx_word' id='word_1_231' title='bbox 73 3325 132 3369; x_wconf 93' lang='lat' dir='ltr'>non</span> <span class='ocrx_word' id='word_1_232' title='bbox 157 3307 265 3371; x_wconf 89' lang='lat' dir='ltr'>omnis</span> <span class='ocrx_word' id='word_1_233' title='bbox 288 3305 401 3370; x_wconf 89' lang='lat' dir='ltr'>domus</span> <span class='ocrx_word' id='word_1_234' title='bbox 423 3306 536 3371; x_wconf 87' lang='lat' dir='ltr'>atrium</span> <span class='ocrx_word' id='word_1_235' title='bbox 560 3312 617 3370; x_wconf 90' lang='lat' dir='ltr'>est.</span> <span class='ocrx_word' id='word_1_236' title='bbox 663 3308 774 3371; x_wconf 90' lang='lat' dir='ltr'>domus</span> <span class='ocrx_word' id='word_1_237' title='bbox 793 3311 841 3370; x_wconf 90' lang='lat' dir='ltr'>cst</span> <span class='ocrx_word' id='word_1_238' title='bbox 856 3305 958 3384; x_wconf 84' lang='lat' dir='ltr'>etiarn,</span> <span class='ocrx_word' id='word_1_239' title='bbox 976 3305 1127 3388; x_wconf 89' lang='lat' dir='ltr'>quidquid</span> <span class='ocrx_word' id='word_1_240' title='bbox 1143 3311 1228 3370; x_wconf 80' lang='lat' dir='ltr'>extra</span> 
     </span>
    </p>
   </div>
   <div class='ocr_carea' id='block_1_6' title="bbox 71 3521 1227 3679">
    <p class='ocr_par' dir='ltr' id='par_1_6' title="bbox 71 3521 1227 3679">
     <span class='ocr_line' id='line_1_29' title="bbox 114 3521 1227 3591; baseline 0.002 -16"><span class='ocrx_word' id='word_1_241' title='bbox 114 3522 346 3590; x_wconf 78' lang='lat' dir='ltr'>610h.VIII,b4.</span> <span class='ocrx_word' id='word_1_242' title='bbox 376 3525 408 3576; x_wconf 85' lang='lat'>17</span> <span class='ocrx_word' id='word_1_243' title='bbox 420 3523 463 3576; x_wconf 90' lang='lat' dir='ltr'>Ps.</span> <span class='ocrx_word' id='word_1_244' title='bbox 473 3524 598 3591; x_wconf 88' lang='lat' dir='ltr'>XXXIX,</span> <span class='ocrx_word' id='word_1_245' title='bbox 608 3525 633 3576; x_wconf 80' lang='lat'>3.</span> <span class='ocrx_word' id='word_1_246' title='bbox 665 3525 698 3579; x_wconf 87' lang='grc'>18</span> <span class='ocrx_word' id='word_1_247' title='bbox 709 3523 753 3577; x_wconf 87' lang='lat' dir='ltr'>Pa.</span> <span class='ocrx_word' id='word_1_248' title='bbox 763 3521 860 3590; x_wconf 91' lang='lat' dir='ltr'>XXVI,</span> <span class='ocrx_word' id='word_1_249' title='bbox 870 3523 894 3576; x_wconf 89' lang='lat'>6.</span> <span class='ocrx_word' id='word_1_250' title='bbox 926 3524 958 3576; x_wconf 88' lang='lat'>19</span> <span class='ocrx_word' id='word_1_251' title='bbox 970 3521 1058 3576; x_wconf 81' lang='lat' dir='ltr'>Excd.</span> <span class='ocrx_word' id='word_1_252' title='bbox 1069 3523 1191 3590; x_wconf 85' lang='lat' dir='ltr'>XXXIV,</span> <span class='ocrx_word' id='word_1_253' title='bbox 1201 3525 1227 3577; x_wconf 76' lang='lat' dir='ltr'>a.</span> 
     </span>
     <span class='ocr_line' id='line_1_30' title="bbox 71 3609 740 3679; baseline -0.003 -15"><span class='ocrx_word' id='word_1_254' title='bbox 71 3610 105 3664; x_wconf 68' lang='lat'>20</span> <span class='ocrx_word' id='word_1_255' title='bbox 122 3609 253 3664; x_wconf 86' lang='lat' dir='ltr'>Hiersm.</span> <span class='ocrx_word' id='word_1_256' title='bbox 271 3609 345 3679; x_wconf 78' lang='lat' dir='ltr'>XIV,</span> <span class='ocrx_word' id='word_1_257' title='bbox 366 3613 405 3665; x_wconf 89' lang='lat'>10.</span> <span class='ocrx_word' id='word_1_258' title='bbox 440 3611 476 3664; x_wconf 70' lang='grc'>26</span> <span class='ocrx_word' id='word_1_259' title='bbox 493 3610 528 3663; x_wconf 88' lang='lat' dir='ltr'>cI.</span> <span class='ocrx_word' id='word_1_260' title='bbox 547 3609 606 3664; x_wconf 90' lang='lat' dir='ltr'>Ioh.</span> <span class='ocrx_word' id='word_1_261' title='bbox 624 3609 697 3677; x_wconf 86' lang='lat' dir='ltr'>XIV,</span> <span class='ocrx_word' id='word_1_262' title='bbox 715 3613 740 3663; x_wconf 77' lang='grc'>2.</span> 
     </span>
    </p>
   </div>
   <div class='ocr_carea' id='block_1_7' title="bbox 71 3783 1234 4222">
    <p class='ocr_par' dir='ltr' id='par_1_7' title="bbox 71 3783 1234 4222">
     <span class='ocr_line' id='line_1_31' title="bbox 113 3783 1230 3852; baseline -0.002 -14"><span class='ocrx_word' id='word_1_263' title='bbox 113 3783 354 3839; x_wconf 84' lang='lat' dir='ltr'>4benediotionc</span> <span class='ocrx_word' id='word_1_264' title='bbox 380 3800 451 3852; x_wconf 87' lang='lat' dir='ltr'>quae</span> <span class='ocrx_word' id='word_1_265' title='bbox 479 3799 508 3836; x_wconf 87' lang='lat' dir='ltr'>se</span> <span class='ocrx_word' id='word_1_266' title='bbox 526 3783 554 3835; x_wconf 88' lang='lat' dir='ltr'><em>P</em></span> <span class='ocrx_word' id='word_1_267' title='bbox 603 3786 720 3837; x_wconf 70' lang='lat' dir='ltr'>bseruo</span> <span class='ocrx_word' id='word_1_268' title='bbox 743 3801 815 3852; x_wconf 82' lang='lat' dir='ltr'>supr.</span> <span class='ocrx_word' id='word_1_269' title='bbox 833 3800 881 3836; x_wconf 84' lang='lat' dir='ltr'>scr.</span> <span class='ocrx_word' id='word_1_270' title='bbox 900 3801 932 3836; x_wconf 85' lang='lat' dir='ltr'>m.</span> <span class='ocrx_word' id='word_1_271' title='bbox 952 3783 967 3834; x_wconf 91' lang='lat'><em>1</em></span> <span class='ocrx_word' id='word_1_272' title='bbox 987 3783 1013 3835; x_wconf 91' lang='grc' dir='ltr'><em>Ρ</em></span> <span class='ocrx_word' id='word_1_273' title='bbox 1065 3785 1098 3838; x_wconf 89' lang='grc'>10</span> <span class='ocrx_word' id='word_1_274' title='bbox 1115 3789 1230 3836; x_wconf 86' lang='lat' dir='ltr'>cuncta·</span> 
     </span>
     <span class='ocr_line' id='line_1_32' title="bbox 71 3867 1229 3925; baseline -0.001 -2"><span class='ocrx_word' id='word_1_275' title='bbox 71 3867 153 3925; x_wconf 72' lang='lat' dir='ltr'>buut‘</span> <span class='ocrx_word' id='word_1_276' title='bbox 180 3872 211 3925; x_wconf 91' lang='lat' dir='ltr'><strong><em>P</em></strong></span> <span class='ocrx_word' id='word_1_277' title='bbox 266 3868 382 3925; x_wconf 79' lang='lat' dir='ltr'>lifidci</span> <span class='ocrx_word' id='word_1_278' title='bbox 410 3874 494 3924; x_wconf 87' lang='lat' dir='ltr'>uento</span> <span class='ocrx_word' id='word_1_279' title='bbox 523 3870 588 3922; x_wconf 72' lang='lat' dir='ltr'>Pro</span> <span class='ocrx_word' id='word_1_280' title='bbox 615 3869 682 3924; x_wconf 88' lang='lat' dir='ltr'>fidei</span> <span class='ocrx_word' id='word_1_281' title='bbox 708 3875 805 3924; x_wconf 89' lang='lat' dir='ltr'>uotoa</span> <span class='ocrx_word' id='word_1_282' title='bbox 858 3870 887 3922; x_wconf 91' lang='lat' dir='ltr'>iu</span> <span class='ocrx_word' id='word_1_283' title='bbox 914 3869 1106 3924; x_wconf 72' lang='lat' dir='ltr'>recordatione</span> <span class='ocrx_word' id='word_1_284' title='bbox 1136 3871 1173 3923; x_wconf 84' lang='lat' dir='ltr'>Te</span> <span class='ocrx_word' id='word_1_285' title='bbox 1200 3870 1229 3923; x_wconf 89' lang='lat' dir='ltr'>in</span> 
     </span>
     <span class='ocr_line' id='line_1_33' title="bbox 72 3955 1232 4027; baseline 0 -19"><span class='ocrx_word' id='word_1_286' title='bbox 72 3957 273 4012; x_wconf 76' lang='lat' dir='ltr'>recordatione</span> <span class='ocrx_word' id='word_1_287' title='bbox 291 3957 332 4010; x_wconf 87' lang='lat' dir='ltr'>Pb</span> <span class='ocrx_word' id='word_1_288' title='bbox 386 3958 419 4011; x_wconf 81' lang='lat'>15</span> <span class='ocrx_word' id='word_1_289' title='bbox 436 3957 535 4010; x_wconf 89' lang='lat' dir='ltr'>domus</span> <span class='ocrx_word' id='word_1_290' title='bbox 553 3956 604 4010; x_wconf 79' lang='lat' dir='ltr'>diii</span> <span class='ocrx_word' id='word_1_291' title='bbox 621 3956 673 4009; x_wconf 82' lang='lat' dir='ltr'>PT</span> <span class='ocrx_word' id='word_1_292' title='bbox 688 3958 724 4024; x_wconf 81' lang='lat' dir='ltr'>cf.</span> <span class='ocrx_word' id='word_1_293' title='bbox 739 3955 847 4027; x_wconf 58' lang='lat' dir='ltr'>octa,</span> <span class='ocrx_word' id='word_1_294' title='bbox 865 3956 899 4008; x_wconf 86' lang='lat'>11</span> <span class='ocrx_word' id='word_1_295' title='bbox 917 3955 1014 4009; x_wconf 88' lang='lat' dir='ltr'>domus</span> <span class='ocrx_word' id='word_1_296' title='bbox 1034 3956 1078 4010; x_wconf 90' lang='lat' dir='ltr'>dei</span> <span class='ocrx_word' id='word_1_297' title='bbox 1097 3956 1184 4010; x_wconf 89' lang='lat' dir='ltr'>nostri</span> <span class='ocrx_word' id='word_1_298' title='bbox 1204 3957 1232 4008; x_wconf 86' lang='lat' dir='ltr'><em>E</em></span> 
     </span>
     <span class='ocr_line' id='line_1_34' title="bbox 73 4043 1230 4114; baseline -0.001 -17"><span class='ocrx_word' id='word_1_299' title='bbox 73 4047 104 4097; x_wconf 91' lang='grc'>16</span> <span class='ocrx_word' id='word_1_300' title='bbox 122 4046 151 4099; x_wconf 77' lang='lat' dir='ltr'>ia</span> <span class='ocrx_word' id='word_1_301' title='bbox 180 4043 302 4099; x_wconf 84' lang='lat' dir='ltr'>audebit</span> <span class='ocrx_word' id='word_1_302' title='bbox 329 4045 411 4098; x_wconf 88' lang='lat' dir='ltr'>beata</span> <span class='ocrx_word' id='word_1_303' title='bbox 437 4043 487 4096; x_wconf 93' lang='lat' dir='ltr'>illa</span> <span class='ocrx_word' id='word_1_304' title='bbox 514 4043 667 4112; x_wconf 85' lang='lat' dir='ltr'>prophetae</span> <span class='ocrx_word' id='word_1_305' title='bbox 694 4059 762 4096; x_wconf 88' lang='lat' dir='ltr'>uoce</span> <span class='ocrx_word' id='word_1_306' title='bbox 790 4044 849 4096; x_wconf 70' lang='lat' dir='ltr'>(lein</span> <span class='ocrx_word' id='word_1_307' title='bbox 875 4044 960 4114; x_wconf 75' lang='lat' dir='ltr'>specto</span> <span class='ocrx_word' id='word_1_308' title='bbox 986 4045 1062 4096; x_wconf 69' lang='lat' dir='ltr'>utrius</span> <span class='ocrx_word' id='word_1_309' title='bbox 1087 4044 1230 4096; x_wconf 75' lang='lat' dir='ltr'>carticino</span> 
     </span>
     <span class='ocr_line' id='line_1_35' title="bbox 71 4129 1234 4222; baseline -0.003 -18"><span class='ocrx_word' id='word_1_310' title='bbox 71 4151 207 4222; x_wconf 54' lang='lat' dir='ltr'>sennem</span> <span class='ocrx_word' id='word_1_311' title='bbox 241 4149 331 4202; x_wconf 67' lang='lat' dir='ltr'>rareto</span> <span class='ocrx_word' id='word_1_312' title='bbox 360 4150 387 4201; x_wconf 76' lang='lat' dir='ltr'><strong>u</strong></span> <span class='ocrx_word' id='word_1_313' title='bbox 417 4166 499 4218; x_wconf 62' lang='lat' dir='ltr'>maru</span> <span class='ocrx_word' id='word_1_314' title='bbox 529 4150 688 4219; x_wconf 58' lang='lat' dir='ltr'>uterorum</span> <span class='ocrx_word' id='word_1_315' title='bbox 720 4147 812 4202; x_wconf 62' lang='lat' dir='ltr'>crore</span> <span class='ocrx_word' id='word_1_316' title='bbox 840 4147 865 4199; x_wconf 84' lang='lat' dir='ltr'>r</span> <span class='ocrx_word' id='word_1_317' title='bbox 929 4148 963 4202; x_wconf 87' lang='lat'>19</span> <span class='ocrx_word' id='word_1_318' title='bbox 981 4145 1026 4201; x_wconf 86' lang='lat' dir='ltr'>dic</span> <span class='ocrx_word' id='word_1_319' title='bbox 1056 4129 1105 4202; x_wconf 72' lang='lat' dir='ltr'>aui</span> <span class='ocrx_word' id='word_1_320' title='bbox 1134 4151 1176 4202; x_wconf 72' lang='lat' dir='ltr'>su</span> <span class='ocrx_word' id='word_1_321' title='bbox 1206 4148 1234 4200; x_wconf 83' lang='lat' dir='ltr'>r&gt;</span> 
     </span>
    </p>
   </div>
   <div class='ocr_carea' id='block_1_8' title="bbox 150 4230 437 4276">
    <p class='ocr_par' dir='ltr' id='par_1_8' title="bbox 150 4230 437 4276">
     <span class='ocr_line' id='line_1_36' title="bbox 150 4230 437 4276; baseline -0.007 0"><span class='ocrx_word' id='word_1_322' title='bbox 150 4247 166 4276; x_wconf 80' lang='lat' dir='ltr'>a</span> <span class='ocrx_word' id='word_1_323' title='bbox 331 4243 361 4274; x_wconf 81' lang='lat' dir='ltr'>na</span> <span class='ocrx_word' id='word_1_324' title='bbox 374 4230 437 4275; x_wconf 72' lang='lat' dir='ltr'>strui</span> 
     </span>
    </p>
   </div>
   <div class='ocr_carea' id='block_1_9' title="bbox 71 4285 1074 4444">
    <p class='ocr_par' dir='ltr' id='par_1_9' title="bbox 71 4285 1074 4444">
     <span class='ocr_line' id='line_1_37' title="bbox 71 4285 864 4358; baseline -0.004 -17"><span class='ocrx_word' id='word_1_325' title='bbox 71 4291 104 4343; x_wconf 78' lang='lat' dir='ltr'>al</span> <span class='ocrx_word' id='word_1_326' title='bbox 124 4304 190 4358; x_wconf 65' lang='grc' dir='ltr'>(ΓΞ</span> <span class='ocrx_word' id='word_1_327' title='bbox 210 4287 387 4343; x_wconf 82' lang='lat' dir='ltr'>benedictio:</span> <span class='ocrx_word' id='word_1_328' title='bbox 405 4288 510 4342; x_wconf 82' lang='lat' dir='ltr'>stantid</span> <span class='ocrx_word' id='word_1_329' title='bbox 530 4288 555 4340; x_wconf 89' lang='lat' dir='ltr'><em>P</em></span> <span class='ocrx_word' id='word_1_330' title='bbox 606 4289 640 4342; x_wconf 72' lang='lat'>23</span> <span class='ocrx_word' id='word_1_331' title='bbox 656 4285 814 4354; x_wconf 84' lang='lat' dir='ltr'>frequentia</span> <span class='ocrx_word' id='word_1_332' title='bbox 834 4287 864 4339; x_wconf 90' lang='lat' dir='ltr'>T.</span> 
     </span>
     <span class='ocr_line' id='line_1_38' title="bbox 1021 4391 1074 4444; baseline 0.038 -2"><span class='ocrx_word' id='word_1_333' title='bbox 1021 4391 1074 4444; x_wconf 77' lang='lat' dir='ltr'>tt*</span> 
     </span>
    </p>
   </div>
   <div class='ocr_carea' id='block_1_10' title="bbox 0 0 1542 4967">
    <p class='ocr_par' dir='ltr' id='par_1_10' title="bbox 0 0 1542 4967">
     <span class='ocr_line' id='line_1_39' title="bbox 0 0 1542 4967; baseline 0 7"><span class='ocrx_word' id='word_1_334' title='bbox 0 0 1542 4967; x_wconf 95' lang='lat' dir='ltr'> </span> 
     </span>
    </p>
   </div>
  </div>
 </body>
</html>
