3075 4967
312 273 375 338 276
656 274 772 327 sancti
791 273 926 327 Hilarii
945 272 1108 342 episcopi

311 470 498 542 numeratur,
521 483 592 528 cnm
615 460 726 527 dicitur
749 482 806 543 par
827 461 969 527 Esaiam:
1004 469 1042 526 et
1065 461 1246 543 repleuit
1269 483 1350 528 eum
1372 465 1440 544 spi·
1531 479 1532 502 ³

311 568 417 632 ritus
440 567 600 632 timoris
623 566 696 631 dei.
741 572 773 631 et
794 585 850 646 per
874 565 1087 632 Salomonem:
1110 567 1273 632 initium
1296 567 1441 647 sapien·
1531 595 1532 600 ¹

312 672 375 736 tiae
399 671 520 736 timor
544 671 695 736 domini
719 677 786 736 est
833 671 951 742 beatus,
974 671 1023 736 cui
1047 671 1223 751 prouenerit
1253 671 1360 736 timere
1387 691 1440 736 non

311 795 349 840 ex
379 782 495 839 natura
528 773 671 838 humanae
704 774 915 854 trepidatione,
950 775 1004 838 sed
1039 795 1077 839 ex
1112 774 1286 857 cognitione
1315 775 1440 839 rationis.

271 908 284 944 a
311 879 363 962 qui
388 878 471 942 enirn
494 897 532 942 ex
553 876 732 942 infirmitate
747 877 778 941 in
795 878 887 942 rebus
908 877 1036 957 trepidis
1053 877 1171 954 metuit,
1195 876 1247 943 hie
1261 879 1293 942 in
1309 879 1442 944 secundis

310 982 401 1047 rebus
431 1001 554 1046 mrsnm
587 1002 625 1046 ex
654 988 771 1046 naturae
800 981 874 1046 uitio
905 979 1068 1046 insolescit.
1115 987 1146 1045 at
1176 981 1230 1064 qui
1260 1001 1297 1046 ex
1326 981 1444 1046 seientia

310 1087 407 1164 timet,
423 1104 548 1166 semper
563 1085 652 1150 timet
665 1104 767 1168 neque
783 1086 885 1150 minus
897 1086 1034 1150 secunda
1046 1105 1141 1168 quam
1155 1086 1287 1150 eduense
1297 1084 1441 1150 formidat.

310 1191 405 1255 sumit
434 1190 529 1274 igitur
561 1188 713 1272 originem
742 1188 893 1270 sapientia
924 1209 961 1253 ex
991 1188 1102 1254 timore
1132 1209 1182 1254 res
1211 1187 1301 1254 utiles
1324 1207 1360 1253 ac
1381 1208 1444 1269 pro·

310 1293 429 1359 babilon
452 1293 641 1375 exequenda,
671 1313 741 1377 quae
771 1293 902 1373 propriae
924 1291 1157 1376 peculiaresque
1191 1291 1349 1372 sapientia
1372 1304 1443 1356 sunt

259 1426 284 1462 ιο
310 1397 392 1463 hunc
415 1418 490 1482 ergo
514 1400 562 1463 dei
585 1399 728 1464 timorem
751 1397 895 1463 omnibus
926 1406 1015 1463 terres
1046 1397 1159 1462 finibus
1190 1397 1339 1479 propheta
1353 1403 1445 1478 ¹optat,

310 1507 344 1565 ut
366 1500 449 1566 nulla
471 1522 549 1586 gens
572 1510 687 1567 terram
717 1501 855 1566 incolens
886 1510 971 1566 extra
1001 1507 1116 1566 metum
1147 1501 1212 1566 eius
1235 1502 1283 1576 sit
1317 1499 1446 1581 apostolo

310 1606 372 1669 uoti
395 1605 492 1687 ipsius
515 1626 670 1672 summam
695 1604 874 1686 explicante,
898 1624 967 1670 eum
984 1604 1073 1670 dicit:
1098 1611 1136 1670 et
1157 1604 1287 1670 omnis
1311 1604 1446 1689 lingua

312 1710 572 1792 confiteatur,
596 1711 690 1793 quia
712 1709 898 1774 dominns
922 1709 1037 1774 lesus
1068 1709 1106 1773 in
1138 1707 1272 1793 gloria
1306 1713 1368 1774 est
1389 1706 1445 1772 dei

312 1813 452 1892 patrie,
476 1814 529 1896 qui
551 1819 598 1878 est
621 1814 802 1879 benedictus
825 1815 857 1878 iu
880 1812 992 1878 saecnls
1015 1811 1204 1878 saeculorum.
1249 1833 1349 1878 amen.

263 1995 287 2033 ω
717 1958 901 2042 l'SdLllUS
929 1958 1049 2039 invit.

516 2102 559 2168 ln
583 2102 704 2168 finem
729 2102 910 2184 psalmus
934 2103 1088 2168 cantici
1112 2103 1254 2168 Dauid.

354 2224 536 2309 Exurgat
569 2227 675 2298 dens,
711 2231 749 2290 et
783 2225 1078 2309 dispargantur
1111 2223 1272 2289 inimici
1307 2223 1395 2289 eius
1423 2227 1449 2286 et
1531 2223 1532 2250 l

311 2328 438 2412 reliqua.

357 2450 384 2513 1.
408 2448 551 2514 Psalmns
575 2468 634 2514 non
656 2469 674 2513 e
698 2449 807 2530 Dauid,
830 2448 886 2514 sed
909 2449 974 2514 illi
999 2449 1128 2514 Dauid
1159 2450 1197 2512 in
1228 2449 1354 2514 finem
1378 2468 1450 2529 pra-

260 2583 286 2621 a
313 2553 464 2618 scribitur.
521 2553 633 2618 deinde
666 2572 727 2617 non
761 2553 915 2618 canticum
948 2552 1068 2635 psalmi,
1103 2555 1159 2618 sed
1194 2553 1375 2634 psalmus
1408 2561 1451 2616 est

312 2656 472 2730 cantici,
495 2663 529 2721 ut
551 2657 581 2720 iu
606 2675 641 2721 eo
664 2657 847 2741 cognitionis
871 2663 901 2722 et
924 2657 1061 2722 scientiae
1085 2657 1271 2738 prophetica
1287 2655 1451 2722 enuntiatio

312 2760 478 2825 doceretur.
524 2768 571 2825 est
593 2767 695 2825 autern
717 2761 785 2841 ipse
800 2768 880 2825 totus
897 2760 1096 2826 sacramentis
1113 2759 1193 2844 legis
1209 2759 1452 2844 euangeliorum·
1531 2777 1532 2780 ’

313 2883 373 2947 que
415 2869 573 2929 contextus
614 2883 790 2948 magnaque
831 2869 861 2930 et
898 2885 934 2929 ex
978 2865 1143 2944 preteritis
1187 2873 1218 2929 et
1263 2885 1298 2929 ex
1346 2863 1453 2929 bituris

358 3042 371 3092 l
391 3037 466 3092 Esai.
485 3039 531 3106 XI,
549 3041 573 3093 3.
609 3039 723 3092 2Prov.
742 3039 763 3105 l,
782 3041 806 3091 7.
844 3041 877 3093 12
895 3038 965 3093 Phil.
984 3040 1018 3106 II,
1038 3041 1078 3092 ll.

357 3179 369 3230 l
389 3182 552 3231 numeratur
569 3196 640 3247 supr.
658 3195 707 3230 scr.
726 3195 758 3230 m.
779 3177 795 3229 1
813 3178 839 3231 R
856 3183 1038 3231 numerantur
1062 3177 1086 3231 V
1137 3177 1238 3232 eseiam
1261 3177 1287 3232 V
1304 3176 1407 3231 esaiam
1425 3193 1453 3227 er

312 3265 413 3318 eseiam
423 3262 461 3317 R¹
478 3264 611 3318 isaiamT
656 3264 813 3332 replebitT
858 3265 995 3333 spirituli
1040 3265 1286 3318 2solomonemV
1335 3264 1453 3318 ecimor

311 3369 366 3404 non
384 3367 419 3404 ex
443 3351 468 3404 V
516 3351 580 3405 bin
607 3351 750 3405 caecandis
768 3353 794 3404 R
847 3355 997 3406 ducturae
1016 3369 1046 3404 ea
1063 3357 1163 3405 natura
1181 3349 1254 3403 rra?
1277 3351 1303 3404 V
1353 3350 1388 3404 ad
1406 3348 1450 3416 qui

317 3437 365 3490 VR
418 3439 519 3491 'linter
537 3438 617 3491 timet
635 3448 658 3491 et
675 3453 784 3506 semper
802 3457 833 3491 m.
854 3437 873 3490 9
897 3438 991 3508 Vsap.
1003 3440 1045 3490 lia.
1056 3440 1116 3491 odd.
1127 3440 1155 3490 et
1208 3435 1453 3506 SsapientiaePT

313 3526 345 3577 12
365 3525 445 3578 istius
459 3523 509 3579 VP
552 3541 659 3577 summa
669 3525 695 3576 P
744 3524 869 3592 Explicit
877 3525 1001 3593 psalmus
1010 3523 1099 3578 LXVI
1112 3525 1213 3593 incipit
1221 3525 1343 3592 plalmus
1354 3521 1451 3578 LXVll

311 3611 432 3665 feliciter
454 3611 481 3665 V
500 3611 577 3664 Finit
594 3611 717 3679 psalmus
741 3609 830 3664 LXVI
857 3611 956 3679 incipit
981 3610 1104 3679 psalmus
1130 3610 1232 3665 LXVII
1251 3611 1305 3664 ΗΡ
1320 3609 1402 3678 Expl.
1420 3608 1452 3662 de

311 3699 417 3766 psalmo
435 3696 524 3751 LXVI
545 3698 629 3766 incip.
645 3697 679 3750 de
691 3697 831 3751 LXVIIT
885 3699 916 3752 16
936 3699 964 3750 in
983 3697 1037 3751 fine
1056 3698 1084 3764 V,
1103 3700 1130 3751 in
1149 3699 1175 3752 R
1192 3700 1215 3752 Ιι.
1234 3700 1250 3750 l.
1270 3699 1454 3769 superscriptio

312 3787 379 3837 ‹leest
433 3786 465 3837 17
484 3784 680 3852 dispargantur
693 3785 761 3853 ch.
777 3785 943 3848 Sobatierll,
959 3783 1012 3838 130
1025 3785 1195 3853 dissipentur
1208 3785 1233 3838 R
1289 3788 1322 3840 19
1338 3801 1356 3837 a
1364 3791 1453 3855 posteo

312 3889 377 3923 eros.
397 3871 423 3923 R
441 3869 476 3923 ad
500 3871 525 3923 V
574 3870 622 3924 sed
639 3899 674 3907 —-
691 3871 782 3925 Dauid
810 3889 858 3924 om.
883 3871 909 3925 V
957 3871 986 3924 in
1013 3871 1068 3925 fine
1092 3871 1168 3926 VRP
1218 3873 1252 3924 20
1270 3873 1409 3940 psalmum
1433 3869 1454 3920 V

312 3957 343 4008 21
364 3957 466 4010 cantici
493 3975 524 4011 ea
550 3957 667 4011 canticio
691 3956 725 4011 V¹
779 3957 928 4026 prolatione
953 3959 1001 4011 VR
1053 3957 1212 4011 enunciatio
1238 3958 1291 4011 ΕΤ
1341 3960 1377 4011 22
1395 3957 1452 4025 ipse

312 4049 387 4096 totus
405 4042 492 4108 (totus
511 4063 541 4097 ea
557 4049 635 4097 tutus
653 4043 689 4110 R)
708 4045 748 4096 Re
774 4049 849 4097 totns
876 4045 935 4112 ipse
963 4063 992 4098 ea
1018 4048 1093 4098 totus
1120 4045 1180 4113 ipse
1207 4049 1283 4098 totus
1311 4047 1369 4114 ipse
1387 4061 1452 4098 corr.

313 4147 345 4182 m.
370 4129 390 4182 2
413 4129 528 4184 Vtotns
546 4131 604 4198 ipse
623 4131 687 4183 m
749 4131 1030 4198 euuangeliorumque
1054 4131 1103 4184 VR
1164 4133 1198 4185 23
1222 4149 1349 4200 magnaq.
1375 4145 1410 4185 ex
1433 4128 1455 4181 V

312 4219 371 4304 etex
387 4251 488 4304 suturis
507 4253 540 4305 R.
