3075 4967
386 304 566 352 tractatus
585 299 620 351 in
639 299 810 368 psalmum
830 300 963 354 cxxxn.
1180 300 1243 366 689

147 493 171 555 d.
196 491 330 557 Additur
364 490 457 556 etium
491 496 520 553 et
554 487 678 554 ulterius
701 489 929 570 cooperationis
960 492 1138 574 exaequatio,
1171 510 1241 556 cum

111 597 224 661 dicitur:
260 597 366 660 sicut
395 614 462 658 ros
486 593 668 671 Hermon,
700 593 767 676 qui
800 594 1018 658 descendit
1046 596 1087 680 ¹in
1110 602 1243 660 moute

110 700 204 765 Sion.
250 720 299 764 ros
322 700 361 764 ab
378 698 515 763 Hermon
533 699 564 762 in
580 698 653 762 Sion
669 718 731 762 nou
747 697 929 776 descendet;
952 698 1049 763 multo
1070 699 1153 764 enim
1172 720 1191 763 a
1209 720 1243 764 se

108 804 258 868 interucito
274 803 308 869 hi
319 816 440 868 montes
453 803 569 868 diuersi
585 809 664 868 sunt.
710 822 812 886 neque
828 821 902 867 seue
915 809 1024 868 nature
1037 803 1105 880 sert,
1118 809 1213 868 utros
1226 825 1244 868 u

108 908 165 972 loco
175 910 208 974 in
221 908 319 973 locum
330 907 519 973 descendere
532 927 624 988 posse
635 907 786 972 uideatur.
811 905 883 970 Sion
896 918 999 971 eutem
1013 913 1061 973 est
1073 909 1241 973 secuudum
1283 935 1295 972 s

107 1013 269 1077 doctrinam
291 1010 448 1078 eaelestem
472 1011 611 1090 ecclesie,
641 1010 689 1076 uel
720 1032 790 1095 ques
822 1030 901 1076 nunc
933 1017 989 1089 est,
1017 1011 1066 1076 uel
1090 1031 1160 1095 quae
1184 1014 1243 1077 erit

106 1125 283 1194 uncorum,
306 1136 374 1200 quae
397 1136 453 1196 per
475 1116 728 1181 resurrectionem
753 1113 995 1199 glorificatorum
1019 1114 1241 1182 et-leetentium

105 1220 278 1304 angelorum
312 1225 395 1286 coetu
428 1219 652 1302 frequentetur.
696 1217 835 1283 Hermon
870 1225 973 1284 eutem
1007 1239 1097 1284 muns
1130 1226 1178 1284 est
1212 1221 1242 1284 in

104 1323 254 1394 Phoenice.
278 1323 367 1390 cuius
389 1324 600 1404 interpretotio
616 1323 860 1402 anathemasse
884 1325 966 1406 quod
983 1324 1065 1388 enim
1081 1323 1242 1389 uobiscum

104 1428 267 1494 anathema
301 1434 502 1508 nuncupatur,
533 1428 564 1491 id
595 1425 740 1491 hebreice
771 1427 944 1492 Hermon
979 1427 1097 1492 dicitur.
1144 1427 1243 1493 fertur
1272 1453 1295 1490 u

102 1538 198 1598 eutem
224 1532 264 1607 id,
288 1534 410 1615 dequo
434 1532 526 1596 etiem
550 1531 763 1596 nesciocuius
794 1529 872 1596 liber
905 1536 997 1608 extet,
1029 1531 1110 1615 quod
1140 1531 1242 1612 angeli

102 1638 348 1722 concupiscentes
371 1636 451 1699 filies
475 1634 646 1714 homiuum,
678 1655 746 1699 cum
780 1635 818 1700 de
848 1634 923 1700 caelo
953 1636 1187 1714 descenderent,
1210 1637 1242 1700 in

101 1738 178 1806 hunc
202 1745 341 1805 montem
364 1739 499 1804 menime
522 1737 677 1804 excelsum
702 1738 910 1804 conuenerint.
956 1742 1011 1804 sed
1032 1738 1100 1804 haec
1115 1745 1242 1819 preter-

101 1845 266 1908 mittsmus.
312 1863 380 1926 qum
403 1843 485 1908 enim
509 1841 588 1906 libro
611 1841 690 1926 legis
713 1862 774 1906 nou
798 1843 1002 1920 continentur,
1026 1863 1063 1908 ec
1077 1863 1135 1908 nec
1153 1863 1243 1908 nosse

100 1948 264 2013 debemus:
288 1953 531 2012 commemorota
555 1951 658 2011 eutem
681 1948 721 2011 ob
744 1948 773 2010 id
798 1953 916 2011 tentum
941 1953 1020 2022 sunt,
1044 1949 1117 2031 quie
1132 1967 1187 2013 nos
1203 1948 1242 2013 de
1273 1972 1295 2010 u

98 2049 154 2116 hoc
189 2059 299 2117 monte
329 2053 378 2116 dei
408 2071 463 2132 per
493 2051 676 2133 prophetem
706 2051 857 2132 professio
887 2053 1112 2116 commouebut.
1158 2059 1242 2118 certe

97 2153 188 2221 hodie
225 2162 335 2238 gentes
369 2161 509 2221 montem
543 2154 626 2219 huuc
658 2157 788 2236 proteus
821 2154 970 2240 reiigione
1004 2163 1189 2222 uenerantur
1213 2163 1243 2222 et

97 2261 381 2342 interpretationem
415 2260 550 2324 nominis
583 2261 639 2336 sui,
674 2260 757 2342 quod
793 2265 840 2324 est
873 2258 1047 2337 anathemo,
1085 2262 1153 2342 ipse
1190 2259 1242 2324 iliu

96 2365 198 2444 impiae
224 2364 450 2444 superstitionis
473 2365 547 2428 sede
569 2369 731 2428 testentur.

137 2468 165 2530 7.
188 2468 256 2533 Ros
278 2487 352 2532 uero
383 2470 422 2533 de
452 2467 536 2532 eaelis
566 2474 622 2550 est,
654 2473 685 2531 et
714 2468 795 2532 iuter
826 2469 1074 2533 benedictionum
1109 2488 1240 2534 munere
1266 2491 1292 2530 uo

94 2573 190 2653 opteri
216 2592 290 2636 eum
312 2571 520 2650 meminimus,
545 2591 617 2637 cum
640 2571 729 2636 Isaac
753 2572 792 2635 ud
818 2571 911 2636 Iacob
934 2573 990 2636 eit:
1015 2579 1052 2637 et
1075 2572 1141 2637 det
1164 2573 1240 2638 tibi

94 2677 333 2742 deuserore
357 2674 444 2740 oaeli
461 2675 766 2741 etobubertote
783 2683 902 2740 terrm
923 2676 1238 2742 multitudinem,

93 2799 167 2865 ergo
191 2781 268 2864 quie
290 2799 419 2844 munere
442 2788 472 2844 et
495 2781 726 2845 benedictiones
749 2780 809 2853 dei,
834 2779 945 2863 quibus
969 2783 1103 2862 primum
1128 2782 1239 2858 omnio,

91 2905 161 2949 cum
193 2891 300 2950 creste
330 2871 367 2949 et¹
382 2883 464 2950 fucta
494 2889 574 2961 suut,
605 2884 773 2966 benedixit,
800 2891 905 2964 postes
937 2903 1010 2950 uero
1045 2905 1082 2951 er
1113 2891 1239 2966 peccato

93 2989 170 3054 Adae
195 2991 229 3053 in
252 2988 448 3053 euuthemete
473 2989 683 3064 constiterunt,
714 3001 839 3072 gratum
872 2989 929 3053 deo
961 2995 1015 3068 est,
1047 3009 1083 3054 eu
1116 3009 1237 3055 rursum
1266 3011 1291 3049 ce

91 3093 121 3157 iu
145 3092 401 3159 sanctificationis
424 3094 534 3158 sedem
568 3093 669 3158 redire
693 3100 784 3176 etque
816 3092 1012 3158 descendere.
1058 3093 1238 3159 benedictus

132 3218 166 3270 er
188 3215 260 3270 oen.
271 3197 391 3282 {xxvii
408 3217 451 3268 ee.

134 3324 147 3372 l
168 3320 292 3373 addetur
312 3319 338 3371 G
389 3321 407 3372 2
433 3317 464 3373 in
489 3323 584 3372 monte
614 3319 639 3370 (ι’
665 3319 714 3386 (cs.
739 3320 859 3372 Subutier
877 3321 894 3371 l.
912 3317 947 3384 c.)
966 3319 996 3372 in
1014 3325 1135 3373 montem
1164 3319 1242 3372 PTE

88 3406 279 3460 bdesoendet
298 3406 323 3458 G
341 3405 485 3460 deseendit
498 3405 577 3458 PTE
626 3405 766 3459 ddiuersi
783 3407 808 3458 P
824 3405 896 3460 diust
909 3406 935 3457 T
946 3405 1028 3458 diuisi
1040 3407 1084 3459 rE
1135 3406 1191 3460 fert
1209 3410 1241 3460 ut

88 3491 278 3560 rEierturii)
291 3493 512 3547 Gserretucr'r
564 3511 609 3546 roe
629 3493 722 3546 Virri
739 3511 789 3546 uos
808 3492 887 3560 (Μ
941 3491 1142 3546 ὅᾱοεοοηάθτθ
1161 3509 1240 3562 posse

89 3580 224 3634 uideatur
242 3600 257 3632 r
275 3595 420 3632 *cessure
438 3597 518 3648 posse
537 3597 665 3631 *ecesse*
686 3581 711 3633 G
729 3580 880 3633 descendat
899 3579 978 3632 VI’E
988 3589 1080 3650 postea
1098 3583 1126 3632 in
1147 3581 1171 3632 G
1190 3582 1243 3649 leui

84 3677 186 3736 potest:
198 3694 306 3703 -——
318 3672 346 3719 et
359 3667 433 3735 quod
446 3672 489 3720 est
501 3667 592 3736 potius
606 3695 612 3700 -
655 3695 674 3700 —
690 3695 704 3701 -
715 3666 835 3721 cundum
846 3667 1008 3720 doctrinam.
1020 3669 1145 3735 quaedum
1157 3669 1186 3719 in
1194 3678 1240 3720 cet.

88 3755 146 3808 libr.
156 3756 283 3807 excidisse
292 3755 419 3807 cudentur.
464 3753 635 3808 bnobiucum
644 3752 723 3818 (cum
732 3757 759 3808 in
768 3773 821 3808 ren.
831 3752 868 3818 P)
882 3753 990 3805 GPTab
1000 3753 1101 3806 uobis·
1150 3755 1183 3808 10
1192 3754 1241 3807 he·

85 3843 181 3896 breis-e
194 3845 222 3893 G
231 3840 361 3894 hebraice
370 3849 423 3908 cet,
439 3841 474 3910 cs.
487 3840 581 3909 Georq.
593 3841 653 3894 ree.
666 3841 689 3906 1,
706 3840 782 3894 2795
854 3843 886 3896 13
902 3847 1006 3894 scetem
1020 3845 1164 3894 —et
1180 3840 1241 3894 illic

55 3970 57 3974 .
86 3943 428 3996 -----po--—quee
437 3927 1241 3998 Gfort.posrconueneriutsimiliuibpruebuerotqucesuut

85 4019 111 4068 iu
124 4037 155 4070 r:
172 4021 204 4070 et
217 4015 278 4068 illic
288 4016 323 4068 de
339 4014 579 4082 concupiscentius
593 4032 659 4068 susc
675 4014 820 4068 desideriis
837 4017 1038 4084 disposuerunt.
1095 4017 1127 4072 15
1141 4015 1176 4070 de
1194 4015 1240 4082 Ge,

86 4123 133 4156 rme.
151 4104 208 4156 1⁷1*
206 4123 229 4154 α
283 4105 316 4155 16
331 4113 442 4156 eomes*
463 4103 488 4154 G
506 4104 699 4156 commouebet
717 4103 767 4154 Vs
785 4102 977 4156 commonebat
994 4105 1032 4156 ed.
1052 4103 1135 4156 Baeti.
1156 4103 1239 4168 1550,

86 4187 391 4258 Pur.1572sort.rectc
438 4192 472 4243 18
482 4189 727 4257 interpmetucione
739 4191 764 4241 (ι’
819 4192 850 4245 19
860 4189 1240 4260 supstitionisersupstionis

86 4277 111 4328 P
165 4281 310 4332 testantur
329 4275 409 4328 PTE
424 4282 549 4329 certetur
567 4273 601 4341 (?)
621 4276 647 4326 G
699 4277 732 4328 25
750 4275 925 4330 anathemate
945 4293 974 4328 eu
992 4275 1131 4330 cthemstc
1152 4277 1184 4329 G.

138 4399 217 4438 xxrr.
233 4397 305 4438 urus.
319 4399 379 4437 erec
393 4407 445 4446 μη
460 4397 480 4436 1.
1050 4381 1085 4433 44
