3075 4967
446 332 644 387 instructio
668 334 894 402 psalmorum.
1202 334 1239 398 11

132 523 223 587 existit.
266 542 395 607 namque
426 522 478 606 qui
517 530 546 587 et
582 524 694 609 primae
728 524 999 606 quinquagesimae
1032 530 1062 588 et
1100 525 1244 589 secundm

132 627 224 692 deiude
238 627 497 711 quinquagesimae
512 634 543 692 et
566 627 663 691 tertiae
681 646 803 692 rursum
828 627 1105 711 quinquagesimae,
1128 629 1160 692 in
1183 647 1244 712 qua

130 729 190 794 finis
203 738 242 795 est
255 729 331 811 libri,
355 732 653 797 consummationem
671 730 838 815 diligenter
849 732 998 808 aduertat,
1015 733 1242 819 prouidentiam

129 834 319 918 dispositorum
349 836 382 898 in
406 833 488 899 bunc
512 836 654 900 ordinem
686 835 879 920 psalmorum
910 856 981 900 eum
1012 837 1244 921 dispensatione

129 937 218 1003 salutis
237 944 341 1003 nostres
373 940 533 1025 intelleget
563 942 736 1005 conuenire.
783 962 854 1005 oum
877 943 960 1005 enim
984 941 1104 1025 primus
1126 942 1243 1024 gradus
1282 968 1295 1007 e

129 1042 161 1105 sit
179 1042 213 1106 ad
232 1041 364 1117 salutem,
388 1046 421 1107 in
443 1062 558 1107 nouum
592 1044 749 1109 bominem
774 1050 844 1127 post
866 1053 1061 1127 peccatorum
1085 1044 1243 1109 remissio·

128 1164 188 1209 uem
208 1147 322 1225 renasci,
347 1147 448 1230 sitque
470 1154 541 1228 post
563 1150 748 1227 penitentie
764 1148 991 1214 confessionem
1014 1168 1146 1232 reguum
1168 1148 1242 1213 illud

128 1248 225 1313 domiui
244 1252 271 1315 in
305 1258 421 1316 sauetae
454 1251 535 1316 illius
569 1252 703 1317 ciuitatis
726 1258 757 1317 et
780 1252 911 1317 caelestis
946 1252 1141 1316 Hierusalem
1165 1259 1243 1316 tem·
1277 1314 1286 1341 x

127 1372 189 1435 pora
209 1362 361 1429 somatum,
385 1362 416 1421 et
438 1362 547 1442 postes
581 1361 796 1421 consummata
820 1358 850 1421 in
873 1377 930 1421 uos
953 1356 1065 1421 celesti
1090 1356 1190 1439 gloria
1213 1356 1244 1421 in

127 1456 167 1521 doi
187 1459 271 1540 petris
300 1480 436 1543 regnum
459 1481 518 1546 per
539 1480 671 1543 regnum
706 1460 761 1524 filii
795 1460 1001 1541 proficiamus
1035 1461 1067 1524 iu
1099 1480 1159 1543 quo
1190 1462 1245 1525 de·
1272 1490 1297 1526 ιο

127 1559 193 1623 bites
214 1564 263 1628 dee
290 1563 398 1629 laudes
422 1565 608 1629 uniuersites
631 1565 794 1646 spirituum
817 1564 1017 1644 praedicabit:
1041 1563 1132 1629 facile
1156 1564 1244 1629 intel-

125 1660 244 1747 legemus
276 1668 306 1732 in
341 1668 472 1753 singulis
506 1668 693 1749 psalmorum
729 1668 892 1733 uirtutibus
930 1669 987 1733 sub
1025 1669 1245 1754 quinquageno

126 1787 233 1834 numero
264 1772 428 1837 conlocatis
462 1778 689 1837 sacramentum
724 1772 934 1854 dispositionis
968 1771 1059 1837 buius
1094 1773 1245 1857 quiuqua-

126 1874 242 1953 genaria
263 1877 420 1943 contineri.

161 2010 204 2074 12.
225 2010 297 2078 Esse
320 2020 424 2079 autem
447 2013 515 2079 baee
545 2014 719 2080 sabbata
749 2014 1022 2093 sabbatorum,
1054 2015 1245 2097 septenarius
1273 2044 1297 2080 re

31 2200 32 2207 ἵ
126 2132 250 2181 uumerus
281 2138 337 2199 per
374 2123 494 2199 septem
531 2118 563 2182 iu
601 2118 777 2201 septuplum
815 2124 1056 2183 connumeratus
1094 2119 1245 2197 ostendit3

126 2238 202 2299 quem
223 2228 321 2287 tamen
345 2224 471 2307 ogdoas,
503 2222 575 2306 quia
598 2222 664 2287 dies
688 2224 799 2287 eadem
823 2224 923 2303 prima
946 2242 1015 2307 quas
1050 2230 1166 2301 octaua,
1197 2243 1246 2288 se·

125 2324 239 2388 eundum
267 2326 478 2410 euangelicam
509 2326 733 2410 plenitudinem
769 2328 801 2390 in
825 2326 934 2391 ultimo
965 2326 1095 2392 sabbato
1125 2327 1247 2392 adiecta

125 2436 303 2495 consummat.
349 2436 381 2496 et
402 2430 470 2495 baec
495 2432 619 2513 quidem
645 2431 774 2497 sabbata
806 2430 1006 2497 sabbatomm
1036 2454 1074 2497 ea
1103 2432 1142 2496 ab
1172 2452 1245 2513 apo·

125 2529 195 2595 stolis
226 2533 370 2618 religione
404 2534 560 2601 celebrata
583 2540 662 2615 sunt,
696 2535 804 2599 uthis
839 2534 1105 2619 quinquagesima
1136 2535 1244 2600 diebus
1272 2564 1297 2600 eo

124 2633 325 2723 nullusueque
349 2642 520 2705 interram
544 2645 638 2705 strato
667 2659 797 2725 corpore
827 2640 971 2705 adoraret
1001 2660 1102 2723 neque
1132 2640 1245 2705 ieiunio

125 2735 300 2809 lestiuitatem
324 2742 469 2825 spiritalis
492 2742 582 2808 huius
605 2744 806 2809 beatitudiuis
831 2743 1000 2826 inpediret;
1036 2745 1119 2827 quod
1141 2742 1245 2826 ipsum

125 2842 291 2911 extrinsecus
314 2848 408 2911 etiam
432 2846 463 2911 in
487 2846 597 2912 diebus
622 2847 785 2911 dominicis
802 2853 850 2911 est
865 2847 1073 2924 coustitutum,
1098 2847 1150 2931 qui
1166 2847 1246 2911 ultra

125 2944 226 3011 sabbati
256 2969 420 3015 numerum
454 2968 510 3030 per
543 2948 767 3031 plenitudinem
801 2950 987 3035 euangelicae
1016 2950 1245 3031 praedicationis

125 3051 258 3117 eeccedunt.
302 3074 438 3137 namque
468 3074 538 3119 cum
562 3054 593 3118 in
616 3055 748 3136 septimo
783 3054 832 3120 die
868 3055 988 3119 sabbati
1012 3055 1052 3119 sit
1075 3062 1106 3119 et
1128 3076 1243 3120 nomen
1271 3083 1296 3119 ee

161 3276 170 3325 l
188 3282 213 3329 et
221 3282 352 3334 secundae
365 3279 465 3333 deinde
479 3279 722 3350 quinquagesimae
734 3283 763 3333 et
784 3280 884 3334 tertiae
896 3291 1028 3334 rursum!
1064 3287 1091 3333 et
1110 3281 1246 3335 secundae

126 3358 206 3415 deinde
239 3365 480 3435 quinquagesimae
516 3366 790 3435 (quinquagensimae
824 3364 858 3432 V)
906 3366 1085 3421 centesimum
1122 3374 1246 3433 (centen-

126 3444 208 3501 simum
245 3450 279 3519 l')
317 3453 456 3521 psalmum
492 3456 520 3506 et
546 3452 646 3506 tertiae
680 3470 793 3507 rursum
836 3454 871 3506 l'r
910 3459 938 3507 et
973 3452 1109 3506 secundae
1145 3451 1245 3505 deiude

126 3532 345 3605 quinquagesimae
363 3539 499 3608 psalmum
525 3544 553 3593 et
579 3540 679 3594 tertiae
703 3557 814 3593 rursum
833 3541 861 3592 E
911 3539 1100 3594 eaduertitr
1152 3540 1246 3607 proui-

126 3616 203 3675 dentia
229 3625 251 3675 V
298 3629 317 3679 4
340 3626 544 3695 dispensatione
569 3645 599 3680 en
623 3626 856 3695 dispensationem
881 3646 914 3679 m.
940 3629 959 3678 ἑ)
990 3627 1012 3679 l'
1063 3630 1079 3679 7
1107 3626 1198 3694 sitque
1216 3644 1247 3679 ex

126 3704 214 3772 sitquae
238 3730 266 3765 m.
296 3712 316 3764 ὲ)
351 3712 373 3765 l⁷
432 3716 448 3765 9
476 3718 616 3767 seruatum
651 3715 686 3766 l'r
713 3719 884 3767 reseruatum
915 3714 940 3766 E
991 3718 1195 3766 consummatae
1226 3714 1249 3764 l'

127 3791 153 3843 lb
171 3792 206 3847 fili
228 3798 249 3849 V
299 3802 329 3853 ll
356 3798 550 3867 intellegemus
575 3800 597 3852 p
613 3800 802 3869 intelligamus
826 3820 841 3852 r
864 3798 1046 3868 intelligimus
1065 3800 1093 3851 E
1144 3801 1177 3852 12
1195 3799 1246 3853 sub

127 3877 295 3953 quinquageno
305 3903 421 3939 numero
438 3888 473 3940 l'r
482 3887 533 3941 sub
546 3886 783 3955 quinquagenario
792 3903 907 3939 numero
917 3897 927 3939 e
936 3887 987 3940 sub
997 3884 1246 3954 quinquagenariae

127 3978 221 4022 numero
246 3992 258 4025 c
321 3976 354 4026 13
380 3972 568 4041 dispositionis
602 3974 637 4027 l'r
663 3973 877 4042 dispensationis
903 3974 945 4026 De
1012 3974 1043 4027 15
1070 3990 1131 4026 esse
1154 3976 1247 4025 autem

128 4049 221 4109 sabbata
236 4060 411 4113 sabbatorum
434 4058 502 4113 baec
526 4081 541 4114 r
595 4062 626 4113 17
648 4060 750 4113 oodoas
774 4060 799 4113 l'
850 4059 882 4113 18
900 4059 1038 4113 adiectum
1064 4060 1099 4111 Vr
1151 4062 1185 4113 20
1202 4074 1246 4110 re-

128 4134 213 4203 h'lione
236 4164 264 4198 ar
290 4146 404 4215 regions
431 4165 463 4199 m.
490 4147 510 4198 2
545 4148 565 4199 V
589 4147 701 4215 regione
730 4156 739 4199 t
792 4146 1037 4215 quinquagesimae
1055 4164 1085 4198 er
1112 4145 1247 4213 quiuqua-

128 4225 210 4287 ssime
235 4251 264 4286 m.
291 4234 312 4285 2
346 4234 370 4285 V
427 4234 461 4287 m
485 4233 637 4302 spiritualis
663 4254 678 4286 r
735 4236 768 4287 23
796 4233 825 4287 in
853 4232 950 4287 diebus
978 4237 1020 4286 eat
1047 4232 1192 4285 dominicis
1228 4232 1250 4283 l'

129 4312 154 4361 ²5
165 4326 271 4386 bamque
290 4340 321 4373 ex
339 4338 473 4388 namquae
498 4322 525 4374 l'.
