3075 4967
301 286 320 349 6
641 289 757 340 sancti
782 288 917 341 Hilarii
942 288 1103 356 episcopi

345 476 373 541 5.
398 476 470 541 Non
494 482 541 541 est
564 495 638 541 uero
654 478 884 561 ambigendum,
908 498 952 553 ea,
977 497 1047 561 quae
1068 478 1100 541 in
1122 478 1251 559 psalmis
1264 478 1349 543 dicta
1365 493 1446 545 sunt.

301 580 475 645 seeundum
498 580 711 665 euangelicam
734 582 985 661 praedicationem
1007 581 1147 667 intellegi
1170 589 1321 663 oportere,
1351 596 1386 648 ut
1410 606 1448 649 er

301 704 493 767 quacumque
516 684 589 749 lieet
611 705 742 765 persona
772 685 943 767 prophet-ite
965 687 1091 767 spiritns
1119 687 1160 752 sit
1180 686 1308 766 locutus,
1338 696 1447 753 tamen

300 794 396 851 totum
419 787 494 852 illud
517 788 557 852 sd
580 790 789 871 cognitionem
810 792 961 856 aduentus
984 791 1101 857 domini
1124 792 1221 857 nostri
1245 791 1317 856 lesu
1329 790 1447 856 Christi

259 918 272 957 s
300 900 330 955 et
353 891 575 973 corporationis
599 904 628 957 et
651 894 803 974 passionis
826 902 857 959 et
878 894 976 979 regni,
1008 902 1040 960 et
1067 896 1302 961 resurrectionis
1330 902 1448 961 nostrae

299 994 428 1079 gloriam
450 996 657 1081 uirtutemque
680 998 838 1063 reseratur.
883 1006 956 1063 sunt
974 1006 1078 1064 sutem
1093 1020 1201 1064 omues
1218 1000 1448 1084 prophetiae'ad

300 1099 486 1165 mundialem
503 1121 629 1165 sensum
645 1109 677 1166 et
691 1103 885 1183 prudentiam
901 1104 1006 1168 saeculi
1021 1104 1134 1169 elausae
1155 1111 1248 1187 atque
1264 1105 1447 1190 obsignatas,

299 1204 472 1269 secundnm
504 1204 579 1269 illud
613 1204 729 1271 Esaiae:
776 1213 814 1272 et
851 1214 970 1273 erunt
1005 1209 1121 1272 uobis
1155 1208 1279 1273 uerba
1313 1210 1449 1273 omniu

299 1306 381 1371 baec
415 1314 604 1392 tanquam
640 1310 805 1393 eloquia
837 1310 936 1377 libri
966 1311 1085 1376 huius
1120 1313 1286 1392 signati.
1341 1316 1448 1398 quod

301 1412 424 1496 siqui
457 1412 649 1478 dederint
672 1414 825 1479 homini
848 1415 999 1479 scienti
1033 1415 1203 1480 litteras
1236 1416 1448 1483 dieentes:

303 1515 393 1599 lege
423 1516 512 1595 ista,
543 1522 580 1581 et
603 1517 727 1583 diest:
758 1538 835 1584 non
865 1538 1026 1603 possum
1049 1518 1201 1603 legere,
1236 1520 1449 1604 signatum

301 1626 363 1685 eet
385 1619 500 1685 euim.
545 1626 583 1685 et
612 1622 645 1686 si
675 1622 841 1687 debitur
871 1621 980 1688 liber
1012 1621 1079 1689 hic
1101 1624 1139 1687 iu
1163 1644 1301 1689 manus
1325 1624 1449 1688 homi-

300 1724 364 1789 nis
397 1724 627 1789 nescientis
661 1725 836 1804 litteras,
870 1732 909 1791 et
931 1727 1095 1792 dieetur
1127 1728 1178 1792 ei:
1217 1728 1310 1811 lege
1335 1728 1448 1793 hunc.

301 1828 647 1909 etrespondebit:
678 1831 820 1896 neseio
854 1830 1030 1895 litteras.
1076 1832 1230 1912 imperitia
1260 1831 1390 1916 legendi
1419 1842 1449 1897 et

261 1958 274 1993 s
301 1932 503 2016 intellegendi
532 1930 645 1996 librum
668 1932 839 2016 prophetiae
870 1935 927 1999 sub
956 1955 1089 2016 persone
1118 1936 1276 2019 utriusque
1307 1935 1448 2001 hominis

301 2042 470 2101 monstrate
493 2042 548 2115 est,
571 2056 640 2100 eum
662 2035 875 2122 intellegentia
897 2039 978 2103 doeti
993 2041 1033 2104 ad
1049 2038 1226 2122 legendnm,
1249 2040 1448 2125 signaculum

300 2140 397 2205 eleusi
420 2141 559 2224 mysterii
582 2160 643 2205 non
666 2140 814 2219 adeuntis,
836 2140 917 2205 illius
939 2141 1055 2207 indocti
1077 2144 1265 2227 ignorationi
1279 2165 1339 2224 per
1362 2164 1447 2210 com-

300 2264 427 2309 munem
459 2244 578 2328 utrique
611 2244 814 2327 intellegendi
842 2244 977 2325 inopiam
1008 2258 1211 2330 eomparatur.
1257 2264 1331 2312 sunt
1365 2249 1449 2313 enim

300 2348 445 2412 uniuersa
481 2346 654 2431 allegoricis
689 2354 720 2413 et
753 2347 864 2431 typicis
898 2354 1040 2413 contexta
1071 2350 1251 2416 uirtutibus:
1288 2372 1346 2432 per
1381 2370 1449 2435 quae

250 2484 254 2493 ·
301 2451 404 2515 omnis
449 2451 598 2533 unigeniti
640 2451 690 2515 dei
731 2450 786 2515 lilii
823 2453 854 2515 in
892 2471 1021 2532 corpore
1059 2464 1091 2517 et
1126 2454 1279 2537 gignendi
1322 2462 1356 2520 et
1397 2476 1451 2537 pe-

303 2555 398 2619 tieudi
417 2564 448 2619 et
470 2553 619 2619 moriendi
643 2564 674 2619 et
696 2556 879 2640 resurgendi
910 2563 942 2620 et
970 2557 1003 2619 in
1025 2564 1177 2621 aeternnm
1199 2578 1269 2623 eum
1293 2560 1450 2644 conglori-

302 2658 402 2723 ficatis
439 2658 513 2735 sibi,
552 2660 603 2741 qui
641 2658 672 2721 in
710 2679 782 2723 eum
820 2659 1024 2734 crediderint,
1061 2662 1213 2745 regnandi
1258 2670 1290 2727 et
1327 2670 1449 2728 ceteros

302 2762 458 2827 iudicandi
481 2768 672 2827 sacramenta
707 2765 891 2846 panduntur.
936 2770 966 2828 et
995 2765 1066 2847 quia
1096 2765 1207 2830 scribat
1236 2776 1267 2831 et
1300 2766 1449 2848 pharisaei

303 2867 353 2931 dei
367 2865 465 2930 lilium
482 2874 586 2930 uatum
602 2866 634 2930 in
650 2886 778 2950 corpore
794 2887 855 2931 non
870 2868 1054 2951 recipientes
1088 2869 1231 2933 omnibus
1256 2870 1449 2950 prophetiam

345 3004 453 3058 sessi.
471 3006 570 3071 xxix,
591 3008 621 3058 11
642 3023 682 3073 sq.

347 3139 358 3188 1
381 3152 436 3188 non
461 3140 503 3189 est
520 3151 587 3188 uero
606 3134 803 3202 ambigendum
827 3136 853 3187 li
879 3152 935 3188 non
961 3140 1005 3190 est
1031 3152 1098 3205 ergo
1125 3137 1323 3206 ambigendum
1353 3160 1368 3194 s
1394 3157 1449 3194 non

302 3226 345 3276 est
363 3227 454 3275 antem
474 3220 635 3289 ambiguum
653 3242 667 3273 r
719 3224 736 3276 3
754 3220 906 3290 prophetoe
923 3243 939 3275 r
990 3222 1183 3276 interlocutus
1201 3234 1225 3277 et
1242 3229 1338 3279 temen
1351 3229 1449 3294 litt..sp

302 3328 373 3379 supr.
398 3327 448 3361 scr.
478 3309 505 3361 R
556 3312 573 3361 6
602 3306 724 3360 refertur
752 3327 767 3360 r
809 3313 874 3361 suut
903 3308 978 3362 enim
1001 3329 1016 3362 r
1068 3310 1348 3366 lolem—elsusse
1376 3332 1449 3366 emm

302 3398 319 3451 8
346 3396 439 3449 omnis
464 3394 551 3448 uerba
583 3394 651 3447 haec
675 3395 719 3445 rE
768 3397 786 3447 9
810 3394 884 3462 quod
910 3395 935 3448 si
962 3396 1011 3463 qui
1036 3395 1166 3449 dederint
1192 3399 1286 3467 scripsi
1311 3398 1361 3463 (es.
1385 3418 1448 3469 qaue

303 3484 356 3536 disi
374 3484 446 3535 Stnd.
461 3480 542 3545 1886,
555 3480 626 3546 331)
654 3480 728 3548 quod
746 3480 771 3533 si
789 3481 948 3549 quideritR
974 3492 1002 3535 ut
1018 3484 1127 3549 uidem,
1147 3483 1221 3550 quod
1239 3484 1263 3537 si
1280 3485 1396 3553 quidem
1408 3487 1450 3540 rE

303 3572 337 3625 10
362 3568 487 3622 dicentes
511 3569 556 3621 Ra
582 3567 659 3621 dices
686 3588 701 3620 r
728 3567 838 3621 dicetur
872 3568 901 3620 E
963 3570 993 3622 ll
1032 3573 1061 3621 et
1102 3569 1197 3650 dicerit
1222 3572 1249 3623 R
1294 3572 1372 3628 dicet
1407 3574 1451 3627 rE

304 3660 336 3711 12
371 3656 493 3710 bominis
528 3674 577 3711 om.
607 3677 622 3709 r
693 3658 726 3710 14
761 3659 791 3709 et
831 3656 981 3725 respondet
1015 3658 1041 3709 R
1092 3660 1122 3709 et
1155 3658 1337 3726 respondebit
1373 3661 1400 3715 ei
1434 3680 1448 3711 r

302 3745 454 3813 respondet
470 3744 500 3795 E
563 3760 614 3813 pro
641 3742 783 3813 imperitis
800 3744 921 3796 lemnum
937 3744 1046 3797 habear
1103 3744 1136 3797 15
1159 3742 1232 3797 liber
1249 3765 1264 3796 r
1318 3749 1353 3801 16
1371 3764 1448 3801 mon·

302 3830 435 3885 streuitr
488 3848 551 3883 cum
577 3830 794 3899 intelligentiam
820 3829 895 3883 docti
913 3829 948 3883 sd
972 3828 1186 3897 intelligendum
1205 3850 1221 3882 r
1273 3833 1308 3885 1⁷
1331 3834 1446 3888 claustri

302 3918 421 3971 misterii
457 3918 482 3969 lt
534 3934 589 3970 non
624 3916 756 3971 adeuntes
793 3916 856 3970 illos
891 3937 906 3969 r
968 3918 1001 3971 18
1036 3916 1146 3984 utrique
1181 3918 1208 3969 R
1234 3918 1382 3987 utriusque
1407 3920 1449 3972 rE

303 4008 532 4072 comparenturr
586 4004 619 4057 19
637 4006 769 4057 contexte
787 4002 843 4055 RE
867 4002 1024 4070 conscripti
1041 4022 1056 4053 r
1107 4006 1143 4058 20
1160 4004 1254 4057 omnis
1278 4004 1331 4059 ills
1350 4007 1447 4076 unige-

304 4090 388 4143 nitir
422 4088 550 4143 eletio
569 4092 711 4143 ueternum
730 4088 992 4157 conglorificsndir
1034 4091 1070 4142 22
1087 4094 1116 4142 et
1133 4090 1269 4158 regnandi
1286 4110 1303 4143 r
1338 4094 1376 4148 28
1389 4102 1448 4164 pest

303 4178 463 4245 panduntur
481 4178 532 4230 des·
552 4178 607 4246 sol.
626 4176 642 4227 1
661 4178 702 4241 li‚·
720 4194 786 4246 quae
810 4185 931 4229 secuntur
956 4193 1035 4245 usque
1060 4178 1097 4228 cd
1121 4177 1200 4229 uerbo
1227 4178 1279 4231 sub
1305 4184 1447 4248 gestorum

302 4263 420 4317 historia
437 4266 465 4316 in
483 4266 529 4316 boc
545 4264 599 4317 cod.
618 4266 716 4327 deuna,
735 4264 796 4331 quic
814 4264 910 4331 aliquot
922 4261 993 4325 folia
1010 4264 1199 4317 inevidenter.
