3075 4967
269 290 310 353 10
606 288 726 341 saneti
750 285 886 340 Hilarii
909 286 1073 354 episcopi

269 483 462 564 redegerunt,
497 477 629 561 singulis
663 477 836 561 quibusque
865 476 1003 540 numeris
1032 496 1088 556 pro
1111 474 1281 540 efficientia
1302 494 1366 539 sua
1393 482 1430 539 et

267 584 459 649 absolutione
495 582 639 665 perfectis
676 580 884 662 perlectorum
921 587 953 644 et
989 579 1190 645 efficientium
1219 578 1430 661 psalmorum

267 689 407 754 ordinem
432 690 624 771 deputantes,

311 794 340 858 9.
364 792 404 856 Et
427 810 615 875 quamquam
638 792 669 854 id
692 790 794 870 ipsum
819 810 856 854 ex
879 788 1070 872 singulomm
1085 786 1276 870 psalmorum
1289 788 1428 852 uirtuti·

227 928 240 965 e
267 900 324 961 bus
346 894 485 981 intellegi
508 897 617 976 possit,
637 902 740 959 tamen
770 892 1001 958 absolutissime
1033 892 1067 957 in
1099 898 1258 976 gestorum
1280 898 1314 957 et
1337 898 1428 957 tem-

266 1021 375 1083 porum
413 998 542 1064 historia
579 1000 760 1075 edocemur,
801 996 991 1079 psalmorum
1027 995 1146 1062 scilicet
1181 994 1430 1061 conlocutiones

266 1106 434 1171 secundnm
468 1103 674 1187 perlectorum
707 1121 905 1167 numerorum
928 1121 998 1166 esse
1028 1100 1212 1166 efficientias
1241 1101 1428 1165 ordinatas.

266 1209 404 1290 psalmus
434 1208 515 1273 enim
538 1208 646 1272 tertius
669 1207 840 1272 secundum
859 1203 1022 1269 historiam
1045 1205 1304 1289 quinquagesimo
1329 1205 1429 1288 psal·

266 1334 317 1378 mo
340 1312 492 1393 posterior
514 1320 576 1390 est;
599 1311 759 1393 inscriptio
789 1329 924 1394 namque
947 1310 1104 1393 utriusque
1128 1308 1224 1373 multo
1247 1309 1429 1375 interuallo

266 1418 415 1499 temporis
449 1416 608 1500 aetatisque
643 1416 768 1480 diuersa
801 1422 856 1479 est.
900 1433 974 1478 nam
1003 1413 1063 1490 ille,
1095 1432 1165 1495 quae
1198 1413 1255 1477 sub
1281 1412 1366 1477 Uria
1393 1422 1431 1479 et

267 1522 368 1585 Dauid
392 1527 463 1585 sunt
485 1528 582 1605 gesta
606 1517 822 1601 conplectitur:
845 1517 897 1582 ille
920 1524 1022 1583 cirtem
1053 1520 1161 1601 l'ngam
1185 1517 1286 1581 Dauid
1308 1516 1430 1583 Abes-

266 1624 351 1689 salon
375 1623 438 1690 filio
461 1643 516 1688 suo
540 1644 610 1688 enm
633 1628 838 1706 persequente
861 1621 1033 1706 signifioat;
1056 1621 1112 1687 sed
1135 1620 1232 1685 uirtus
1254 1642 1291 1685 ec
1307 1642 1429 1687 sacra-

266 1736 404 1793 mentum
428 1728 548 1793 numeri
572 1726 709 1807 perfecit,
743 1725 827 1790 huno
860 1732 891 1791 et
923 1725 1011 1790 illum
1044 1746 1101 1806 pro
1122 1726 1366 1806 conpetentibus
1395 1735 1431 1793 et·

266 1832 326 1896 sibi
348 1832 494 1917 congruis
516 1831 653 1896 numeris
676 1830 838 1895 conlocari.

225 1984 238 2023 5
311 1954 361 2017 10.
386 1953 549 2034 Inscriptio
572 1973 644 2017 uero
667 1952 916 2036 quinquagesimi
938 1951 1050 2032 psalmi
1062 1952 1232 2016 secundum
1248 1950 1429 2017 historiam

265 2057 513 2142 quinquagesimi
539 2063 569 2121 ct
590 2058 681 2138 primi
713 2057 822 2137 psalmi
844 2056 1043 2136 inscriptione
1077 2056 1230 2140 posterior
1252 2062 1308 2119 est.
1360 2060 1429 2123 sed

265 2162 514 2246 quinquagesimi
539 2161 657 2225 numeri
682 2161 779 2225 uirtus
802 2160 947 2245 exigebat
969 2166 1000 2225 et
1024 2160 1108 2225 Doce
1129 2160 1257 2224 ldumaei
1279 2161 1428 2241 inpaeni·

265 2272 333 2331 tens
356 2266 388 2329 in
412 2266 511 2329 Dauid
534 2265 639 2329 odium
663 2263 848 2345 postulabat,
881 2264 1065 2330 anteriorem
1089 2264 1232 2347 postponi
1255 2270 1286 2328 et
1308 2273 1428 2345 poste·

265 2370 377 2435 riorem
401 2369 555 2447 anteferri,
580 2369 777 2435 abremissio
800 2375 993 2450 peccatorum
1027 2368 1061 2432 in
1093 2388 1223 2433 numero
1257 2369 1429 2453 quinqua·

214 2510 219 2521 ·
265 2474 385 2559 gesimo
423 2474 633 2539 conlocaretur
670 2480 701 2537 et
737 2492 828 2554 poena
864 2473 1003 2557 perfidiae
1040 2492 1200 2537 numerum
1235 2475 1428 2541 constitutae

265 2578 456 2643 remissionis
479 2578 633 2643 excedens
655 2584 776 2643 careret
798 2578 896 2655 uenio,
918 2598 988 2642 eum
1012 2584 1043 2642 et
1065 2584 1188 2661 tempus
1203 2584 1428 2645 etnumerum

265 2682 451 2765 paenitentiae
484 2682 677 2763 perdidisset.
723 2701 797 2745 nam
829 2702 899 2747 cum
934 2682 966 2745 in
996 2681 1263 2765 quinquagesimo,
1295 2682 1328 2745 in
1354 2704 1429 2769 quo

265 2792 337 2850 sunt
353 2786 483 2851 sabbata
498 2785 706 2861 sabbatorum,
724 2787 892 2851 secundnm
907 2785 1029 2851 iubelaei
1044 2786 1116 2850 anni
1127 2785 1426 2870 praeformationem

265 2898 463 2973 peccatorum
486 2890 628 2955 remissio
652 2890 691 2954 sit
713 2892 884 2968 constituta
907 2896 1106 2973 conpetenter
1128 2889 1179 2956 hic
1204 2890 1358 2973 psalmus,
1388 2896 1426 2960 in

225 3024 238 3064 5
267 3014 327 3077 quo
350 2995 529 3074 paenitentia
550 2992 613 3058 lata
634 3000 830 3078 peecatorum
864 2994 1007 3060 remissio
1033 2993 1209 3075 postuletur,
1243 2996 1426 3066 inordina

266 3103 314 3162 est
336 3097 427 3162 buius
449 3098 570 3163 numeri
593 3096 779 3163 conlocatus,

311 3202 358 3266 11.
381 3200 491 3267 Tribus
514 3222 588 3267 uero
612 3202 879 3286 quinquagesimis
900 3201 1095 3287 psalmorum
1117 3202 1196 3267 liber
1218 3203 1426 3275 continetur:

266 3315 296 3371 ot
318 3306 377 3371 boo
402 3326 440 3371 er
462 3306 580 3371 ratione
603 3326 640 3371 ac
664 3325 793 3371 numero
825 3306 923 3371 bootae
945 3305 1026 3371 illius
1049 3312 1162 3371 nostra
1185 3309 1425 3392 expectationis

308 3502 322 3554 1
343 3499 510 3569 redegerunt
522 3506 554 3553 ut
566 3500 595 3552 in
608 3499 724 3569 singulis
736 3519 750 3551 r
803 3502 820 3553 3
835 3516 886 3569 pro
901 3497 1027 3552 ordinem
1039 3498 1231 3566 deputantesr
1248 3500 1310 3550 lroec
1321 3501 1423 3557 babet:

264 3587 354 3640 uirtus
384 3586 505 3655 intelligi
534 3586 622 3656 possit
684 3587 703 3638 4
737 3591 766 3639 et
796 3603 963 3654 quamquam
983 3614 1018 3622 —
1041 3585 1169 3653 intellegi
1198 3584 1286 3653 possit
1315 3604 1373 3641 om.
1407 3612 1426 3645 r

264 3678 281 3729 6
316 3673 465 3727 edocemur
497 3693 512 3728 r
547 3673 678 3727 docemur
709 3672 766 3724 DE
832 3676 849 3726 7
877 3671 1039 3726 efficientias
1068 3692 1083 3725 r
1136 3671 1314 3726 efficientiam
1360 3677 1428 3732 DE

264 3761 384 3831 Blncip
403 3763 457 3813 cod.
488 3760 513 3812 V
528 3760 777 3829 quinquagensimo
801 3759 826 3812 V
875 3759 1055 3813 tinacribtio
1079 3760 1104 3813 V
1155 3762 1188 3813 rs
1216 3759 1284 3812 olim
1314 3778 1424 3835 peraq-

265 3853 368 3915 quentc
395 3866 408 3899 e
461 3847 509 3901 scd
543 3847 632 3900 uirtus
661 3848 760 3916 serpsi,
788 3852 817 3900 et
843 3846 934 3899 uirtus
966 3847 1046 3900 VrDe
1072 3851 1101 3901 et
1127 3852 1221 3900 tamen
1257 3845 1351 3901 uirtus
1395 3854 1424 3907 tb

266 3936 299 3988 13
316 3932 432 4002 perfecit
447 3934 484 3986 Vr
503 3932 613 4002 perficit
631 3933 689 3985 DE
738 3950 790 4001 pro
813 3934 892 3986 VrDc
909 3933 949 3987 aio
966 3950 1018 4001 pro
1037 3944 1046 3986 t
1064 3935 1078 3986 b
1131 3936 1165 3987 16
1183 3935 1424 4003 quinquagesimi

264 4020 348 4088 primi
365 4020 411 4073 rd¹
464 4022 496 4074 17
515 4021 604 4073 uirtus
626 4020 755 4087 exigebat
779 4020 815 4073 Vr
833 4019 881 4084 (ef.
901 4021 943 4073 Pr.
962 4020 1005 4073 LI
1019 4038 1076 4089 cop.
1095 4020 1115 4071 ἑ)
1131 4020 1241 4073 numeri
1258 4020 1423 4093 uirtutem)

265 4106 354 4159 uirtus
381 4112 409 4159 et
435 4106 569 4175 perfectio
597 4106 726 4175 exigebat
752 4108 810 4158 DE
869 4107 936 4161 doec
963 4106 1081 4161 idumaei
1113 4106 1246 4162 Vdoecb
1270 4106 1384 4166 idumei
1406 4136 1424 4169 r

265 4194 299 4247 20
325 4210 441 4246 numero
468 4213 482 4246 r
551 4196 584 4247 21
613 4209 706 4246 carere
737 4194 760 4247 l'
827 4196 862 4247 aa
889 4193 918 4246 in
945 4211 999 4261 quo
1026 4199 1090 4246 sunt
1115 4215 1129 4246 r
1152 4196 1180 4247 in
1204 4212 1260 4263 quo
1283 4202 1329 4250 est
1366 4200 1426 4255 ΥΕ

264 4282 298 4335 23
316 4278 418 4333 iubclci
444 4281 468 4333 V
516 4282 550 4334 25
568 4279 625 4333 lata
650 4280 686 4333 Vr
703 4280 797 4334 adlata
815 4282 842 4332 D
860 4281 981 4333 antelata
999 4282 1033 4333 ΙΙ.
