3075 4967
360 267 541 316 tractatus
559 262 599 316 dc
617 263 729 316 tilulo
749 261 877 330 psalmi
895 261 963 314 XCI.
1171 261 1233 325 349

146 454 170 518 5.
195 453 233 518 Ut
254 459 354 518 autem
378 451 548 518 absolutius
581 449 759 534 intellegere
795 452 958 531 possimus.
994 470 1063 534 quae
1096 451 1234 532 operatio

109 559 149 624 dei
171 559 208 623 sit
229 563 259 622 et
282 557 437 640 quomodo
459 575 592 637 operans
615 564 701 636 pater
724 563 869 635 operatur
899 563 930 620 et
960 555 1049 631 iilius,
1080 556 1235 638 originem
1336 628 1341 636 ⁸

108 662 169 728 dicti
200 661 287 726 buius
323 679 413 724 nosse
452 661 613 725 debemus.
658 661 739 724 inter
773 670 892 724 ceteras
930 661 1013 725 enirn
1051 659 1234 738 curationes

109 767 206 850 quibus
228 785 260 830 se
284 765 430 830 dominus
454 765 484 828 in
509 783 601 828 carue
625 763 759 829 bominis
783 764 874 828 deum
910 764 1040 828 docebat
1073 764 1132 828 sub
1161 763 1235 828 uisi·

108 870 150 934 bili
172 870 298 937 materie
314 875 498 949 potestatem
515 867 678 935 inuisibilis
693 867 817 934 uirtutis
833 868 1007 944 ostendeus,
1031 867 1243 955 paralyticum„
1274 893 1287 931 e

109 973 218 1058 triginta
240 979 270 1040 et
292 979 361 1038 octo
396 992 548 1038 annorum
583 973 614 1036 ln
648 973 799 1037 natatoria
832 973 966 1053 porticus
990 972 1167 1037 Salomonis
1189 973 1234 1037 in·

108 1077 179 1142 uouit
201 1083 414 1158 expectantem
437 1077 566 1142 alicuius
589 1075 746 1153 auxilium,
770 1097 827 1158 per
846 1096 940 1161 quem
956 1078 995 1142 ad
1012 1085 1131 1142 motum
1147 1097 1235 1161 aquae

109 1203 152 1262 per
173 1181 313 1266 angelum
346 1181 481 1246 incitatae
516 1181 628 1246 deuebi
662 1187 775 1262 posset.
822 1189 888 1246 erat
920 1188 1025 1246 autern
1060 1181 1118 1246 boc
1152 1180 1235 1246 etin

109 1294 229 1366 tempore
252 1291 280 1350 el
305 1286 336 1349 in
362 1284 488 1350 homine
511 1287 640 1362 uirtutis,
663 1291 705 1360 ut,
729 1305 801 1350 cum
826 1285 893 1350 lons
913 1286 1040 1366 piscinae
1062 1292 1235 1351 commotus

111 1397 187 1466 esset,
202 1388 259 1468 ille,
275 1390 326 1473 qui
345 1389 462 1472 primus
479 1409 575 1472 aquas
591 1396 674 1454 esset
690 1391 860 1472 ingressus,
872 1409 998 1454 omnem
1014 1389 1234 1462 infirmitatem,
1263 1412 1287 1448 n

111 1511 161 1576 qua
181 1492 393 1568 adflictaretur,
416 1496 571 1559 euaderet.
617 1503 703 1558 erant
736 1500 842 1558 autem
876 1494 943 1558 bac
976 1501 1007 1559 et
1034 1495 1235 1576 praesentium

111 1595 251 1662 aflectibus
274 1597 358 1662 utilia
381 1605 410 1662 et
435 1599 605 1663 futurorum
629 1597 754 1677 speculo
778 1598 958 1681 imaginata.
982 1618 1053 1663 cum
1068 1596 1179 1682 angelo
1195 1599 1234 1662 ad

112 1719 194 1782 aquas
205 1711 332 1766 uocaute
349 1702 488 1766 omniurn
505 1702 724 1786 egritudinum
741 1710 884 1782 prompta
899 1709 982 1766 esset
997 1701 1129 1769 abolitio.
1151 1701 1235 1766 huuc

112 1823 174 1888 ergo
203 1805 403 1890 paralyticum
433 1806 483 1871 die
514 1807 633 1872 sabbati
664 1805 809 1872 dominus
840 1806 891 1870 tubi
913 1807 999 1884 uidit,
1022 1807 1118 1872 uerbo
1139 1813 1235 1882 curat,

112 1917 249 1990 praecepto
272 1909 404 1974 salutern
433 1909 619 1974 infirmantis
643 1909 791 1976 efficiens.
837 1911 913 1975 dicit
946 1931 1020 1994 ergo
1052 1910 1234 1995 paralytice:
1263 1931 1288 1968 ιε

112 2021 275 2098 surgeet
307 2012 406 2079 tolle
436 2015 649 2099 grabatum
684 2022 791 2079 tuum
815 2015 1045 2080 etambula.
1091 2015 1153 2079 iam
1176 2035 1235 2078 non

112 2115 198 2180 solum
229 2137 325 2182 sanus
359 2116 553 2202 paralyticae,
587 2119 643 2182 sed
678 2119 774 2183 etiarn
807 2119 893 2184 oneri
929 2118 1013 2184 utilis
1047 2119 1147 2183 factus
1179 2131 1235 2184 est.

114 2218 195 2283 ludaei
218 2221 416 2306 paralyticum
433 2221 535 2286 uiolati
561 2223 679 2287 sabbati
696 2230 828 2308 arguunt
846 2225 998 2288 diceutes:
1022 2223 1235 2288 sabbatum

113 2331 163 2388 est
183 2333 218 2389 et
239 2346 314 2390 nou
337 2325 437 2391 licet
461 2327 535 2393 tibi
560 2326 709 2392 tollere
731 2329 947 2411 grabatum
970 2334 1087 2392 tuum.
1125 2327 1236 2411 quibus

113 2429 267 2512 respoudit:
292 2431 360 2514 qui
384 2449 440 2494 rne
464 2430 566 2496 lecit
588 2451 734 2510 sanum,
758 2431 832 2496 ille
855 2432 954 2496 mibi
984 2432 1104 2496 dixit:
1140 2431 1237 2497 tollo
1263 2454 1288 2492 a

115 2532 309 2612 grabatum
340 2540 447 2599 tuum
478 2541 515 2599 et
544 2534 720 2610 ambula,
756 2536 889 2600 eundern
911 2543 1069 2601 auctorem
1094 2536 1166 2600 lacti
1189 2537 1236 2600 sui

115 2636 271 2717 preferens,
306 2657 398 2720 quem
434 2637 549 2716 salatia,
581 2645 614 2703 ut
648 2659 708 2702 non
743 2640 973 2704 existimaretur
1006 2641 1045 2704 ab
1079 2661 1114 2704 eo
1148 2639 1237 2722 culpa

115 2738 200 2803 uiolati
222 2741 342 2806 sabbati
366 2761 456 2822 posse
481 2741 641 2823 proticisci,
668 2743 754 2808 cuius
777 2745 808 2807 in
832 2744 927 2808 uerbo
949 2743 1078 2809 humani
1103 2745 1237 2828 corporis

117 2841 273 2909 instauratio
297 2846 492 2910 constitisset.
539 2866 614 2929 ergo
630 2848 702 2930 quia
717 2846 924 2931 paralyticum
940 2848 1084 2914 dominus
1100 2856 1238 2916 curasset

117 2942 140 3006 in
154 2949 278 3024 sabbato,
300 2950 352 3014 ubi
369 2949 441 3014 iacti
459 2951 619 3015 ueneratio
634 2952 784 3035 consequi
800 2952 965 3029 debuisset
984 2951 1044 3017 illio
1062 2953 1235 3018 ludaeorum
1264 2971 1289 3010 a

118 3050 236 3116 omnium
251 3053 357 3118 odiurn
373 3065 593 3120 commonetur.
638 3056 750 3138 quibus
766 3056 910 3121 domiuus
925 3059 1097 3137 respondit:
1121 3064 1238 3138 pater

118 3170 208 3220 meus
228 3177 354 3240 usque
379 3158 492 3222 modo
516 3165 719 3258 operatur,
745 3166 783 3225 et
805 3180 879 3244 ego
904 3181 1057 3242 operor.

156 3348 182 3398 16
198 3350 248 3404 loh.
266 3351 299 3419 V,
317 3355 342 3407 8.
381 3353 413 3407 18
431 3351 500 3406 Ibid.
522 3355 562 3408 10.
598 3355 632 3406 20
651 3353 719 3407 Ibid.
741 3357 781 3408 ll.
818 3357 852 3408 26
871 3355 939 3408 lbid.
962 3359 1000 3409 17.
1078 3414 1081 3419 ,

153 3521 210 3574 lut
226 3541 270 3577 om.
296 3525 320 3578 V
371 3527 537 3593 toperanic
556 3531 635 3594 patre
653 3528 799 3580 dubitanter
825 3530 888 3581 coni.
916 3528 1012 3581 Beued.
1065 3531 1194 3583 boetem
1219 3530 1241 3583 V

117 3623 240 3680 curatione
263 3629 285 3683 V
317 3629 547 3698 *bparaliticum
571 3649 585 3681 r
637 3615 751 3684 cliiii}
768 3632 874 3685 etVIlI
891 3631 959 3696 Vos.
972 3634 1003 3686 F.
1018 3633 1092 3687 ,veae
1108 3634 1237 3686 Formenl.

118 3705 149 3772 Π,
158 3709 207 3763 153
216 3715 328 3785 triginta
340 3719 403 3770 octo
416 3718 445 3769 rt
499 3712 613 3770 aan·V
663 3718 691 3770 in
701 3719 856 3772 natatoriae
873 3721 896 3772 V
940 3720 1089 3774 solomonis
1103 3720 1129 3772 V
1178 3719 1237 3774 rad

117 3795 249 3852 modumV
301 3803 800 3872 10essetiugressuscssetcorr.m.2
815 3807 840 3858 V
882 3807 1043 3860 lleuadere
1059 3809 1083 3860 l'
1127 3807 1239 3876 lbagri·

117 3915 461 3993 tudinumraegritudinem
478 3925 501 3978 V
545 3925 682 3980 oblitioV
729 3929 761 3981 14
771 3928 845 3981 dsV
891 3931 922 3981 16
933 3945 1014 3996 surge
1024 3928 1092 3982 tolle
1101 3930 1131 3982 rt
1177 3945 1240 3996 gra·

118 4049 243 4112 battan
276 4065 307 4116 18
317 4010 404 4116 ablati
415 4079 480 4116 corr.
492 4063 551 4116 cn?
564 4065 587 4118 V
623 4067 653 4119 19
664 4071 692 4120 et
701 4082 756 4119 non
766 4085 797 4119 ea
806 4071 835 4119 et
843 4071 906 4119 m.2
921 4067 1006 4120 Vnon
1016 4067 1045 4119 rb
1080 4067 1240 4134 grabattum

119 4155 144 4190 a
166 4145 299 4209 grabatum
326 4168 358 4202 m.
385 4149 405 4201 2
428 4149 451 4203 V
502 4153 534 4205 21
554 4153 685 4221 grabattil
709 4153 733 4206 V
783 4155 818 4206 22
836 4153 979 4221 profereus
1006 4155 1035 4206 rb
1088 4155 1122 4206 24
1141 4153 1192 4206 dr'as
1211 4172 1240 4206 ca

119 4222 248 4288 dducam.
272 4237 339 4290 21⁷
388 4237 476 4291 26ἀέ
501 4239 527 4291 V.
