3075 4967
375 280 553 330 tractatus
578 274 612 329 in
637 274 808 343 psalmum
827 274 949 329 CXVIII.
1170 274 1233 341 488

105 466 161 533 eius
182 466 349 533 Abessalon
375 485 506 551 regnum
541 472 678 545 occupat,
714 466 882 532 exercitum
917 464 1078 544 contrahit,
1113 473 1233 547 patrem

104 570 174 635 bello
195 569 368 651 parricidali
391 569 595 653 persequitur.
641 571 696 634 sed
727 570 884 636 militibus·
907 570 1009 636 Dauid
1031 571 1119 636 dicit:
1149 591 1232 652 par·

104 675 174 739 cite
206 695 329 757 puero
353 673 594 741 Abessalon.
639 673 683 739 illi
715 675 842 758 quidem
871 676 913 741 ad
943 676 1150 742 resistendum
1181 696 1234 742 ne·

102 778 220 843 cessitas
243 779 375 861 Inposita
397 784 454 857 est,
476 784 510 843 ut
533 778 616 863 regi;
647 780 703 844 sad
733 779 834 860 pietas
864 786 895 845 et
923 780 1043 845 bonitas
1073 780 1171 845 adluit
1193 780 1233 845 ed

100 884 288 961 parcendum,
311 890 344 948 ut
366 882 534 964 prophete.
581 886 734 949 mortuum
760 902 882 968 quoque
905 884 1027 949 adfectu
1051 891 1179 965 paterno
1202 891 1234 950 et
1273 908 1285 945 e

100 985 193 1053 dolore
215 986 349 1053 defleuit.
393 987 462 1052 haec
486 988 568 1053 enirn
598 986 780 1066 uoluntaria
814 1007 876 1054 non
911 988 1050 1073 legitima
1083 995 1170 1055 sunt:
1202 995 1233 1055 et

100 1088 142 1155 bie
163 1092 374 1173 obtemperare
396 1091 548 1157 libertatis
571 1093 671 1172 potius
695 1112 790 1176 quam
812 1094 1007 1163 necessitatis
1022 1092 1160 1159 officium
1176 1098 1230 1159 est

138 1212 183 1277 14.
206 1212 308 1279 Habet
322 1211 404 1279 banc
419 1212 573 1295 apostolus
593 1212 772 1279 uoluntariae
788 1214 946 1293 doctrinae,
962 1234 1023 1280 non
1039 1220 1071 1280 et
1085 1213 1233 1300 legitimae

99 1318 481 1385 eonsuetudinemdicens:
506 1320 551 1384 de
573 1318 812 1403 uirginibus
836 1324 967 1384 autem
986 1326 1231 1401 praeceptum

98 1420 240 1487 domiui
273 1444 348 1488 non
382 1422 520 1500 habeo,
556 1421 775 1488 consilium
811 1429 943 1489 autem
977 1424 1034 1489 do.⁴
1077 1429 1129 1488 aut
1162 1442 1231 1488 cnm
1260 1446 1285 1483 n

96 1523 219 1608 gloriam
251 1528 407 1593 uiduitatis
442 1533 473 1593 et
505 1526 728 1593 continentiam
765 1526 879 1606 laudat
917 1548 978 1592 non
1014 1526 1136 1593 inhibet
1168 1528 1232 1591 iam

96 1636 271 1708 potestatem
310 1632 453 1711 nubendi,
488 1632 544 1697 sed
578 1631 723 1697 meritum
758 1630 916 1697 caelibatue
949 1632 1108 1715 praedicat.
1152 1630 1232 1697 ultra

96 1730 191 1817 legem
214 1735 347 1801 instituit
378 1740 407 1801 et
430 1735 511 1800 ultra
532 1746 720 1817 praeoeptum
744 1734 935 1814 adhortatur,
958 1735 1131 1801 uoluntaria
1153 1734 1231 1819 legi·

96 1837 171 1903 timIs
195 1846 394 1921 anteponens.
440 1846 472 1905 et
494 1860 615 1905 rursum
637 1839 695 1904 ait:
719 1840 1011 1931 numquidnon
1034 1840 1231 1905 babemus

95 1948 336 2019 potestatam
360 1944 629 2019 manducandi
654 1949 691 2008 et
712 1943 906 2009 bibendi?
936 1944 1131 2027 numquid
1154 1963 1230 2009 non
1258 1966 1283 2003 n

95 2044 543 2131 babemuspoteetatem
561 2046 1232 2126 mulierescircumducendi‚sicut

94 2151 217 2216 ceteri
239 2151 419 2235 apostoli
442 2158 480 2217 et
502 2152 656 2217 fratrae
688 2152 842 2217 domini
877 2158 914 2217 et
937 2150 1120 2234 Cophes?
1165 2159 1232 2217 aut

95 2270 159 2337 ego
193 2254 304 2321 eolus
338 2264 376 2322 et
398 2256 607 2321 Barnabas
640 2276 717 2321 non
752 2255 948 2321 habemus
981 2261 1231 2339 potestatem

93 2376 161 2423 non
199 2359 421 2441 operandi?
472 2361 543 2427 sed
580 2380 655 2425 non
700 2360 851 2426 utimur
895 2360 968 2426 bac
1012 2365 1230 2442 potestate.

93 2466 221 2539 potestas
244 2464 275 2528 in
298 2462 380 2529 licito
404 2472 459 2542 est,
482 2484 550 2529 cum
573 2463 624 2530 len
646 2464 821 2530 infidelitati
850 2472 963 2531 noetrae
997 2483 1129 2546 parcens
1150 2484 1230 2548 prae-
1257 2488 1283 2527 eo

94 2566 209 2649 scriptis
232 2586 287 2633 nos
310 2569 458 2653 grauibus
481 2589 542 2634 non
565 2575 680 2635 onerat.
726 2576 758 2634 at
779 2590 854 2635 uera
883 2568 1049 2634 uoluntatis
1078 2569 1230 2652 professio

94 2688 127 2733 cr
148 2671 337 2737 incremento
361 2670 434 2737 fidei
458 2678 514 2749 est,
538 2693 610 2739 oum
632 2674 664 2737 in
688 2673 747 2749 his,
779 2694 847 2758 qnae
878 2675 1037 2739 moderata
1065 2673 1118 2740 lex
1139 2674 1230 2740 nobis

95 2780 144 2850 est,
166 2776 369 2858 nosmetipsos
391 2776 572 2842 uoluntariae
596 2779 767 2843 deuotionis
791 2778 893 2843 sbrdio
916 2780 1119 2845 continemus.

134 2878 183 2943 15.
205 2878 281 2945 Haec
303 2879 399 2965 igitur
421 2879 602 2959 uoluntaria,
625 2886 659 2946 ut
682 2883 739 2947 deo
762 2882 824 2946 sint
846 2882 965 2963 placita
981 2882 1134 2965 propheta
1155 2891 1229 2961 oret,

95 2982 163 3063 quia
196 2982 255 3062 illa,
294 3002 362 3068 quae
401 3004 439 3049 arr
474 2986 653 3066 praescripto
690 2984 771 3070 legIs
811 2992 966 3070 gerantur,
1008 2989 1075 3069 ipsa
1112 2988 1282 3053 seruitiis

95 3084 137 3149 sui
166 3088 347 3153 necessitate
376 3095 575 3173 peraguntur.
620 3108 745 3155 oausam
777 3098 881 3155 autern
911 3111 1037 3172 semper
1066 3091 1231 3172 prsetendit

134 3278 190 3332 211
208 3278 274 3348 Reg.
297 3280 337 3347 le,
356 3281 380 3334 ὅ.
417 3282 434 3333 9
453 3281 465 3334 I
485 3280 547 3335 Cor.
565 3284 590 3349 7,
609 3281 651 3335 25.
690 3281 753 3335 141
772 3282 833 3336 Cor.
853 3284 877 3349 9,
895 3285 913 3336 4
931 3299 970 3350 eq.

136 3456 273 3511 lebrelon
289 3458 312 3511 C
326 3458 442 3512 absolon
457 3476 478 3528 p
496 3468 520 3511 et
536 3460 573 3511 sic
591 3458 663 3526 infr„
682 3460 726 3511 ubi
743 3462 820 3511 etium
838 3458 1023 3513 iollabselon
1058 3456 1093 3512 ’2
1111 3458 1189 3513 deuit
1207 3458 1232 3511 V

95 3539 170 3595 tlille
186 3544 211 3596 R
261 3544 382 3598 4setV
411 3544 653 3599 'buoluntariam
669 3545 703 3598 1⁷¹
757 3544 1033 3600 stanconam?
1056 3545 1080 3599 V
1131 3545 1229 3599 nolun-

96 3626 173 3683 tariae
198 3648 228 3684 er
253 3632 441 3685 uoluntariam
468 3650 500 3684 m.
529 3632 549 3684 2
580 3632 606 3683 V
663 3630 907 3687 lloonsnetndinis
940 3632 966 3685 V
1016 3634 1048 3686 ll
1066 3631 1176 3686 inhibet
1202 3632 1228 3686 ie

95 3716 178 3785 seipsi
202 3716 320 3772 inhibita
349 3718 411 3772 VRa
437 3718 546 3773 inhibet
574 3716 682 3790 Cpffljb
744 3719 778 3773 1ss
794 3722 932 3787 potestate
964 3718 1026 3772 VRc
1079 3718 1179 3772 merito
1193 3787 1196 3794 ι
1209 3722 1232 3772 G

98 3800 252 3859 caelibaetne
284 3804 309 3859 V
358 3804 534 3874 praedicator
565 3804 623 3859 vce
687 3808 719 3859 17
738 3806 839 3858 tratres
869 3804 928 3869 (om.
958 3802 997 3871 et)
1030 3805 1057 3858 V
1106 3804 1179 3859 nefas
1209 3806 1232 3858 (¹

97 3886 175 3943 eaesae
192 3890 217 3945 V
266 3895 299 3947 19
316 3908 374 3946 non
392 3891 524 3961 operandi
543 3892 591 3947 VR
610 3889 667 3958 (οὐκ
685 3893 778 3956 ἔχομεν
795 3891 916 3949 ἐξουσίαν
932 3898 983 3943 τοῦ
999 3895 1034 3957 μὴ
1053 3890 1227 3959 ἐργάζεσθαι)

98 3977 216 4039 operandi
235 3979 325 4064 Chec
342 3978 476 4047 operandi
491 3998 512 4049 p
529 3977 583 4033 hoo
600 3978 733 4047 operandi
747 3979 776 4031 E
825 3978 877 4033 hac
890 3996 939 4034 cm.
952 3976 1073 4049 Ropffl)
1127 3979 1161 4030 20
1180 3995 1228 4048 po

98 4079 171 4133 tettae
188 4100 218 4137 ex
234 4086 373 4151 potestate
399 4100 433 4137 m.
457 4080 477 4135 2
499 4081 525 4136 V
574 4080 604 4134 iu
622 4080 743 4159 licitare
760 4081 790 4137 in
808 4081 887 4136 licita
904 4100 935 4136 er
952 4081 982 4136 in
1000 4081 1086 4135 locite
1103 4100 1135 4133 m.
1159 4079 1179 4134 2
1206 4082 1231 4135 V

99 4161 131 4214 ob
146 4164 237 4223 illicite
251 4168 326 4241 μα)
354 4188 390 4223 aa
417 4168 496 4223 nobie
523 4167 623 4223 lielte?
675 4170 707 4223 21
727 4167 845 4223 honerat
871 4167 927 4239 R¹p
981 4168 1016 4223 ad
1043 4184 1109 4221 uero
1136 4186 1165 4225 aa
1193 4169 1228 4222 ad

101 4264 129 4298 m·
145 4248 200 4307 IV
248 4258 283 4310 25
300 4260 437 4326 geruntur
461 4256 688 4327 Vgenerant‘C
737 4255 797 4325 ipse
815 4256 930 4311 seruitio
955 4256 985 4309 l'.

1019 4360 1073 4413 al*
