3075 4967
305 251 367 314 778
653 249 769 302 sancti
788 247 925 301 Hilarii
942 247 1106 317 episcopi

303 441 408 506 nescio
431 439 505 523 quid
529 445 559 504 et
581 437 744 504 sublimius
767 437 936 515 elocuntur,
959 437 1024 502 eius
1047 436 1148 518 potins
1169 437 1317 515 hominis,
1340 437 1434 520 inquo

304 565 341 610 ex
363 550 453 626 partu
476 543 607 626 uirginis
631 545 671 609 ad
694 548 922 608 sacramentnm
953 540 1099 606 hnmanae
1129 541 1238 607 solutis
1270 541 1435 626 unigenitus

304 649 354 714 dei
377 647 459 714 filius
482 654 572 712 notus
596 652 653 729 est,
675 652 817 727 repertus
841 653 888 712 est
909 645 1048 726 psalmus
1064 646 1123 711 iste
1137 645 1278 730 intellegi
1296 651 1435 726 oportere.

303 754 472 818 secundum
498 772 567 817 eom
591 751 675 816 enim
698 771 767 834 quse
790 751 879 815 inse
902 750 1025 833 generis
1048 749 1106 814 fuit
1119 751 1280 834 utriusque
1296 756 1434 814 naturum.

264 881 276 919 s
304 857 353 922 dei
375 855 520 922 uidelicet
542 861 634 939 atque
658 854 803 932 hominis,
826 874 890 918 non
909 854 1001 919 modo
1022 854 1054 918 in
1077 852 1259 938 euangeliis,
1282 855 1340 919 sed
1355 853 1435 918 elion

304 961 335 1024 in
357 959 518 1042 prophetis
547 959 590 1024 ita
612 959 761 1038 coaptatis
792 959 833 1024 ad
854 965 1021 1042 utrumqne
1051 957 1142 1024 dictis
1172 958 1292 1024 locut-ns
1322 962 1435 1033 estut

304 1066 378 1130 dum
402 1063 571 1130 diuinitatis
594 1083 659 1128 sua
681 1062 895 1144 inpassibilem
911 1070 1006 1146 atque
1020 1061 1280 1129 indemutabilem
1302 1062 1435 1126 uirtutem

304 1169 401 1244 docet,
439 1167 655 1233 infirmitatem
693 1186 816 1252 quoque
861 1174 978 1232 nnturae
1023 1186 1178 1247 corporea
1215 1185 1278 1229 non
1317 1172 1434 1231 taceret:

303 1291 497 1356 rursumque,
520 1290 592 1336 cum
616 1291 652 1336 cx
674 1271 870 1351 susceptione
893 1269 995 1336 cernis
1018 1270 1208 1335 infirmitatis
1230 1271 1262 1334 in
1287 1289 1324 1334 eo
1347 1287 1434 1334 sermo

252 1399 276 1436 ιο
304 1385 393 1455 esset,
424 1375 612 1457 praeconinm
637 1393 760 1459 qnoque
784 1395 856 1439 mox
878 1395 939 1439 non
962 1374 1158 1440 infirmanda
1182 1394 1219 1440 ex
1242 1373 1347 1457 aliquo
1370 1372 1445 1446 diui,

303 1481 408 1545 nitetis
431 1480 602 1544 adsisteret.
649 1479 731 1560 qnod
753 1479 838 1544 enim
861 1481 937 1544 deus
960 1487 1015 1555 est,
1038 1486 1156 1543 naturae
1178 1498 1244 1543 suae
1267 1484 1331 1557 est;
1364 1475 1434 1561 qnod

304 1591 407 1650 autem
430 1584 522 1649 homo
538 1583 604 1660 suit,
627 1589 746 1648 naturae
763 1590 878 1648 nostra
893 1582 1066 1664 adsumptio
1082 1589 1138 1650 est.
1184 1581 1322 1666 loquitur
1342 1582 1433 1664 itaque

303 1690 335 1752 in
357 1688 478 1770 psalmo
494 1709 531 1754 ex
546 1686 736 1752 infirmitatis
760 1693 881 1761 nostrae,
905 1706 1000 1771 quam
1023 1687 1205 1767 adsumpsit
1228 1685 1348 1762 affectu,
1376 1704 1433 1750 con

304 1793 484 1858 traditorem
506 1811 597 1856 suum
620 1791 716 1867 nouit,
740 1811 811 1856 cum
834 1790 963 1856 consilis
985 1793 1152 1857 aduersum
1175 1812 1211 1856 se
1233 1791 1310 1855 inite
1328 1789 1434 1870 prospi-

253 1918 277 1954 u
304 1898 354 1972 cit,
378 1915 447 1962 oum
470 1896 673 1980 questionum
691 1894 800 1979 proelia
815 1902 845 1960 et
860 1895 1117 1960 obtrectationum
1133 1914 1256 1960 uenens
1270 1894 1433 1975 perpetitur,

303 2021 373 2066 cum
397 2000 633 2081 temptationum
656 1999 804 2064 scandula
826 2007 857 2063 et
880 1997 1045 2065 uerborum
1078 1999 1205 2081 laqueos
1239 1999 1339 2074 enitet,
1372 2015 1432 2062 cnm

303 2105 385 2190 patri
408 2103 580 2182 confitetur,
609 2123 678 2168 cum
703 2104 742 2168 od
766 2124 838 2168 eum
860 2111 934 2180 orat
958 2123 1029 2168 cnm
1051 2103 1080 2167 ei
1102 2103 1204 2168 omnis
1226 2103 1324 2166 uirtus
1345 2103 1382 2166 ab
1402 2120 1433 2164 eo

303 2215 358 2286 est,
382 2228 461 2286 cnm,
484 2207 557 2273 licet
579 2229 617 2274 ex
640 2207 820 2273 infirmitate
843 2207 980 2288 corporis
1002 2207 1112 2272 anxius
1134 2207 1266 2285 sitnon
1289 2225 1323 2270 se
1344 2204 1432 2270 solnm

303 2321 407 2378 tamen
438 2311 677 2396 relinquendum
707 2312 739 2376 in
770 2313 821 2377 die
854 2311 1008 2392 passionis
1030 2311 1216 2377 meminerit
1262 2311 1329 2376 hac
1349 2310 1432 2394 igibu

169 2491 170 2494 Ἴ
251 2443 276 2480 20
303 2417 406 2482 omnin
429 2438 466 2482 er
488 2435 621 2500 persona
643 2416 710 2481 eins
732 2417 765 2480 in
789 2415 909 2496 psslmo
932 2415 1081 2481 contineri
1096 2415 1259 2480 docemur:
1282 2420 1373 2498 etque
1387 2414 1430 2483 its

303 2529 336 2586 nt
357 2522 388 2586 in
423 2518 481 2598 his,
516 2539 585 2604 quae
619 2526 737 2584 natura
769 2518 916 2585 humsnae
950 2521 1079 2586 societas
1113 2519 1273 2601 permittit,
1303 2535 1431 2603 persons

304 2625 397 2690 etiam
420 2629 534 2688 nostrae
558 2644 595 2689 ex
617 2623 719 2708 aliquo
742 2622 881 2708 intellegi
904 2624 1004 2705 possit
1025 2625 1132 2689 oratio.

348 2816 377 2880 3.
401 2814 469 2879 Hoc
492 2815 584 2891 enirn,
608 2815 691 2897 qnod
713 2815 756 2879 its
779 2821 912 2899 coeptum
937 2819 999 2879 est:
1034 2814 1148 2894 eripe
1179 2835 1248 2892 me,
1279 2813 1430 2883 domine,

304 2940 348 2983 en
372 2919 533 2983 homine
568 2917 832 2994 ms10‚sniro
865 2919 1007 3002 iniquo
1040 2917 1175 2983 libere
1209 2939 1277 2993 me.
1299 2921 1430 2984 adcom-

252 3047 276 3084 π
303 3041 428 3088 munem
460 3042 581 3106 quoque
611 3023 802 3087 credentium
839 3023 979 3088 omnium
1001 3025 1135 3104 pertinet
1157 3043 1292 3104 precem
1333 3038 1430 3088 omnes

303 3125 386 3192 enim
408 3126 538 3199 insidia,
562 3145 774 3210 quascumque
797 3127 886 3192 nobis
909 3127 1063 3208 spiritales
1078 3128 1225 3211 nequitia
1242 3125 1429 3209 pretendunt
1522 3116 1523 3167 1

303 3231 438 3295 maxime
461 3250 517 3311 per
532 3228 673 3294 homines
688 3237 846 3310 aptentur:
870 3237 900 3295 et
914 3231 1092 3295 occasiones
1106 3230 1192 3296 uitiis
1207 3232 1320 3297 nostris
1333 3229 1429 3294 clena
1522 3296 1523 3315 ἶ

303 3341 420 3400 naturae
450 3334 637 3414 peruersitas
667 3333 888 3400 subministrat
932 3335 964 3398 in
987 3333 1056 3400 lites
1086 3355 1143 3401 nos
1176 3336 1277 3401 inicus
1299 3333 1427 3416 erogitat,
1522 3336 1523 3379 l

302 3441 334 3504 in
358 3439 527 3504 anxietates
550 3439 782 3502 aduersantium
807 3444 839 3504 et
860 3439 1074 3504 insidiantium
1094 3440 1186 3505 nobis
1202 3447 1301 3506 terror
1314 3434 1427 3518 inpellit

250 3566 276 3602 so
302 3543 333 3607 in
358 3542 518 3607 libidinem
542 3540 673 3606 facultas
697 3543 785 3607 sein
810 3543 842 3606 id
871 3543 1038 3626 praebentis
1061 3543 1179 3608 inuitat.
1225 3543 1327 3609 oculus
1352 3540 1425 3604 onim
1522 3536 1523 3571 l

347 3775 360 3825 l
382 3769 528 3824 elocuntur
549 3769 573 3822 G
592 3769 741 3838 eloqnntur
759 3771 785 3823 R
838 3771 941 3824 distas
959 3771 985 3824 R
1037 3771 1226 3825 seecundum
1248 3788 1306 3825 eam
1322 3767 1385 3822 enim
1403 3761 1426 3812 G

303 3857 468 3910 saecundum
496 3856 569 3910 enim
597 3873 630 3909 es
649 3857 674 3908 R
725 3857 836 3926 generis
853 3857 907 3910 fuit
927 3859 952 3910 G
969 3857 1024 3911 luit
1041 3859 1152 3925 generis
1171 3859 1198 3911 R
1249 3857 1360 3923 bsdque
1378 3849 1427 3902 GR

304 3963 337 4014 10
353 3947 544 4029 praeconillll
599 3964 631 4014 16
650 3960 738 4014 euitat
758 3961 798 4013 Ge
815 3962 887 4014 uitet
905 3961 946 4014 Ru
999 3963 1033 4014 18
1050 3978 1106 4014 non
1133 3979 1163 4015 se
1190 3964 1279 4017 solnm
1303 3967 1383 4014 temen
1402 3954 1425 4002 (τ’
1522 3984 1523 3987 ¹

302 4065 358 4100 non
376 4047 465 4100 solum
483 4053 576 4102 tamen
595 4065 624 4101 se
634 4048 689 4101 RE
739 4051 775 4103 20
791 4048 881 4115 adque
893 4049 918 4100 G
970 4050 1006 4103 24
1022 4065 1057 4102 ex
1069 4048 1181 4104 homine
1194 4050 1246 4103 GR
1254 4049 1287 4104 ab
1295 4044 1391 4102 homine
1401 4041 1427 4092 E

302 4135 336 4186 25
353 4135 475 4202 pertinet
501 4151 629 4203 praecem
659 4135 684 4187 G
710 4151 839 4203 praecem
865 4136 988 4203 pertinet
1016 4136 1041 4189 R
1092 4138 1127 4190 28
1146 4136 1236 4190 inicus
1255 4137 1280 4189 G
1303 4127 1424 4198 iniqnsR
1522 4172 1523 4175 ,

302 4221 337 4274 30
354 4221 512 4288 praebentis
531 4221 633 4275 inuitat
653 4223 705 4274 GR
723 4222 881 4290 praebentis
899 4222 954 4275 loci
970 4222 1074 4276 inuitat
1092 4223 1120 4275 E
1135 4224 1171 4280 cf.
1190 4225 1268 4276 ¹rlcod.
1282 4241 1307 4292 p.
1323 4216 1362 4272 65·
