3075 4967
296 271 359 338 558
644 276 762 327 saneti
781 273 917 328 Hilarii
935 273 1098 342 episcopi

296 471 327 529 et
350 464 383 529 si
405 462 548 540 lumen,
581 463 685 547 quod
708 463 746 528 in
779 469 816 528 te
840 468 910 535 est,
935 463 1237 530 tenebraesunt
1260 463 1430 527 tenebra

295 567 391 648 ipsae
411 575 570 651 quantae
587 567 702 632 sunt?
725 573 907 632 etrursum:
930 586 999 631 uos
1023 567 1127 632 estis
1150 565 1237 631 filii
1261 566 1429 631 luminis

295 690 370 734 uon
394 671 478 736 lilii
502 671 778 738 tenebrarum.

339 775 387 839 22.
413 775 676 841 Seruauit-nutem
701 774 794 840 etiam
818 773 900 840 hano
922 775 1071 839 rationem
1102 775 1263 855 propheta,
1298 779 1331 839 nt
1351 793 1428 839 oum
1529 757 1530 797 ³

255 907 267 942 s
295 877 629 945 habitationibus
661 879 788 945 Oedur
818 878 1010 956 habitauerit
1041 899 1102 943 non
1133 877 1427 943 inhabitationibus.
1529 912 1530 966 p

293 981 367 1047 lioet
400 983 483 1048 enim
518 983 616 1049 saneti
650 984 680 1048 in
716 1003 808 1050 earne
843 984 956 1060 uiuant,
987 991 1102 1060 tamen,
1134 984 1160 1047 si
1191 982 1330 1048 habeant
1349 1001 1430 1046 arma
1528 972 1530 1007 ¹

292 1086 409 1152 militiae
433 1107 493 1152 non
517 1088 658 1156 earnalia.
675 1090 731 1154 sed
754 1089 892 1168 potentia
914 1088 982 1164 deo,
997 1087 1218 1153 cohabitabunt
1234 1084 1429 1152 tabernaculis

293 1188 402 1268 Cadur,
425 1212 487 1256 non
510 1192 735 1258 inhabitabunt.
781 1191 1019 1276 peregrinantes
1043 1191 1127 1257 enim
1147 1211 1164 1254 a
1181 1210 1310 1270 eorpore
1332 1197 1365 1254 ut
1385 1189 1429 1254 dai
1529 1171 1530 1205 ³

293 1293 404 1360 acoolse
417 1296 591 1362 audieutab
605 1295 757 1377 apostolo:
781 1315 851 1360 rios
873 1301 1006 1360 antem
1030 1315 1105 1359 non
1128 1294 1232 1359 estis
1251 1294 1290 1358 in
1306 1313 1427 1361 earne.

242 1425 266 1460 ιο
294 1401 364 1464 sed
398 1399 435 1463 in
467 1401 634 1484 spiritu;
669 1401 700 1466 si
735 1407 866 1465 tamen
899 1400 1076 1481 spiritus
1110 1399 1175 1464 dei
1210 1397 1425 1463 habitatin

293 1503 418 1568 uobis.
464 1503 509 1569 sie
532 1524 607 1590 ergo
631 1504 793 1581 habitauit,
816 1511 850 1568 ut
872 1502 1063 1569 cohabitaret
1086 1502 1307 1580 habitantibus,
1330 1509 1425 1568 osteu-

294 1608 371 1673 dens
394 1607 426 1671 in
449 1627 494 1686 eo,
518 1628 611 1692 quem
635 1608 744 1686 doleat,
767 1608 901 1674 ineolotu
917 1628 951 1673 se
967 1627 1037 1672 esse
1053 1607 1264 1691 peregrinum.
1311 1613 1342 1671 et
1363 1606 1426 1689 qnia

293 1711 468 1795 iniquorum
492 1713 679 1779 consortium
703 1721 735 1779 et
757 1712 1021 1779 cohabitationem
1038 1711 1246 1776 habitantium
1269 1711 1300 1776 in
1324 1711 1425 1774 obseu-

293 1816 434 1881 ritatibns
457 1813 584 1894 odisset,
609 1837 795 1901 quamquam
818 1817 859 1882 de
877 1816 978 1881 futuro
992 1816 1054 1880 iam
1072 1821 1200 1899 questus
1217 1822 1308 1890 esset,
1332 1813 1426 1878 adhue

241 1943 266 1980 a
293 1919 384 1984 etiam
409 1919 448 1984 de
471 1922 625 2000 praeterito
648 1921 706 1986 ait:
730 1920 894 1986 multum
919 1919 1053 1985 inoola
1077 1919 1154 1984 init
1183 1918 1314 1984 anima
1343 1937 1427 1991 mes,

292 2024 324 2088 in
347 2022 451 2089 multis
475 2023 593 2090 seilicet
616 2024 860 2090 tribulationibus
882 2023 1033 2090 labiorum
1056 2024 1231 2107 iniquorum
1262 2028 1293 2088 et
1320 2021 1426 2106 lingua

292 2125 413 2202 dolosae,
437 2129 475 2193 ob
500 2149 575 2213 quas
599 2130 639 2193 ad
663 2130 820 2194 dominum
844 2128 1055 2210 proclamauit.

335 2231 386 2298 23.
411 2233 473 2298 Sed
496 2233 668 2298 cuiusmodi
691 2231 841 2299 inuolatus
857 2234 916 2298 sibi
932 2234 1031 2310 suerit,
1047 2232 1182 2298 ostendit
1204 2233 1327 2296 dicens:
1350 2247 1425 2294 curn

291 2336 365 2414 his,
389 2337 455 2421 qui
478 2339 649 2402 oderant
672 2357 819 2422 paoem,
844 2337 1181 2418 erampaaifious.
1204 2336 1264 2400 boe
1277 2333 1425 2415 proprium
1529 2378 1530 2397 r

240 2461 265 2500 so
293 2447 324 2505 et
346 2441 474 2526 dignum
510 2441 668 2523 prophetae
702 2448 757 2520 est,
792 2442 964 2508 simultates
998 2448 1030 2507 et
1063 2449 1164 2506 motus
1187 2447 1304 2504 natura
1327 2437 1427 2502 aliena

291 2544 455 2609 uoluntatis
479 2565 542 2610 sure
567 2566 643 2626 paee
667 2546 814 2612 cohihere
837 2553 867 2611 et
889 2545 1000 2611 infidas
1030 2565 1169 2630 quasque
1200 2543 1371 2610 animorum
1393 2558 1427 2603 ao

293 2648 483 2714 turbulentas
514 2647 692 2716 affeotiones
722 2651 808 2715 omni
837 2649 1052 2732 placabilitatis
1085 2648 1237 2714 modestia
1266 2646 1426 2713 continere
1528 2672 1529 2737 3

292 2758 322 2816 ot
344 2750 411 2816 hmo
434 2753 578 2819 dominus
599 2755 701 2819 docuit
723 2753 892 2835 pacificans
914 2755 980 2835 ipso
1002 2754 1035 2818 in
1058 2760 1167 2830 semet,
1203 2771 1272 2836 qua
1294 2751 1326 2815 in
1348 2747 1426 2814 aulis

292 2861 323 2920 ot
345 2855 376 2919 in
401 2863 483 2922 terra
513 2865 591 2934 sunt,
625 2879 713 2924 orare
744 2879 799 2940 pro
829 2859 1096 2942 persequentibus,
1129 2857 1288 2922 nemiuem
1318 2853 1424 2919 odisse.

336 3017 349 3067 l
369 3014 467 3067 Matth.
486 3013 532 3082 Vl,
551 3017 592 3070 23.
629 3017 645 3068 2
664 3017 676 3069 l
695 3015 791 3069 Thess.
809 3017 834 3084 ὅ,
853 3017 877 3070 5.
912 3018 929 3069 9
947 3016 1025 3069 Rom.
1044 3013 1118 3082 VIII,
1137 3018 1162 3069 9.

335 3137 347 3189 1
368 3135 392 3188 si
409 3135 504 3190 lumen
522 3137 596 3204 quod
623 3137 652 3190 in
675 3141 704 3190 te
722 3141 765 3192 est
792 3137 923 3192 tenebrae
950 3142 1014 3191 sunt
1033 3137 1111 3189 PTE
1126 3137 1162 3204 cs.
1181 3136 1300 3190 Sebatier
1318 3133 1372 3198 m,
1388 3129 1425 3184 36
1527 3124 1528 3193 J

290 3221 388 3289 quodsi
414 3223 509 3276 oculus
536 3229 600 3277 tuus
626 3225 788 3278 tenebrosus
807 3224 832 3277 R
850 3223 986 3288 (librarius
1013 3226 1050 3277 od
1070 3224 1225 3277 anahaitam
1244 3223 1423 3275 ontoeadeatera

289 3311 359 3362 sacri
384 3319 466 3363 ratae
489 3309 634 3376 aberrauit)
687 3311 787 3364 doum
813 3310 1031 3365 habitationibus
1059 3311 1123 3363 Vm
1149 3325 1215 3363 oum
1241 3306 1426 3392 habitantibus

289 3411 360 3480 (ntib
378 3415 405 3465 ia
423 3429 475 3466 ras.
495 3411 522 3477 Il
541 3415 567 3467 R
593 3430 656 3468 oum
682 3413 905 3468 habitantibuse
957 3414 1109 3469 tmilitiae
1137 3414 1219 3467 RTE
1242 3432 1273 3467 ea
1295 3405 1428 3465 miliaeP

288 3500 473 3554 tabernaculis
493 3501 571 3553 PTE·
587 3501 616 3554 iu
635 3501 821 3556 tabernaculis
841 3502 866 3554 R
883 3501 916 3564 ef.
935 3503 966 3554 de
989 3503 1044 3554 loco
1070 3503 1191 3555 aninmo
1210 3517 1242 3554 oc
1259 3502 1289 3554 de
1305 3497 1425 3552 sententio

1017 3587 1040 3625 ln

289 3642 349 3693 oda.
368 3640 464 3693 Bened.
519 3641 535 3692 8
553 3656 609 3692 non
628 3639 823 3694 inhabitabunt
842 3641 870 3692 E
885 3658 940 3694 non
958 3653 992 3684 Ξ
1011 3640 1211 3694 =÷habitabunt
1231 3640 1256 3692 P
1270 3655 1322 3692 non
1341 3633 1427 3690 aha-

289 3725 417 3780 bitabant
444 3727 496 3779 BT
547 3726 691 3781 bacculae
711 3727 736 3780 R
754 3725 812 3788 (uhi
837 3743 887 3782 ooo
914 3731 941 3780 ia
967 3726 1034 3793 roe.)
1060 3727 1139 3780 PTE
1192 3729 1222 3780 ll
1243 3721 1426 3778 habitantibus

289 3811 367 3865 PTE
382 3811 539 3866 habitantes
558 3813 583 3865 R
636 3814 783 3868 ostendens
802 3815 857 3867 RE
872 3819 1006 3869 oontuens
1024 3815 1075 3867 PT
1128 3816 1160 3866 la
1179 3813 1300 3866 inooletu
1321 3826 1353 3863 se
1369 3821 1427 3860 esso
1525 3864 1526 3887 ἶ

289 3897 368 3951 RTE
383 3895 574 3953 incolatu'essa
593 3900 619 3952 P
668 3901 820 3969 peregrind
838 3902 917 3954 PTE
932 3920 962 3955 ea
979 3901 1126 3970 peregrina
1144 3917 1213 3953 corr.
1230 3918 1263 3952 ra.
1284 3899 1299 3950 Ι
1320 3897 1348 3950 Β
1398 3899 1426 3946 et

289 3985 368 4038 PTE
383 4004 413 4040 ea
430 3991 490 4041 tum
517 3991 545 4040 et
569 4004 635 4040 corr.
655 3987 680 4040 R
735 3989 767 4041 13
785 3987 1018 4042 cohabitationem
1037 3988 1089 4041 ΠΤ
1114 3987 1284 4040 habitatione
1306 3983 1332 4036 V
1347 3981 1425 4035 soha-

289 4072 437 4126 bitationes
448 4073 477 4126 E
484 4072 754 4128 oonhabitationibus
766 4075 791 4127 P
842 4076 874 4128 15
892 4074 1000 4128 animes
1016 4075 1039 4127 l’
1090 4077 1123 4129 le
1141 4091 1206 4128 oum
1218 4073 1242 4126 is
1254 4071 1299 4141 qni
1311 4069 1426 4124 oderam

295 4161 367 4228 Vos.
387 4161 505 4215 Soholier
517 4161 556 4228 II,
577 4159 636 4214 250
655 4179 718 4216 oum
736 4162 893 4215 odientibus
904 4163 981 4215 PTE
992 4179 1055 4217 eum
1072 4161 1198 4216 odientes
1209 4162 1234 4214 R
1284 4159 1319 4212 10
1337 4161 1426 4209 motus
1524 4178 1525 4227 ἦ

289 4247 367 4299 PI'E
381 4264 453 4316 supr.
470 4265 520 4302 aar.
539 4267 572 4301 m.
592 4247 608 4300 1
627 4249 652 4302 R
703 4251 735 4303 al
756 4266 824 4317 paee
843 4250 924 4303 RTE
938 4266 1034 4318 paoem
1054 4250 1085 4303 P.
