3075 4967
364 268 545 318 tractatus
564 264 598 316 in
621 264 796 333 psalmum
815 264 934 318 cxxxi.
1160 265 1220 330 671

88 452 157 518 illud
177 453 270 518 hodie
290 454 354 520 iem
370 453 489 520 nullum
511 460 566 524 est.
590 453 752 520 incensum
777 463 832 532 est,
856 455 992 520 dirutum
1011 463 1065 534 est
1089 454 1223 522 informe

86 557 174 622 ruinis
197 565 259 623 eat:
294 564 325 623 et
354 558 408 624 ubi
442 577 517 642 ergo
547 558 598 623 dei
627 558 751 641 requies
781 556 853 623 est?
898 559 1048 625 mentitus
1071 560 1224 641 propheta

86 667 135 739 est
167 668 198 727 ct
231 662 358 730 inritum
392 664 579 728 sacramenti
605 662 704 742 ipsius
740 668 849 728 uotum
882 661 953 728 est‘l
997 664 1073 730 deus
1108 665 1223 731 etenim

84 765 227 849 requiem,
250 786 343 850 quam
365 767 395 832 ei
418 786 452 832 aa
474 767 591 832 iuratus
614 781 810 847 repertumm
832 773 971 844 uouerat,
1004 767 1130 834 amisit?
1166 769 1223 835 ita·

84 889 139 952 que
167 870 239 954 qnia
268 890 369 954 neque
404 870 453 936 dei
487 869 633 955 dignitati
667 889 766 954 neque
800 877 916 936 naturae
947 870 1082 938 hominis
1120 892 1223 959 neque
1263 901 1274 936 c

83 971 210 1040 locomm
227 974 348 1041 ueritati
363 994 465 1059 neque
481 981 656 1056 temporum
672 974 873 1041 demutationi
890 974 957 1042 haec
972 975 1221 1061 inreligiosurum

82 1078 256 1157 opinionum
285 1078 435 1162 figmenta
469 1078 664 1156 conueniunt,
699 1099 737 1144 ex
773 1079 841 1144 istis
872 1099 954 1146 nunc
998 1080 1221 1162 scripturarum

81 1181 243 1248 celestium
280 1183 513 1249 auctoritatibus
558 1183 834 1249 demonstrandum
878 1191 927 1249 eet
970 1184 1010 1248 ad
1055 1204 1221 1266 personam

81 1285 192 1350 domini
214 1285 289 1353 Iesu
311 1284 427 1352 Christi
459 1295 490 1352 et
518 1286 559 1351 ad
588 1285 725 1353 ccclesiae
755 1287 1035 1354 sanctificationem
1065 1287 1220 1370 psalmum

80 1409 143 1456 esse
165 1390 373 1456 referendum.
1250 1421 1273 1457 u

120 1493 168 1559 12.
190 1495 335 1560 Diximus
358 1495 507 1577 superius,
541 1494 633 1560 etiam
656 1493 739 1561 hunc
767 1496 952 1577 prophetam
983 1499 1022 1562 de
1044 1497 1147 1563 Dauid
1169 1497 1220 1563 illo

80 1596 162 1675 iusto,
184 1607 320 1680 pastore,
343 1618 428 1683 rege,
452 1600 580 1675 oriente,
603 1598 635 1663 in
658 1598 779 1681 psalmo
812 1600 872 1665 istc
902 1600 1106 1684 prophetasse
1128 1608 1161 1666 et
1183 1621 1221 1669 ex

79 1721 207 1780 persona
229 1703 296 1769 eins
317 1702 455 1769 locutum
478 1723 557 1782 esse,
581 1723 652 1768 cum
669 1704 759 1767 dixit:
784 1703 816 1769 si
839 1705 1004 1770 intrabo
1026 1705 1065 1770 in
1089 1705 1219 1793 taber-

79 1806 537 1888 naculumdomnsmeae‚
560 1807 593 1874 si
613 1809 839 1873 ascendero
863 1809 901 1874 in
924 1807 1074 1876 lectum
1097 1811 1218 1875 strati

78 1912 158 1984 mei.
182 1913 217 1977 si
242 1911 395 1976 dedero
418 1931 597 1976 somnum
631 1910 764 1977 oculis
800 1913 898 1978 meis
933 1919 970 1978 et
1003 1913 1219 1995 palpebris
1248 1937 1272 1974 re

78 2015 172 2079 meis
196 2015 534 2080 dormitationem
557 2023 596 2080 et
617 2016 801 2100 requiem
835 2017 1086 2097 temporibus
1109 2019 1218 2096 meis,

77 2119 199 2185 donec
222 2119 429 2184 inueniam
453 2119 584 2186 locum
607 2120 776 2198 domino,
811 2121 1122 2189 tabernaculum
1147 2123 1219 2188 deo

76 2218 205 2290 Iacob.
252 2243 334 2291 nunc
356 2243 430 2288 uero
454 2230 487 2289 ut
508 2243 542 2289 se
565 2224 626 2289 uoti
651 2224 717 2290 eius
739 2244 801 2289 non
824 2225 970 2309 ignomin
1001 2246 1102 2310 neque
1133 2226 1218 2308 iupe-

75 2327 163 2392 ritum
188 2347 262 2393 esse
285 2326 436 2409 propheta
451 2328 637 2406 ostenderet,
661 2348 699 2393 ex
722 2347 855 2409 persona
870 2348 926 2394 sua
940 2328 1075 2412 loquitur
1098 2330 1216 2396 dicens:

76 2451 163 2498 ecce
198 2430 431 2498 audiuimus
464 2452 550 2498 eam
584 2433 621 2497 in
648 2431 837 2514 llphrata,
872 2433 1102 2501 inuenimua
1134 2455 1217 2501 eam
1245 2454 1270 2492 ²⁰

75 2535 111 2599 in
138 2538 299 2618 campis
330 2535 453 2602 silua.
498 2537 647 2619 superius.
666 2537 718 2603 ubi
742 2539 929 2604 sacramenti
951 2537 1059 2624 religio
1083 2559 1218 2606 comme·

73 2646 218 2720 moratur,
257 2660 335 2706 unus
372 2641 484 2707 iurauit
516 2661 553 2707 uc
585 2642 677 2706 uouit.
735 2661 815 2708 unus
850 2642 933 2708 enim
967 2643 999 2707 in
1033 2643 1134 2708 sorrna
1167 2644 1218 2709 dei

73 2763 199 2810 manens
222 2745 357 2810 formam
379 2745 461 2810 serui
484 2746 621 2827 accepit;
644 2757 675 2811 ct
696 2765 777 2811 unus
800 2747 944 2812 dominus
968 2747 1056 2814 Iesus
1076 2745 1217 2814 Christus

73 2853 123 2926 est
145 2868 205 2932 per
228 2867 323 2932 quem
357 2850 469 2927 omnia,
503 2869 564 2914 uno
599 2850 656 2916 deo
688 2857 786 2931 patre,
820 2871 857 2915 er
888 2871 950 2935 quo
980 2853 1091 2918 omnia.
1137 2872 1217 2919 nunc

72 2959 169 3017 eutem
194 2953 250 3018 ubi
273 2952 411 3019 scientim
432 2953 623 3035 prophetica
646 2954 779 3038 cognitio
802 2955 983 3033 ostenditur,
1015 2975 1054 3022 er
1085 2975 1218 3037 persona
1244 2975 1269 3012 ⁹⁶

71 3052 202 3134 plurium
221 3056 347 3122 dieitur:
367 3057 598 3124 audiuimus
618 3078 702 3124 cem
720 3059 758 3123 in
783 3057 969 3140 liphrata,
987 3060 1217 3126 inuenimus

111 3181 146 3233 aa
164 3181 178 3233 1
198 3179 260 3233 cor.
279 3182 304 3247 e,
323 3182 348 3234 e.
843 3225 846 3234 .

112 3269 123 3318 l
145 3267 213 3320 illut
236 3266 262 3320 V
311 3269 413 3335 {largo
440 3267 485 3321 dei
506 3267 558 3320 GR
576 3260 607 3321 di
630 3284 698 3337 ergo
716 3268 768 3320 PT
819 3268 956 3338 propheta
980 3267 1101 3337 (prolata
1120 3267 1155 3336 G)
1174 3274 1216 3323 eet

74 3352 148 3404 (Wl'
164 3358 209 3408 eat
226 3352 318 3422 ‘plata
336 3354 361 3406 R
413 3347 601 3408 adiecerim
622 3355 647 3405 (ι’
700 3355 801 3423 dquia
821 3355 903 3408 ΗΒΕ
919 3355 1006 3407 οηι.Ρ
1021 3373 1092 3425 anpr.
1111 3357 1217 3413 cddT

70 3441 85 3490 7
102 3437 234 3493 ficmenta
254 3441 280 3492 G
332 3456 367 3494 ex
385 3441 445 3495 istis
463 3457 537 3494 nunc
552 3440 577 3492 G
594 3455 631 3494 ex
648 3440 715 3509 ipsis
732 3459 806 3495 nunc
826 3441 851 3494 R
869 3458 905 3495 ex
922 3441 988 3510 ipsis
1004 3441 1078 3495 VPT
1129 3443 1216 3498 scrib-

71 3529 196 3580 turarum
217 3527 274 3581 GV
323 3531 340 3581 9
358 3523 407 3581 dm
426 3527 451 3578 G
469 3526 574 3580 domim
593 3527 619 3581 R
637 3521 732 3582 drffin
756 3527 901 3581 Vdomini
925 3528 1013 3581 nostri
1033 3529 1083 3581 PT
1098 3530 1133 3599 cs.
1152 3527 1214 3592 infr.

72 3614 102 3666 13
118 3613 159 3668 ait
188 3611 252 3679 (del.
269 3633 302 3667 m.
318 3611 352 3680 2)
380 3614 453 3668 dixit
477 3613 501 3667 V
551 3615 584 3668 14
601 3613 704 3668 inlecto
729 3615 756 3667 P
807 3614 887 3668 atrati
915 3633 945 3667 er
971 3619 1062 3669 stratu
1089 3613 1162 3668 ru?
1194 3616 1219 3670 V

70 3739 157 3789 stratu
178 3736 206 3786 (ι’
229 3733 407 3800 tumtunm
426 3736 478 3804 leui
494 3735 590 3806 potest)
644 3737 677 3790 15
695 3740 724 3789 et
747 3735 888 3805 palpebris
906 3736 975 3789 meis
994 3737 1073 3791 RPT
1089 3741 1137 3792 eut
1155 3737 1214 3806 pal·

69 3821 159 3886 pehria
178 3822 250 3875 meis
270 3824 296 3875 G
314 3828 342 3875 et
359 3822 491 3892 pallebris
516 3822 590 3889 Vos.
604 3842 633 3894 p.
651 3821 717 3888 ool,
746 3822 779 3875 17
852 3825 884 3876 18
911 3822 969 3877 eius
989 3823 1066 3876 RPT
1089 3823 1169 3878 huius
1194 3825 1218 3878 V

70 3959 103 4013 ‘20
119 3960 210 4014 efrata
235 3961 260 4012 G
284 3959 436 4015 efrathaR
489 3979 550 4016 eam
576 3962 606 4014 in
633 3962 737 4030 campis
756 3962 809 4015 ΒΤ
835 3917 888 4015 oum
901 3962 931 4015 in
958 3961 1062 4031 campis
1083 3963 1108 4015 G
1127 3979 1159 4016 aa
1185 3961 1214 4016 iu

70 4048 172 4116 campio
192 4047 219 4100 P
268 4048 303 4102 23
321 4049 449 4104 dominus
466 4050 543 4103 Iesus
562 4049 687 4102 Christus
702 4049 757 4102 RE
773 4049 825 4102 dha
843 4050 887 4103 rhs
905 4049 978 4102 VPT
1030 4052 1064 4104 at
1081 4066 1138 4104 uno
1162 4049 1214 4103 deo

70 4137 145 4197 patre
161 4134 263 4186 VRPT
279 4152 349 4188 unua
368 4137 435 4190 deus
453 4141 533 4205 peter
551 4154 564 4188 e
615 4137 650 4191 26
668 4135 790 4204 plurium
804 4137 843 4190 Re
860 4136 972 4205 plurem
991 4137 1015 4190 V
1030 4137 1214 4206 plurimorum

647 4221 661 4260 u

71 4269 131 4322 Vsu
185 4288 248 4325 eam
267 4273 296 4327 in
314 4294 343 4328 ex
362 4291 394 4329 ea
412 4293 445 4328 m.
464 4275 485 4328 2
507 4275 533 4329 V
582 4275 670 4329 efreto
688 4276 713 4329 R
731 4274 867 4344 ephratha
886 4275 912 4328 Ρ
926 4275 1062 4330 elruthem
1089 4277 1115 4331 V.
