3075 4967
384 261 567 310 tractulus
585 256 619 308 iu
638 255 810 322 psalmum
829 252 939 308 LXVII.
1175 251 1237 318 307

118 450 243 514 uerticem
272 445 372 527 capilli
394 445 426 509 in
450 445 584 525 peccatis
608 443 671 508 suis
694 441 958 508 deambulantium
982 441 1170 527 significatio
1192 443 1239 508 in·

117 551 270 636 tellegende
292 557 340 616 eet
362 550 529 616 secundnm
552 547 642 614 illud:
678 547 914 612 deuastauit
947 567 1030 612 eam
1060 567 1158 628 aper
1192 548 1239 613 de

116 656 215 732 silue,
238 665 271 720 et
301 652 531 739 singularis
564 653 678 718 ierus
712 653 912 732 depastus
945 658 1008 717 est
1041 671 1132 718 eam.
1177 671 1239 736 quo

116 761 140 824 in
170 759 231 826 loco
262 760 357 840 ipsius
391 757 540 839 principis
575 755 691 836 mnndi,
727 755 759 819 id
793 761 988 832 ostentante,
1011 761 1043 822 et
1071 756 1239 822 inmanitas

115 864 288 948 significatur
311 871 342 928 et
363 863 470 927 uirtus.
515 860 547 925 id
570 880 646 944 ergo
668 879 750 925 nuuc
774 860 874 940 poscit
895 859 1056 940 propheta
1078 867 1112 924 ut
1133 859 1184 926 uel
1206 861 1239 925 in
1279 883 1293 924 e

115 968 164 1034 has
184 968 260 1033 seres
283 967 431 1033 siluarum
455 965 504 1031 uel
527 966 557 1030 in
581 964 640 1030 hoc
663 963 826 1030 concilium
860 971 1018 1029 taurorum
1042 964 1123 1030 inter
1145 985 1240 1048 popu·

115 1071 200 1136 lorum
220 1071 356 1152 increpet
377 1089 497 1148 uaccas,
520 1089 559 1134 ne
583 1067 625 1147 hi,
659 1068 711 1152 qui
733 1067 854 1151 probati
877 1072 1113 1151 argentosum,
1136 1068 1239 1134 exclu-

115 1177 219 1241 dantur.
261 1175 382 1259 probati
405 1181 507 1239 autem
530 1176 659 1258 argento
682 1170 714 1236 hi
738 1178 820 1251 sunt,
851 1172 905 1254 qui
934 1173 1106 1237 secundum
1128 1193 1240 1256 argeu-

116 1288 169 1344 tum
191 1279 328 1346 deiaeoati
350 1285 383 1344 et
404 1277 581 1362 passionum
602 1277 739 1341 omnium
760 1276 835 1360 igne
857 1276 975 1342 decocti
1005 1275 1187 1342 inmaeulati
1209 1283 1241 1342 et

115 1383 170 1448 sine
190 1391 317 1450 terrenae
340 1383 442 1449 sordis
464 1381 653 1447 admixtione
677 1381 739 1444 iam
763 1379 937 1461 splendent.
1267 1404 1293 1441 ιο

151 1487 194 1552 32.
216 1485 292 1553 (lum
314 1488 400 1553 enim
422 1483 620 1568 propheticus
643 1503 744 1549 sermo
775 1484 869 1548 fidem
901 1485 1042 1570 gentium
1073 1485 1240 1569 populique

115 1591 191 1657 huius
222 1592 433 1658 exacerbantis
468 1591 630 1671 inprobam
662 1588 855 1654 uoluntatem
888 1590 1061 1672 saepissime
1092 1589 1241 1672 increpet,

115 1695 223 1780 iamque
244 1695 328 1761 salus
351 1715 370 1759 a
392 1694 451 1760 deo
474 1694 506 1758 in
529 1713 638 1758 omnes
661 1713 716 1774 per
739 1711 911 1776 omnesque
933 1693 974 1757 sit
997 1693 1121 1777 cognita
1147 1693 1242 1778 idque

114 1801 287 1865 exorientia
309 1799 517 1881 dispositionis
552 1799 601 1862 dei
636 1805 743 1861 notum
778 1797 825 1872 sit
860 1806 925 1861 tum
956 1797 1115 1878 impietate
1137 1797 1248 1879 populi.

115 1905 282 1984 exprobrata
319 1905 416 1968 saneti
455 1903 570 1986 quique
608 1901 640 1965 in
677 1921 766 1982 spem
804 1902 894 1984 regni
924 1901 1055 1967 caelestis
1087 1911 1242 1967 uocantur.
1270 1923 1295 1960 ιε

113 2009 302 2074 nonenim
326 2007 552 2072 Iudaeorum
582 2007 679 2070 deus
711 2013 865 2070 tantum
896 2011 968 2080 est,
991 2025 1068 2070 non
1091 2012 1129 2072 et
1152 2025 1242 2090 gen-

115 2112 212 2177 tium:
235 2114 354 2176 immo
377 2117 414 2177 et
438 2111 635 2194 gentium;
670 2128 769 2174 unus
803 2110 910 2174 enim
944 2111 1043 2176 deus
1074 2117 1144 2187 cst,
1176 2110 1242 2194 qui

115 2215 309 2282 iustificat
343 2215 705 2280 circumcisionem
738 2233 782 2279 ex
817 2213 901 2278 fide
932 2219 971 2278 et
1001 2214 1243 2296 preputium

116 2339 173 2397 per
203 2321 217 2384 1
222 2321 340 2386 idem.
385 2326 493 2402 postea
526 2339 602 2403 ergo
647 2337 741 2402 quem
787 2317 946 2402 increpitis
992 2317 1042 2382 his
1086 2319 1242 2402 principes

116 2421 299 2490 Sodomorum
332 2429 363 2488 et
391 2423 545 2506 principes
577 2421 825 2488 Gomorreorum
856 2441 925 2487 esse
955 2430 1143 2499 moruerunt,
1177 2428 1243 2487 tum
1270 2441 1296 2479 eo

115 2527 270 2612 adgentes
293 2528 431 2612 cognitio
454 2528 503 2592 dei
526 2526 715 2609 scientiaque
746 2525 883 2606 defluxit,
914 2532 944 2590 ot
973 2526 1037 2590 iam
1068 2546 1131 2591 non
1161 2525 1244 2591 intra

116 2649 236 2698 errorem
259 2651 363 2716 neque
393 2630 666 2696 contradictionem
700 2629 821 2694 inscitia
856 2630 1039 2696 detinentur.
1086 2631 1242 2711 increpitis

115 2743 202 2802 autem
225 2734 374 2801 siluarum
398 2735 473 2800 seris
492 2741 709 2818 taurorumque
725 2733 862 2798 conciliis
877 2734 1044 2819 uaccisque
1059 2734 1243 2821 populorum

116 2857 166 2918 eos
187 2841 235 2924 qui
258 2840 362 2906 adhuc
389 2839 546 2921 perpetuis
576 2839 741 2904 aduersum
771 2837 911 2921 gentium
940 2858 1030 2922 spem
1053 2859 1089 2904 ac
1113 2839 1244 2905 salutem

149 2996 219 3050 em.
237 2997 361 3064 nxxrx,
383 2999 422 3050 14.
459 2999 492 3050 ιο
511 2995 589 3050 raom.
608 2995 656 3062 ru,
675 2997 710 3049 aa
728 3013 768 3062 sq.

154 3137 339 3244 rdmmbllln
365 3189 390 3242 P
440 3187 626 3242 ildiuestauit
649 3188 674 3240 V
697 3188 835 3241 euastanit
853 3188 880 3240 P
929 3189 1009 3243 3est
1035 3191 1095 3242 add.
1118 3207 1151 3242 m.
1176 3186 1197 3240 2
1224 3189 1249 3242 V

118 3270 160 3327 hoe
174 3275 201 3329 in
218 3277 278 3331 loco
295 3278 321 3329 P
370 3275 545 3344 4principes
569 3275 595 3329 V
644 3280 772 3356 sataneae
798 3292 865 3328 corr.
890 3273 962 3328 m.2
985 3275 1011 3328 V
1060 3279 1077 3329 6
1101 3279 1245 3328 taurorum

118 3375 243 3434 ornare
296 3379 458 3449 uinorepat
481 3379 507 3433 V
555 3377 596 3433 nu
614 3396 644 3433 a
661 3377 690 3432 ur
714 3398 747 3433 m.
772 3377 842 3433 211
890 3379 966 3434 ena
992 3384 1058 3434 aune
1085 3379 1138 3432 a?
1161 3363 1202 3443 dn
1220 3381 1246 3432 a

118 3463 213 3519 atreum
229 3467 239 3520 i
256 3486 328 3538 supr.
355 3485 404 3521 scr.
433 3485 465 3520 m.
495 3466 524 3532 1)
579 3465 732 3521 9defeceti
756 3466 805 3519 VP
829 3465 972 3535 depaccati
998 3466 1023 3518 R
1047 3466 1081 3519 de
1105 3465 1246 3534 peccatie

120 3552 263 3608 retenone
288 3555 313 3607 V
362 3555 394 3607 11
413 3553 539 3622 gentium
557 3551 700 3622 praedicet
718 3552 869 3621 populique
882 3553 911 3604 Ε
962 3554 995 3606 12
1013 3552 1206 3606 exeoernantis
1226 3554 1250 3606 V

118 3639 276 3707 saepissimae
299 3640 533 3728 ngpissimeell
588 3639 919 3708 ldidqneoascientiaV
970 3642 1072 3693 litum
1081 3641 1246 3708 compsinum

120 3737 291 3798 laonmcnm
308 3743 343 3810 V)
360 3744 435 3798 VRP
475 3744 603 3814 impietas
618 3743 667 3798 VP
710 3745 742 3798 lli
751 3744 903 3812 exprobrata
913 3743 956 3795 Ρα
1000 3742 1134 3796 inom.V
1178 3743 1208 3795 16
1218 3747 1247 3795 et

119 3841 165 3882 non
181 3831 256 3884 RPE
308 3833 340 3885 17
359 3831 443 3885 immo
471 3836 499 3886 et
525 3831 651 3900 gentium
678 3849 726 3884 om.
760 3830 810 3884 VP
863 3832 897 3884 19
913 3829 958 3884 his
986 3828 1034 3897 qni
1060 3828 1201 3898 principes
1220 3830 1249 3881 E

121 3911 157 3972 (de
172 3917 218 3970 ull.
235 3919 288 3971 cde.
307 3919 444 3972 meraciter
461 3927 584 3989 usurpato
602 3918 636 3987 cf.
656 3917 776 3987 Draeqer
800 3919 871 3985 Spar.
898 3916 936 3977 II.
961 3914 1029 3982 812)
1082 3919 1246 3984 20301101·-

121 4066 219 4108 rsornm
231 4057 256 4110 R
267 4013 445 4125 gomor'fl’um
456 4057 632 4125 Pgomorum
642 4074 672 4110 a
680 4056 857 4109 sodomorum
875 4073 907 4108 m.
920 4053 939 4107 2
954 4054 980 4108 V
1027 4059 1208 4109 maeruorunt
1226 4054 1252 4109 V

121 4137 147 4211 21
164 4141 241 4195 etiam
264 4160 319 4196 non
343 4144 369 4198 R
421 4144 496 4198 intro
515 4145 541 4198 P
591 4147 625 4198 22
644 4143 894 4198 contradictionem
920 4142 1064 4196 inscietiaa
1089 4142 1115 4196 V
1137 4147 1247 4196 contra·

122 4223 256 4282 dictionem
273 4229 404 4285 scientiae
423 4231 453 4284 P.

1039 4335 1090 4398 20,
