3075 4967
315 260 379 326 880
791 264 987 333 appendix.

314 452 512 531 interpretari
535 451 685 527 uolumus,
708 472 769 519 non
794 452 970 519 declamare
992 474 1086 520 -eo
1108 455 1205 539 igitur
1227 462 1376 538 tempore,
1399 478 1464 542 quo

314 555 479 621 insurrexit
491 555 664 621 Abessalon
682 568 791 622 contra
807 557 918 636 Dauid,
933 578 1014 624 unus
1031 559 1069 625 de
1084 560 1192 625 amicis
1209 561 1318 637 Dauid,
1334 563 1465 628 nomine

315 658 421 737 (illusi,
444 659 541 725 uoluit
562 660 608 725 iro
631 680 699 725 cum
724 660 825 725 Dauid
850 670 908 727 eto.

335 848 535 953 Exploratis
554 849 598 933 de
617 850 749 953 psalno
767 848 836 933 llv.
854 870 900 935 ex
916 850 1038 935 codiee
1055 852 1135 934 alin
1155 853 1444 956 leuauerunt,

274 1041 287 1079 ὅ
707 988 1073 1073 nunoltmoenotzt.

359 1168 385 1229 1.
411 1164 505 1230 Tituli
527 1165 728 1249 inscriptione
750 1171 941 1245 praenotatur
955 1166 1015 1231 iste
1031 1165 1185 1246 psalmus3
1207 1169 1264 1233 aed
1280 1188 1350 1252 quae
1366 1169 1462 1235 fuerit

313 1269 414 1336 Dauid
439 1268 518 1334 tituli
541 1268 709 1351 inscriptio
732 1270 763 1333 in
788 1268 919 1336 historia
936 1290 997 1335 non
1012 1271 1201 1337 inuenimus.
1245 1279 1462 1339 uerumtamen

313 1372 393 1439 tituli
427 1373 662 1454 inscriptionem
684 1374 716 1438 in
739 1374 883 1455 passione
908 1374 1025 1440 domini
1048 1375 1165 1440 iactam
1187 1378 1460 1461 recognoscimus;

313 1483 344 1544 et
376 1478 484 1563 negari
519 1496 580 1542 nou
615 1483 716 1558 potest
750 1478 922 1543 secuudum
959 1478 1258 1559 interpretationem,
1296 1480 1370 1564 quia
1403 1483 1461 1547 isto

261 1612 286 1651 ro
312 1580 451 1663 psalmus
467 1582 507 1645 de
522 1582 665 1662 passione
681 1588 713 1647 et
723 1582 949 1647 resurrectione
961 1580 1079 1647 Christi
1091 1582 1296 1663 prophetasse
1306 1584 1462 1661 uideatur,

312 1688 396 1771 quod
419 1685 451 1750 in
474 1684 527 1750 illo
556 1685 622 1751 loco
656 1685 855 1751 manifestum
890 1692 947 1761 est,
981 1687 1032 1752 ubi
1066 1686 1124 1751 ait:
1160 1688 1349 1771 quoniam
1383 1709 1461 1753 non

313 1789 582 1873 derelinques
605 1789 780 1855 animam
803 1810 926 1855 meam
961 1790 1000 1855 in
1034 1789 1199 1856 inferno
1233 1811 1306 1857 nec
1340 1792 1463 1857 dabis

313 1900 498 1961 sanctum
537 1898 642 1959 tuum
679 1894 824 1960 uidere
861 1894 1178 1975 corruptionem.
1236 1894 1337 1962 Dauid
1375 1897 1462 1961 enim

312 2005 451 2063 mortuus
485 2008 533 2063 est
555 2007 586 2063 et
607 1996 762 2079 sepultus:
798 1997 915 2063 Christi
947 2003 1052 2064 autem
1086 2018 1155 2063 caro
1189 1998 1255 2065 sola
1288 2019 1348 2064 non
1382 2001 1464 2065 uidit

260 2128 287 2169 ro
314 2102 551 2183 corruptionem,
575 2121 631 2167 nec
648 2101 780 2167 detineri
795 2102 895 2183 potuit
910 2103 1014 2168 anima
1042 2104 1110 2170 sius
1133 2104 1163 2167 in
1186 2103 1317 2169 inferno.
1365 2122 1461 2187 quam

312 2206 351 2271 ob
378 2226 444 2271 rem
472 2206 619 2287 psalmus,
653 2207 706 2290 qui
742 2212 774 2271 et
796 2204 835 2271 de
857 2206 1001 2287 passione
1024 2207 1090 2272 eius
1119 2215 1150 2273 et
1179 2208 1406 2273 resurrectione
1429 2218 1462 2274 et

311 2310 485 2376 hereditate
509 2311 645 2376 dicturus
668 2315 761 2393 esset,
793 2311 904 2375 merito
927 2317 1051 2376 notatus
1075 2320 1123 2376 est
1145 2309 1224 2377 tituli
1245 2311 1461 2395 inscriptione.

312 2415 387 2499 quid
410 2414 494 2479 enim
517 2415 550 2479 in
573 2434 608 2479 se
630 2413 741 2480 habuit
764 2414 917 2495 scriptura
936 2414 1026 2493 tituli,
1047 2433 1141 2497 quam
1157 2415 1240 2481 cruci
1257 2414 1324 2480 eius
1340 2414 1461 2481 Pilatus

312 2516 433 2599 affixit?
477 2516 600 2593 Iesus,
624 2518 732 2601 inquit,
755 2539 825 2584 rex
849 2518 1081 2585 ludaeorum.
1127 2522 1209 2603 quod
1232 2520 1264 2583 in
1287 2539 1321 2585 se
1344 2539 1461 2586 nomen

259 2644 285 2685 so
312 2630 343 2687 et
378 2623 445 2703 ipse
480 2624 639 2688 coufessus
674 2630 722 2688 est
754 2624 949 2707 interogauto
983 2643 1055 2688 eum
1090 2622 1204 2689 Pilato:
1243 2634 1282 2689 tu
1316 2642 1357 2689 es
1390 2644 1463 2688 rex

312 2726 558 2792 Iudaeorum?
588 2728 625 2791 in
650 2725 733 2803 hoc,
758 2727 865 2810 iuquit,
888 2729 981 2793 ueni
1005 2734 1042 2792 ct
1063 2727 1102 2792 in
1125 2726 1197 2793 hec
1221 2733 1339 2792 natus
1363 2747 1461 2792 sum.

356 2831 383 2894 2.
409 2830 471 2896 Sed
494 2830 646 2913 numquid
670 2829 842 2896 monalium
864 2830 1037 2896 ludaeorum
1063 2851 1118 2896 rex
1136 2828 1285 2906 Christus,
1308 2832 1462 2917 queniam

312 2940 344 2999 st
365 2934 438 2999 alibi
472 2936 621 3015 scripturn
658 2940 721 3000 est:
756 2954 815 3018 ogo
845 2941 950 3000 autem
984 2936 1167 3001 constitutus
1190 2954 1259 3000 sum
1283 2955 1338 3000 rex
1360 2936 1400 3000 ab
1425 2956 1463 3000 eo

312 3058 407 3119 super
428 3037 501 3103 Sion
526 3044 661 3103 montem
678 3045 820 3104 sanctum
838 3038 928 3105 eius?
962 3058 1023 3104 non
1039 3038 1144 3123 utique
1160 3038 1292 3103 arbitror
1307 3039 1340 3103 in
1355 3046 1463 3104 monte

261 3164 286 3203 a
313 3141 372 3207 hoc
396 3150 525 3221 terreno,
549 3143 602 3227 qui
626 3147 674 3209 est
696 3143 727 3207 in
752 3142 866 3220 ludaea,
889 3162 1020 3225 regnum
1043 3163 1062 3207 a
1085 3150 1171 3223 patre
1194 3142 1301 3207 datum
1326 3144 1463 3220 domino,

313 3247 397 3312 cuius
421 3246 544 3312 caeleste
566 3266 700 3330 regnum
723 3245 880 3328 apostolus
902 3248 1000 3326 docet,
1023 3247 1104 3313 sicut
1127 3254 1157 3312 et
1177 3247 1279 3328 ipsam
1300 3246 1464 3313 ciuitatem

313 3349 508 3417 Hierusalem
539 3371 599 3415 non
629 3349 710 3415 hanc
745 3348 861 3415 Christi
891 3370 961 3417 esse
983 3350 1126 3429 ostendit,
1155 3371 1224 3435 quae
1257 3370 1341 3416 nunc
1363 3353 1465 3416 seruit

312 3474 381 3521 cunr
404 3453 476 3519 filiis
498 3454 571 3533 suis,
595 3454 651 3520 ssd
668 3454 767 3531 illam,
802 3474 870 3539 quae
904 3474 1029 3520 sursum
1063 3461 1119 3537 est,
1153 3461 1284 3520 matrem
1320 3460 1463 3519 nostram

311 3556 450 3635 liberam,
485 3557 639 3623 caelestem
662 3557 869 3624 Hiemsnlem.
913 3560 956 3624 ita
978 3579 1035 3624 nec
1058 3557 1170 3625 horum
1194 3558 1380 3635 Iudaeorum,
1404 3560 1464 3642 qui

259 3686 285 3725 so
313 3663 485 3729 circumcisi
509 3666 582 3728 sunt
604 3662 836 3727 circumcisione
858 3682 954 3728 manu
977 3662 1068 3739 facta,
1102 3664 1159 3728 sed
1193 3663 1272 3727 sicut
1300 3661 1464 3743 apostolus

313 3767 415 3833 docuit
437 3768 559 3832 dicens:
594 3767 689 3852 quia
722 3786 797 3831 uon
831 3774 892 3833 est
925 3766 992 3831 hio
1023 3766 1193 3847 iudaeus,
1227 3767 1295 3851 qui
1325 3765 1465 3849 palam

311 3872 485 3947 uidetur,
509 3890 639 3955 neque
661 3870 735 3935 illa
758 3871 1031 3949 circumcisio,
1065 3890 1150 3955 quse
1179 3872 1220 3935 in
1250 3889 1372 3938 carne
1393 3871 1463 3949 sit,

313 3977 382 4040 sed
418 3974 681 4041 circumcisio
714 3976 861 4052 cordis,
896 3976 1012 4042 cuius
1046 3974 1136 4041 laus
1169 3974 1463 4040 nouexlromi-

313 4078 440 4155 nibus,
464 4080 533 4143 sed
557 4098 602 4143 er
624 4078 696 4143 deo
719 4088 796 4158 est;
820 4086 852 4144 et
873 4099 933 4143 nou
957 4079 1068 4144 horum
1086 4078 1260 4144 ludaeorum
1281 4098 1336 4143 rex
1357 4077 1460 4154 lesus,

356 4234 513 4302 ‘lhystoria
568 4238 599 4289 19
618 4234 763 4288 iudeorum
783 4246 805 4287 et
823 4237 860 4288 sic
877 4252 983 4305 semper.
