3075 4967
295 259 359 323 554
632 256 749 310 sancti
774 255 910 308 Hilarii
933 255 1097 323 episcopi

339 448 389 512 15.
414 448 567 531 Sagittam
592 453 695 512 autem
719 446 824 526 ipsum
846 446 1007 510 dominum
1042 453 1253 527 nuncupatum
1274 448 1305 511 in
1327 448 1425 512 eodem

295 551 389 616 Esaia
424 551 622 616 meminimus
656 549 717 614 hoc
752 552 864 615 modo:
903 551 1039 630 posuit
1076 569 1133 615 me
1168 564 1208 615 ut
1244 553 1427 636 sagittam

296 655 469 721 electam
502 662 539 720 et
572 655 610 718 in
646 653 841 736 pharetra
874 674 944 719 sua
972 654 1196 719 abscondit
1225 676 1285 721 me
1307 655 1426 721 etait:

296 761 450 844 grande
471 759 549 824 tibi
569 769 636 824 est
662 758 748 837 boc,
777 759 917 824 uocari
939 764 979 824 ta
1000 779 1170 838 praru·
1187 779 1327 824 naun„
1367 779 1429 825 esse

256 889 268 926 a
295 865 397 946 itaque
428 862 638 946 intellegimus
669 863 760 927 etiam
792 862 875 928 hunc
904 862 1012 928 utilem
1047 863 1197 947 sagittam
1221 870 1253 930 et
1275 869 1428 944 potentem.

295 967 423 1033 confinis
446 968 590 1032 uitiomm
613 979 789 1032 nostrorum
812 964 928 1032 aculeis
952 965 1069 1032 salubri
1089 987 1145 1032 nos
1160 968 1291 1033 uulnere
1311 967 1429 1050 utilique

193 1079 196 1084 '
296 1078 525 1152 penetrantem:
561 1071 599 1136 de
634 1090 696 1153 qua
730 1071 847 1153 sagitta
869 1091 983 1150 sponsa
1012 1069 1065 1135 illa
1086 1071 1119 1136 in
1143 1071 1282 1137 Canticis
1312 1072 1430 1137 dmerit:
1528 1152 1529 1155 Ἴ

297 1175 515 1242 uulnerata
539 1174 786 1240 dilectionis
810 1195 884 1258 ego
907 1195 1001 1240 sum.

342 1282 391 1344 te.
417 1281 485 1346 Sint
520 1300 594 1364 ergo
629 1278 677 1344 baa
712 1280 837 1364 sagitta
866 1285 1033 1364 utrumque
1055 1280 1087 1343 in
1110 1281 1241 1344 modum
1263 1285 1431 1360 expectata.

299 1383 347 1448 uel
369 1386 400 1448 in
425 1403 550 1464 planam
585 1383 783 1448 eonscientiae
806 1383 928 1466 iniquos
956 1402 993 1448 ac
1016 1377 1140 1449 dolosos
1170 1385 1363 1468 configentes
1389 1381 1431 1446 nel

297 1488 327 1553 in
364 1488 544 1552 dilectorum
579 1487 635 1552 sibi
671 1487 852 1568 corporibus
891 1497 1016 1567 peccata
1053 1495 1085 1552 et
1120 1488 1197 1553 uitia
1227 1487 1432 1554 uulnerantes:

297 1592 398 1674 sitque
421 1591 470 1656 uel
494 1592 661 1656 deuastans
685 1591 779 1656 carbo
802 1589 850 1658 uel
874 1611 1022 1674 purgans,
1056 1591 1225 1656 dummodo
1248 1591 1432 1676 abnegantes

297 1695 389 1759 deum
413 1715 617 1776 perpernam
640 1697 794 1772 absumat,
817 1700 931 1778 purget
953 1707 1057 1760 autem
1088 1695 1128 1758 ad
1158 1695 1329 1776 perfectam
1350 1695 1430 1759 inno-

296 1799 431 1863 centiam
455 1798 648 1864 confitentes.

342 1903 391 1965 17.
416 1902 478 1966 Sed
502 1921 570 1985 quse
593 1902 633 1967 ad
656 1901 814 1982 superiora
837 1902 920 1968 dicta
942 1921 1076 1986 sequens
1099 1901 1261 1984 propheta
1283 1901 1434 1982 responsio

297 2004 368 2071 eat?
414 2004 489 2071 heu
522 2005 595 2070 me!
641 2006 745 2088 quod
777 2004 985 2071 incolatus
1023 2027 1131 2072 meus
1168 2006 1434 2089 prolongatus

296 2109 374 2174 eat!
419 2111 501 2174 bona
525 2128 585 2173 uon
607 2115 737 2190 possunt
759 2109 859 2174 uideri
884 2129 956 2174 uere
979 2110 1061 2174 bona
1082 2129 1102 2173 a
1123 2109 1213 2174 nobis
1228 2109 1365 2186 iudicari,
1380 2107 1432 2172 nisi

297 2219 486 2294 expetantur.
531 2232 604 2276 nam
627 2213 782 2295 quomodo
804 2211 902 2278 fidem
925 2213 1028 2278 iudicii
1052 2214 1158 2291 nostri,
1181 2213 1241 2278 nisi
1265 2233 1379 2290 eorum,
1400 2211 1434 2275 de

293 2317 408 2400 quibus
443 2317 523 2381 bene
553 2315 802 2393 iudicauerimus‚
838 2315 1006 2382 efficientia
1041 2315 1284 2397 praestabimus?
1328 2318 1433 2382 bonam

298 2420 477 2500 pudicitiam
500 2419 728 2485 existimamus:
753 2421 803 2504 qui
821 2439 897 2504 ergo
919 2421 1072 2501 opinionis
1095 2426 1209 2486 nostrae
1232 2421 1359 2498 smctua
1381 2417 1433 2484 nisi

297 2524 418 2604 inipso
442 2524 596 2604 pudicitiae
626 2524 815 2604 adpetitione
846 2525 1018 2591 consistet?
1062 2525 1142 2590 bona
1171 2533 1221 2590 est
1250 2523 1434 2590 innocentis:

296 2628 352 2692 sed
375 2628 433 2692 nisi
458 2627 642 2694 festinantes
666 2636 760 2711 atque
784 2635 964 2694 exercentes
987 2649 1056 2696 eam
1078 2649 1154 2694 uera
1171 2630 1219 2709 ita
1242 2629 1357 2696 sentire
1380 2647 1433 2691 nou

297 2730 521 2816 intellegemus.
566 2732 720 2797 mentium
751 2733 834 2798 enim
865 2733 979 2799 iudicia
1007 2753 1070 2798 non
1097 2733 1204 2798 uerbis
1234 2731 1435 2817 significanda

297 2842 376 2906 sunt,
401 2835 457 2900 sed
479 2835 572 2900 rebus
595 2835 755 2916 explenda
803 2837 947 2901 conuenit
975 2837 1071 2921 igitur
1100 2836 1298 2918 prophetam,
1332 2853 1434 2915 expec-

259 2967 270 3004 t
298 2946 414 3003 tantem
437 2953 508 3019 post
531 2939 660 3023 sagittas
684 2939 801 3004 domini
824 2947 856 3004 et
877 2939 946 3006 illos
969 2941 1120 3006 carbones
1143 2940 1342 3006 desolationis
1361 2937 1434 3003 beati

297 3041 376 3107 illius
407 3044 497 3127 regni
532 3052 564 3108 et
596 3045 704 3108 aeterni
739 3045 889 3125 temporis
923 3044 1063 3130 gloriam,
1097 3045 1138 3124 id,
1174 3046 1257 3129 quod
1291 3051 1435 3125 expectat.
1533 3094 1534 3103 ,

298 3149 486 3215 desiderare.
531 3155 562 3215 et
592 3151 751 3216 desiderat
781 3150 883 3231 plane.
928 3171 1031 3235 nsque
1061 3150 1159 3217 solum
1190 3152 1354 3219 desiderat.
1383 3149 1433 3214 aed

297 3273 399 3319 moras
423 3255 487 3318 odit
511 3261 542 3319 et
564 3255 663 3334 ipsam
697 3254 782 3320 illam
816 3277 877 3321 non
912 3257 1051 3337 potiundi
1085 3257 1145 3320 iarn
1182 3256 1329 3322 desiderii
1363 3250 1434 3318 tanti
1533 3260 1534 3269 ²

341 3414 448 3468 annai.
467 3416 564 3484 XLIX,
583 3418 600 3469 2
619 3435 658 3485 sq.
694 3420 711 3471 Β
731 3418 808 3472 Cant.
826 3419 861 3487 11,
879 3419 896 3471 ὅ
915 3417 1021 3484 (Lxx).

342 3539 353 3588 1
375 3537 404 3590 10
432 3537 526 3592 eodem
556 3537 628 3591 esaia
655 3535 733 3604 (isaia
751 3539 814 3600 ΒΤ)
841 3539 1019 3594 meminimus
1046 3539 1126 3593 RTE
1150 3539 1239 3594 eseias
1266 3535 1386 3592 ostendit
1415 3533 1437 3584 l'

297 3623 383 3677 21000
400 3625 483 3677 modo
503 3625 582 3678 RTE
598 3624 651 3679 hoo
669 3626 752 3679 modo
771 3626 868 3680 dicens
892 3627 915 3680 V
965 3627 1058 3695 posuit
1080 3626 1107 3679 V
1119 3631 1149 3681 et
1166 3627 1263 3695 posuit
1280 3625 1358 3678 RTE
1405 3625 1435 3674 ut

303 3711 328 3764 V
342 3713 377 3780 cs.
389 3712 507 3764 Sabotier
526 3711 563 3776 ΙΙ,
582 3711 640 3764 600
658 3714 718 3765 uda.
737 3717 880 3780 tamquam
892 3714 998 3766 GRTE
1049 3716 1065 3766 3
1083 3713 1113 3766 in
1130 3713 1235 3766 faretra
1247 3711 1389 3781 (pharetra
1398 3707 1433 3763 Ε)

304 3798 353 3850 VE
365 3797 469 3851 faretra
488 3797 680 3866 (pharetraT)
692 3799 745 3852 ΕΤ
796 3799 1202 3854 testhooGVTEhooestR
1254 3798 1361 3854 bhunc
1411 3793 1436 3846 R
1532 3842 1533 3847 ,

297 3884 371 3937 hunc
397 3886 411 3935 b
439 3885 510 3938 hanc
536 3886 573 3937 Te
626 3886 847 3954 7penitrantem
873 3887 898 3938 T
948 3888 1128 3955 llexpectate
1147 3887 1173 3940 R
1228 3889 1258 3941 11
1278 3883 1435 3953 corporibus

298 3971 386 4024 aibiR
440 3974 471 4025 l'l
490 3971 580 4025 uideri
591 3972 737 4024 111100οΤ
791 3975 824 4027 18
842 3971 1273 4060 0100100100110010010000111
1315 3973 1347 4024 at
1368 3971 1435 4022 ton·
1532 4008 1533 4011 κ

298 4079 339 4126 est
367 4073 407 4126 Re
434 4075 507 4128 bona
536 4076 572 4127 Te
631 4077 665 4128 23
682 4076 873 4143 intellegimur
903 4078 930 4130 R
987 4077 1122 4130 mentium
1152 4077 1207 4130 RE
1234 4075 1385 4130 amantium
1413 4071 1436 4124 T

298 4161 331 4212 ‘25
350 4159 528 4214 desolationis
548 4163 628 4214 RTE
643 4162 823 4216 desolatorios
850 4163 872 4215 V
921 4165 956 4217 28
980 4179 1071 4216 moras
1089 4163 1169 4217 RTE
1186 4180 1281 4217 omnes
1303 4177 1393 4216 moras
1416 4157 1437 4207 l'

298 4245 375 4298 illam
394 4265 442 4299 orn.
462 4247 487 4298 T
539 4248 666 4316 potiundi
686 4249 723 4302 Re
741 4249 866 4316 potiendi
883 4250 932 4346 Ι11).
