3075 4967
635 283 750 340 sancti
776 282 910 336 Hilarii
938 284 1101 351 episcopi

731 469 916 552 rutulus
943 469 1009 550 nv.

299 594 341 658 ln
375 594 500 659 linem
533 612 602 674 pro
635 591 794 677 populo,
829 592 895 675 qui
918 612 937 656 a
959 593 1120 658 sanctis
1153 592 1275 678 longe
1304 593 1428 658 lactus

296 704 367 776 est,
403 697 531 763 Dauid
563 697 603 760 in
637 695 749 762 tituli
780 693 1074 782 inecsripticnm
1103 716 1188 762 cum
1219 704 1430 762 tenuerunt

616 821 704 866 eum
726 799 928 883 allophyli
951 801 989 864 in
1013 799 1126 866 Geth.

257 949 270 988 s
341 923 540 990 Miserere
564 923 646 1001 mei,
671 922 840 999 domine,
864 923 1052 1007 quoniam
1086 921 1345 988 conculcanit
1376 941 1430 984 me

295 1026 423 1092 homo:
455 1033 538 1092 tota
567 1026 631 1091 die
665 1045 853 1110 pugnans
875 1025 1101 1091 tribulauit
1130 1046 1196 1105 me,
1230 1024 1431 1092 conculca-

296 1138 440 1196 ueruat
463 1151 519 1196 me
543 1129 701 1195 inimici
725 1133 799 1194 mei
824 1135 907 1194 tota
931 1130 995 1195 die
1018 1137 1050 1195 et
1072 1129 1197 1214 reliqua.

341 1253 368 1318 1.
393 1251 490 1318 Multa
513 1252 623 1332 psalmi
643 1251 862 1332 superscriptio
878 1251 1109 1332 conprehendit,
1125 1271 1194 1336 quae
1210 1257 1322 1333 praeter
1336 1271 1431 1317 rernm

294 1363 452 1442 gestamm
474 1357 629 1421 achonem
653 1355 779 1421 alterius
802 1353 1020 1440 intellegentie
1043 1355 1188 1420 intimant
1210 1375 1344 1431 sensum,
1366 1374 1431 1418 cum

244 1480 268 1514 1⁰
296 1481 365 1542 pro
387 1459 542 1542 populo,
566 1461 633 1544 qui
655 1480 673 1524 a
696 1459 853 1524 sanctis
885 1460 1099 1544 longeest
1130 1458 1268 1541 psalmus
1291 1467 1345 1533 est
1366 1479 1432 1524 cnm

295 1563 409 1630 tituli
440 1563 662 1646 inscriptio
691 1563 861 1645 prael'ertur,
885 1583 955 1627 cum
977 1570 1133 1644 postremo
1156 1564 1318 1629 exordium
1339 1564 1432 1644 ipsum

295 1669 333 1732 iu
356 1668 372 1733 1
376 1669 481 1735 inem
503 1667 721 1750 prescribitur.
767 1669 794 1732 si
817 1668 900 1732 enim
918 1687 986 1733 earn
1002 1667 1100 1732 solem
1116 1667 1286 1751 querellam
1303 1687 1433 1748 presens

295 1793 396 1839 sermo
420 1772 603 1848 concineret,
639 1771 729 1855 quod,
763 1791 834 1836 cum
868 1771 1000 1856 lugeret,
1035 1771 1074 1836 ab
1109 1771 1271 1855 allophylis
1302 1773 1335 1836 in
1356 1770 1433 1836 Geth

298 1878 396 1942 Dauid
420 1882 584 1954 teneretur,
608 1881 705 1940 totum
727 1895 761 1940 se
785 1876 868 1940 circa
889 1877 921 1940 id
945 1882 1063 1941 tantum
1079 1877 1130 1941 hic
1145 1876 1306 1956 increpitas
1328 1875 1433 1958 iniqni-

243 1999 267 2035 16
295 1982 366 2046 tatis
389 1987 490 2046 motus
513 1985 677 2046 exsereret.
723 1984 754 2043 ut
777 1999 849 2044 uero
871 1999 942 2044 eum
965 1978 1032 2044 haec
1060 1987 1132 2045 ante
1153 1981 1200 2045 rei
1222 1986 1321 2066 gestae
1343 1980 1434 2064 signi-

294 2085 468 2150 ficationem
491 2086 531 2150 ad
553 2084 743 2148 inbuendum
767 2082 899 2166 legentis
922 2103 1048 2148 sensnm
1071 2084 1334 2168 dirigendumque
1360 2103 1434 2166 pra-

295 2187 357 2254 lata
379 2190 449 2268 sint,
474 2190 540 2254 sine
563 2189 654 2253 dubio
678 2185 888 2270 intellegimus
911 2207 967 2268 per
989 2207 1093 2252 rernm
1116 2194 1285 2272 gestarum¹
1318 2208 1384 2272 quae
1405 2188 1434 2251 in

296 2293 396 2358 Dauid
418 2294 616 2376 gerebantur,
651 2291 778 2357 effeetus
812 2291 936 2371 inprimi
971 2292 1060 2356 nobis
1095 2293 1264 2358 secundnm
1299 2293 1434 2374 spiritum

295 2397 464 2478 prophetiae
487 2415 590 2461 earum
614 2415 729 2474 rerum,
760 2415 828 2479 quse
852 2394 910 2460 sub
934 2395 984 2460 his
1006 2395 1290 2476 prascriptionibne
1321 2395 1436 2481 signifi·

244 2519 268 2554 ²⁰
295 2505 372 2565 aatae
395 2507 475 2576 sunt,
499 2501 669 2565 notionem:
703 2505 745 2578 ut,
778 2499 859 2582 quod
885 2499 986 2564 Dauid
1009 2519 1118 2580 passus
1142 2506 1199 2576 est,
1231 2499 1435 2586 praefiguratio

295 2606 386 2670 luerit
408 2606 587 2687 passionum
621 2604 735 2668 domini
762 2603 855 2668 nostri
882 2602 954 2668 Iesu
977 2601 1108 2668 Ohristi:
1143 2611 1184 2670 nt.
1209 2604 1291 2687 quod
1326 2601 1435 2668 tituli

294 2710 517 2791 inscriptio
540 2715 595 2787 est,
620 2707 693 2785 eius,
719 2707 771 2791 qui
795 2707 953 2772 moriendo
968 2707 1085 2784 uicerit,
1109 2707 1284 2791 significata
1298 2708 1437 2773 uideatur

295 2813 458 2888 aeternitas,
500 2813 572 2895 quia
607 2811 682 2876 tituli
717 2811 886 2892 inscriptio,
924 2830 1018 2894 qnam
1057 2811 1302 2895 στηλογραφίαν
1337 2831 1436 2876 sermo

294 2917 461 3000 graecitatis
477 2917 621 2994 enuntiat,
645 2915 694 2980 his
711 2915 852 2991 maxime,
876 2915 928 2998 qui
944 2914 1137 2996 probabilem
1164 2916 1259 2980 uitam
1287 2917 1436 2999 degentes

243 3036 267 3074 cs
295 3021 386 3083 etiarn
410 3040 465 3102 pro
487 3018 585 3084 salute
609 3020 716 3099 patrias
740 3019 818 3083 mori
834 3016 915 3083 bellu
936 3038 996 3082 non
1013 3017 1180 3095 timuerint
1202 3019 1243 3083 ad
1258 3019 1437 3086 eternitatis

295 3122 424 3206 gloriam
448 3123 611 3188 deleratur.
656 3123 829 3203 populns
853 3127 966 3199 antem,
990 3123 1056 3206 qui
1082 3121 1202 3207 longe
1226 3123 1281 3187 sit
1303 3122 1436 3188 factus

296 3249 314 3290 a
348 3228 514 3306 sanctis,
550 3225 669 3291 Israhel
703 3226 852 3309 indignus
886 3224 986 3291 factus
1020 3224 1263 3290 sanctificatione
1298 3226 1435 3310 gentium

294 3330 448 3416 longeque
470 3331 509 3395 ab
533 3351 569 3396 ea
594 3331 759 3396 discedens
782 3350 852 3395 esse
873 3331 1050 3396 noscendus
1073 3335 1129 3395 est.
1175 3329 1258 3412 quod
1273 3337 1378 3396 autem
1399 3330 1435 3393 in

295 3434 416 3499 linem
441 3440 510 3513 est
534 3435 690 3515 proprium
714 3433 741 3499 ei
766 3453 844 3509 esse,
868 3434 920 3517 qui
943 3433 1014 3498 finis
1045 3433 1200 3518 legisset,
1224 3432 1434 3518 intellegatur:

337 3642 610 3711 hinscriptionemb
663 3641 795 3696 lellofili
809 3641 880 3696 Geth
890 3643 915 3694 11
968 3642 1221 3710 Bconpraehendit
1234 3643 1259 3694 11
1316 3645 1348 3697 10
1365 3643 1437 3711 psal·

293 3745 355 3782 mus
369 3730 401 3781 -ζ-
415 3732 446 3787 (Ζ
473 3731 501 3782 in
516 3747 568 3782 ros.
584 3727 618 3795 P)
672 3731 702 3782 ll
717 3728 858 3797 profertur
869 3731 892 3780 11
946 3731 979 3782 12
992 3729 1021 3781 in
1033 3727 1088 3782 fine
1101 3728 1180 3782 RPE
1230 3730 1438 3797 quaerellamll

295 3815 435 3884 querelam
446 3817 524 3869 PTE
575 3818 607 3870 13
626 3816 782 3869 contineret
793 3817 829 3867 Te
882 3816 916 3869 ab
935 3815 1075 3884 allophilis
1088 3815 1164 3868 Rl’l'
1217 3818 1250 3868 14
1268 3833 1298 3870 se
1318 3815 1345 3870 id
1364 3816 1437 3869 circo

295 3905 319 3955 11
371 3903 527 3972 iniquitatis
545 3903 697 3972 increpitae
718 3904 745 3954 Ε
798 3905 831 3956 15
849 3902 883 3956 ad
902 3904 1012 3956 uercli
1080 3905 1110 3957 16
1138 3902 1262 3971 legendis
1291 3904 1317 3955 11
1343 3903 1437 3972 legen·

294 3989 364 4043 tium
384 3989 462 4042 PTE
514 3991 546 4044 17
565 4007 657 4044 rerum
675 4007 746 4058 sripr.
764 3990 859 4042 scal*
914 3992 946 4043 19
964 3988 1120 4058 significata
1139 3989 1201 4042 llPe
1253 3992 1290 4044 110
1308 3995 1401 4043 utem.
1414 3991 1437 4042 ll

294 4084 326 4137 ‘21
346 4085 503 4152 passionum
530 4103 578 4136 cm.
607 4087 632 4138 11
684 4086 774 4138 nostri
801 4102 850 4137 ons.
878 4087 903 4138 R
955 4088 990 4139 23
1014 4072 1284 4142 crelleoOYall
1309 4083 1333 4133 Τ
1356 4085 1437 4139 stela·

293 4179 410 4249 graphii
434 4181 477 4233 Po
504 4180 715 4250 stilogrephiam
734 4181 759 4233 R
811 4182 846 4234 25
864 4181 890 4233 in
919 4181 1024 4234 bellos
1076 4181 1231 4233 timuerunt
1257 4181 1285 4234 E
1335 4183 1370 4234 26
1389 4197 1436 4249 pc·

293 4267 359 4332 pulo
377 4267 447 4320 RPa
464 4284 514 4335 pro
532 4269 634 4336 populo
652 4269 715 4320 coni.
736 4267 831 4320 Brmed.
885 4270 920 4321 28
937 4266 1086 4320 descedens
1099 4267 1125 4319 11
1176 4265 1206 4318 in
1224 4265 1279 4320 line
1298 4265 1355 4321 BP.
