3075 4967
405 298 584 348 tractatus
612 294 646 347 in
668 296 839 363 psalmum
865 296 898 347 11.
1183 294 1222 356 31

104 480 177 545 isaac
197 481 313 547 fidelem
348 483 474 548 domiuo
497 484 667 563 probasset,
692 482 743 547 tali
767 484 800 547 in
823 483 958 548 diuinam
983 482 1222 547 familiaritatem

103 586 257 669 dignatione
280 587 458 667 suscipitur:
493 607 597 651 nune
629 587 814 671 cognom,
837 586 930 669 quia
961 586 1079 651 times
1104 587 1221 651 dorni-

103 708 175 753 num
207 690 315 755 deum
352 700 455 755 tuum
492 698 530 755 et
572 710 645 756 uon
677 690 909 772 pepercisti
944 689 1037 754 silio
1072 699 1136 755 tuo
1170 691 1221 755 di·

103 794 192 858 iecto
220 801 385 877 propter
416 815 479 860 me.
526 815 586 859 non
618 795 782 879 ignorabat
814 795 920 877 utique
951 795 1089 861 Abrahae
1118 794 1223 871 fidem,

102 917 176 980 quaro
199 900 224 962 ei
246 900 283 964 de
307 900 485 984 generando
509 899 598 964 isaac
627 900 764 965 credenti
797 907 827 965 et
856 900 895 963 ad
925 899 1072 963 iustitiam
1097 901 1223 979 deputa·
1249 928 1262 965 s

101 1010 184 1065 uerat:
205 1004 256 1068 sed
281 1003 351 1085 quia
374 1023 522 1088 riiagoum
553 1003 671 1068 timoris
704 1005 750 1068 sui
781 1004 912 1069 dederat
940 1002 1036 1067 filium
1068 1002 1223 1067 offerendo

102 1104 295 1185 docimentum,
317 1127 399 1173 nunc
422 1108 627 1192 cognoscitur,
653 1128 733 1173 nuuc
755 1108 910 1188 probatur,
927 1127 1007 1172 nunc
1031 1107 1143 1190 diguus
1167 1102 1223 1172 est.

101 1210 215 1288 quinon
239 1212 405 1295 ignoretur.
451 1212 494 1277 sic
525 1213 628 1295 itaque
652 1212 728 1277 deus
753 1216 784 1277 et
806 1212 949 1295 agnoscit
969 1220 999 1276 et
1015 1211 1121 1288 nescit,
1153 1229 1224 1275 cum

103 1314 184 1377 ddum
206 1322 347 1395 peccator
371 1316 505 1381 nescitur
529 1322 560 1380 et
583 1316 743 1381 Abraham
767 1315 869 1381 tidelis
892 1315 1078 1399 agnoscitur,
1110 1315 1224 1398 diguus

100 1416 206 1494 soiiioet,
236 1421 329 1503 quia
360 1421 417 1485 deo
453 1418 530 1484 nihil
565 1420 671 1503 utique
703 1421 864 1503 ignorante
895 1427 1047 1483 noscatur.
1100 1419 1222 1503 cognita
1253 1449 1277 1485 ιο

100 1540 160 1603 ergo
181 1529 224 1587 ast
242 1524 297 1589 deo
320 1524 471 1589 iustorum
495 1543 556 1587 uon
581 1524 813 1589 iudicandomm
836 1524 901 1587 uia:
925 1522 1093 1588 etidcirco
1115 1543 1221 1603 pecca-

101 1632 174 1701 tores,
203 1628 251 1709 qui
280 1628 436 1693 iudicandi
466 1634 545 1693 sunt.
577 1647 683 1693 eorum
719 1627 845 1692 consilio
879 1627 1106 1693 submouentur.
1137 1626 1222 1707 impii

100 1734 184 1793 autem
212 1732 240 1794 in
272 1733 417 1797 iudicium
448 1752 509 1796 non
541 1738 713 1815 resurgent,
745 1732 817 1816 quia
848 1732 1011 1813 deperdita
1044 1751 1150 1796 eorum
1172 1731 1222 1795 uia

100 1832 148 1895 iam
167 1834 274 1900 suerint
296 1836 421 1901 iudicati
445 1856 500 1918 per
531 1856 610 1915 eum,
640 1836 691 1918 qui
723 1836 780 1901 ait:
810 1843 926 1917 pater
959 1856 1034 1901 nou
1064 1835 1222 1899 iudicat

101 1955 319 2022 quemquam,
352 1942 407 2005 sed
438 1960 528 2005 omne
559 1940 702 2005 iudicium
740 1939 826 2005 dedit
856 1939 928 2017 filio,
960 1940 1084 2005 domino
1116 1944 1221 2003 nostro
1249 1970 1275 2007 u

101 2037 158 2103 iesu
179 2040 304 2121 Christo,
333 2045 384 2126 qui
410 2050 456 2108 est
480 2044 662 2109 benedictus
684 2044 715 2107 iu
740 2044 852 2109 saecula
875 2044 1068 2109 saeculorum.
1119 2062 1221 2107 nmen.

531 2180 713 2265 raaudus
733 2182 769 2262 ΙΙ.

134 2315 247 2397 Quare
290 2322 546 2387 fremuerunt
584 2329 751 2405 gantae,
796 2320 993 2401 etpopuli
1032 2320 1220 2385 meditati

100 2428 175 2485 sunt
194 2424 300 2488 inani
311 2424 352 2489 u‘d
378 2430 409 2489 et·
431 2424 558 2507 reliqua.

135 2526 158 2587 1.
180 2526 280 2593 Plures
304 2535 443 2593 nostrum
467 2530 627 2613 ambiguos
651 2529 902 2610 incitapostolica
922 2530 1096 2606 auctoritas
1118 2535 1219 2592 utrum
1248 2560 1273 2596 no

100 2627 230 2704 psalmum
264 2632 347 2698 hunc
381 2632 588 2698 cohaerentem
623 2634 720 2714 primo
755 2640 787 2699 et
818 2631 911 2698 uelut-i
946 2634 1036 2714 primi
1073 2632 1219 2696 extimum

100 2738 190 2807 putent
209 2754 280 2811 esse,
311 2756 351 2800 au
374 2757 448 2802 uero
471 2736 680 2803 subiacentem
698 2744 729 2803 et
745 2738 914 2802 secundum
932 2738 1031 2817 potius
1055 2756 1221 2802 connume-

99 2843 160 2898 rent.
208 2859 335 2924 namque
369 2842 401 2903 in
427 2840 556 2906 Actibus
586 2842 794 2922 apostolorum
825 2842 960 2922 priunum
992 2839 1074 2905 huno
1113 2840 1219 2905 haberi

99 2947 175 3021 utque
204 2962 277 3022 esse,
312 2944 370 3009 sub
404 2945 541 3010 oratioue
576 2945 658 3009 beati
685 2944 771 3009 Pauli
796 2946 839 3010 ita
873 2947 1033 3010 docemur:
1070 2964 1220 3028 nosque

99 3042 193 3111 uobis
215 3048 547 3133 euangelicamus
570 3069 663 3127 eam,
688 3069 771 3134 quan
794 3052 840 3114 ad
865 3057 1002 3153 patres
1025 3049 1136 3112 sacta
1159 3055 1218 3113 est
1247 3079 1274 3117 nn

134 3166 220 3222 21101.
239 3172 325 3237 XXII,
345 3172 386 3224 12.
425 3170 532 3225 141011.
551 3170 583 3239 V,
602 3172 644 3224 22.
682 3174 716 3224 21
737 3174 797 3225 Act.
816 3189 857 3240 ap.
878 3173 951 3238 xiil,
969 3174 1012 3227 32.

136 3338 214 3394 lisao
236 3342 261 3395 V
310 3342 422 3395 fidelem
439 3343 491 3397 deo
509 3344 533 3395 V
583 3321 763 3399 2nun⁰corn
783 3363 816 3398 m.
830 3344 889 3399 9V
938 3328 1051 3399 nicode
1061 3344 1219 3413 generando

100 3419 181 3477 isacii
204 3428 227 3481 ei
254 3430 287 3482 dc
315 3430 455 3483 nascendo
483 3430 539 3483 isac
569 3431 593 3483 V
644 3436 672 3484 et
696 3450 744 3485 oon.
769 3432 793 3484 V
844 3432 925 3486 6001
952 3432 999 3499 qui
1018 3433 1043 3484 It
1096 3434 1111 3482 7
1136 3430 1220 3483 docu-

100 3515 200 3565 mentum
219 3516 281 3567 R’E
334 3518 399 3569 inter
417 3528 527 3570 nuncet
546 3518 724 3587 cognoscitur
742 3520 856 3571 0001111.
876 3536 942 3571 eras.
962 3519 987 3570 R
1039 3519 1174 3586 probatur
1192 3537 1221 3570 er

100 3596 227 3659 probantur
245 3622 275 3655 nni.
297 3602 316 3654 2
339 3602 364 3655 V
416 3606 449 3657 10
467 3603 514 3671 qui
533 3603 585 3657 deo
604 3602 672 3657 nihil
691 3605 788 3673 utique
807 3605 953 3673 ignorante
977 3606 1002 3657 a
1029 3604 1076 3672 qui
1104 3620 1159 3657 non
1186 3604 1221 3658 ab

101 3678 222 3746 ignorante
244 3688 268 3740 V
338 3691 369 3742 12
388 3706 483 3743 eorum
503 3690 620 3744 consilio
645 3709 675 3743 en
702 3707 796 3744 eorum
825 3692 942 3744 consiliu
962 3706 995 3723 ’-
1019 3692 1044 3744 V
1067 3692 1102 3744 ab
1125 3707 1220 3744 eorum

101 3769 221 3824 consilio:
272 3778 304 3830 13
325 3776 353 3829 iu
372 3775 475 3829 iudicio
500 3778 523 3829 V
575 3794 659 3844 quum
678 3776 851 3846 deperditae
923 3781 956 3832 14
975 3777 1022 3846 qui
1041 3778 1080 3831 ait
1098 3797 1128 3830 er
1155 3778 1221 3845 quia

425 3854 447 3883 111

100 3886 134 3938 ait
155 3905 182 3941 m.
206 3894 222 3944 2
244 3897 266 3949 V
326 3899 359 3952 16
387 3897 495 3977 dont]
522 3898 575 3951 ihu
601 3900 656 3969 ipo
692 3900 714 3951 V
766 3902 797 3952 17
827 3899 936 3968 Explic.
963 3900 1085 3966 psalmus
1113 3900 1220 3969 primus

101 3971 172 4041 incip.
202 3983 316 4047 psalmus
353 3984 388 4037 11.
433 3986 454 4036 1’
485 3983 611 4053 Explicit
637 3986 760 4054 psalmus
788 3988 807 4041 1.
857 3987 956 4055 incipit
983 3987 1106 4055 psalmus
1133 3987 1168 4040 11.
1195 3989 1221 4040 a

100 4058 130 4107 21
142 4060 292 4123 coherentem
309 4071 357 4123 VR
400 4072 434 4125 22
447 4077 679 4126 connumerarent
698 4074 723 4127 V
763 4073 879 4128 28aotis
897 4074 947 4127 VE
992 4074 1221 4141 apostolorumcs

101 4150 275 4209 apostorlorum
295 4176 327 4209 ru.
347 4158 363 4210 1
387 4158 412 4211 V
461 4156 551 4225 primo
575 4158 599 4212 V
649 4162 684 4213 24
696 4160 786 4228 adque
812 4162 858 4215 VR
910 4162 945 4214 25
957 4160 1036 4214 uobis
1050 4179 1079 4213 cc
1102 4160 1182 4214 nobis
1195 4161 1220 4213 R

603 4239 614 4268 Ι

105 4274 288 4339 euuangelizam'
325 4280 350 4331 R
371 4279 614 4362 euuangelizamur
637 4278 661 4331 V
710 4299 741 4335 ea
767 4279 794 4335 V.
