<?xml version="1.0" encoding="UTF-8"?>
<!DOCTYPE html PUBLIC "-//W3C//DTD XHTML 1.0 Transitional//EN"
    "http://www.w3.org/TR/xhtml1/DTD/xhtml1-transitional.dtd">
<html xmlns="http://www.w3.org/1999/xhtml" xml:lang="en" lang="en">
 <head>
  <title>
</title>
<meta http-equiv="Content-Type" content="text/html;charset=utf-8" />
  <meta name='ocr-system' content='tesseract 3.04.00' />
  <meta name='ocr-capabilities' content='ocr_page ocr_carea ocr_par ocr_line ocrx_word'/>
</head>
<body>
  <div class='ocr_page' id='page_1' title='image "./corpusscriptoru23wiengoog_0195.png"; bbox 0 0 3075 4967; ppageno 0'>
   <div class='ocr_carea' id='block_1_1' title="bbox 410 321 1232 391">
    <p class='ocr_par' dir='ltr' id='par_1_1' title="bbox 410 321 1232 391">
     <span class='ocr_line' id='line_1_1' title="bbox 410 321 1232 391; baseline 0.001 -15"><span class='ocrx_word' id='word_1_1' title='bbox 410 329 592 376; x_wconf 87' lang='lat' dir='ltr'>tractatus</span> <span class='ocrx_word' id='word_1_2' title='bbox 617 323 651 376; x_wconf 92' lang='lat' dir='ltr'>in</span> <span class='ocrx_word' id='word_1_3' title='bbox 676 323 844 391; x_wconf 84' lang='lat' dir='ltr'>psalmum</span> <span class='ocrx_word' id='word_1_4' title='bbox 864 321 920 374; x_wconf 86' lang='lat' dir='ltr'>LV.</span> <span class='ocrx_word' id='word_1_5' title='bbox 1171 321 1232 387; x_wconf 77' lang='lat'>165</span> 
     </span>
    </p>
   </div>
   <div class='ocr_carea' id='block_1_2' title="bbox 118 510 1285 1217">
    <p class='ocr_par' dir='ltr' id='par_1_2' title="bbox 120 510 1234 798">
     <span class='ocr_line' id='line_1_2' title="bbox 121 510 1233 596; baseline 0.005 -24"><span class='ocrx_word' id='word_1_6' title='bbox 121 528 195 589; x_wconf 87' lang='lat' dir='ltr'>super</span> <span class='ocrx_word' id='word_1_7' title='bbox 215 512 301 576; x_wconf 89' lang='lat' dir='ltr'>undas</span> <span class='ocrx_word' id='word_1_8' title='bbox 324 510 504 590; x_wconf 85' lang='lat' dir='ltr'>ambularet,</span> <span class='ocrx_word' id='word_1_9' title='bbox 526 531 629 594; x_wconf 90' lang='lat' dir='ltr'>neque</span> <span class='ocrx_word' id='word_1_10' title='bbox 653 531 712 576; x_wconf 93' lang='lat' dir='ltr'>non</span> <span class='ocrx_word' id='word_1_11' title='bbox 736 514 888 596; x_wconf 87' lang='lat' dir='ltr'>utusque</span> <span class='ocrx_word' id='word_1_12' title='bbox 911 513 951 577; x_wconf 85' lang='lat' dir='ltr'>ad</span> <span class='ocrx_word' id='word_1_13' title='bbox 974 511 1116 578; x_wconf 87' lang='lat' dir='ltr'>fimbrias</span> <span class='ocrx_word' id='word_1_14' title='bbox 1137 512 1233 578; x_wconf 87' lang='lat' dir='ltr'>uestis</span> 
     </span>
     <span class='ocr_line' id='line_1_3' title="bbox 121 615 1234 700; baseline 0.004 -24"><span class='ocrx_word' id='word_1_15' title='bbox 121 615 198 678; x_wconf 84' lang='lat' dir='ltr'>uirtus</span> <span class='ocrx_word' id='word_1_16' title='bbox 219 615 322 680; x_wconf 84' lang='lat' dir='ltr'>diuinae</span> <span class='ocrx_word' id='word_1_17' title='bbox 345 615 506 696; x_wconf 85' lang='lat' dir='ltr'>potestatis</span> <span class='ocrx_word' id='word_1_18' title='bbox 530 615 634 691; x_wconf 88' lang='lat' dir='ltr'>exiret,</span> <span class='ocrx_word' id='word_1_19' title='bbox 659 635 759 700; x_wconf 89' lang='lat' dir='ltr'>neque</span> <span class='ocrx_word' id='word_1_20' title='bbox 781 627 815 680; x_wconf 92' lang='lat' dir='ltr'>ut</span> <span class='ocrx_word' id='word_1_21' title='bbox 836 636 896 680; x_wconf 94' lang='lat' dir='ltr'>nou</span> <span class='ocrx_word' id='word_1_22' title='bbox 921 624 1046 697; x_wconf 89' lang='lat' dir='ltr'>peccata</span> <span class='ocrx_word' id='word_1_23' title='bbox 1065 617 1234 682; x_wconf 84' lang='lat' dir='ltr'>dimitteret</span> 
     </span>
     <span class='ocr_line' id='line_1_4' title="bbox 120 719 1233 798; baseline 0.005 -19"><span class='ocrx_word' id='word_1_24' title='bbox 120 727 308 798; x_wconf 74' lang='lat' dir='ltr'>scopulosae</span> <span class='ocrx_word' id='word_1_25' title='bbox 330 727 472 784; x_wconf 86' lang='lat' dir='ltr'>naturam</span> <span class='ocrx_word' id='word_1_26' title='bbox 496 719 621 784; x_wconf 91' lang='lat' dir='ltr'>uidendi</span> <span class='ocrx_word' id='word_1_27' title='bbox 645 719 736 784; x_wconf 85' lang='lat' dir='ltr'>caecis</span> <span class='ocrx_word' id='word_1_28' title='bbox 759 719 800 784; x_wconf 91' lang='lat' dir='ltr'>ab</span> <span class='ocrx_word' id='word_1_29' title='bbox 822 725 908 786; x_wconf 84' lang='lat' dir='ltr'>utero</span> <span class='ocrx_word' id='word_1_30' title='bbox 931 719 1028 786; x_wconf 86' lang='lat' dir='ltr'>oculis</span> <span class='ocrx_word' id='word_1_31' title='bbox 1050 721 1233 786; x_wconf 88' lang='lat' dir='ltr'>accenderet</span> 
     </span>
    </p>

    <p class='ocr_par' dir='ltr' id='par_1_3' title="bbox 118 822 1285 1217">
     <span class='ocr_line' id='line_1_5' title="bbox 119 822 1232 903; baseline 0.004 -20"><span class='ocrx_word' id='word_1_32' title='bbox 119 831 142 883; x_wconf 86' lang='lat' dir='ltr'>et</span> <span class='ocrx_word' id='word_1_33' title='bbox 161 841 224 887; x_wconf 89' lang='lat' dir='ltr'>aure</span> <span class='ocrx_word' id='word_1_34' title='bbox 243 824 388 903; x_wconf 85' lang='lat' dir='ltr'>producta</span> <span class='ocrx_word' id='word_1_35' title='bbox 422 823 461 888; x_wconf 90' lang='lat' dir='ltr'>de</span> <span class='ocrx_word' id='word_1_36' title='bbox 493 822 619 889; x_wconf 87' lang='lat' dir='ltr'>uulnere</span> <span class='ocrx_word' id='word_1_37' title='bbox 654 823 767 888; x_wconf 85' lang='lat' dir='ltr'>abcisae</span> <span class='ocrx_word' id='word_1_38' title='bbox 802 824 884 888; x_wconf 90' lang='lat' dir='ltr'>auris</span> <span class='ocrx_word' id='word_1_39' title='bbox 918 823 1029 890; x_wconf 84' lang='lat' dir='ltr'>uulnus</span> <span class='ocrx_word' id='word_1_40' title='bbox 1058 823 1232 902; x_wconf 86' lang='lat' dir='ltr'>obduceret,</span> 
     </span>
     <span class='ocr_line' id='line_1_6' title="bbox 119 926 1285 1010; baseline 0.007 -22"><span class='ocrx_word' id='word_1_41' title='bbox 119 944 201 1008; x_wconf 86' lang='lat' dir='ltr'>neque</span> <span class='ocrx_word' id='word_1_42' title='bbox 221 933 250 991; x_wconf 89' lang='lat' dir='ltr'>ut</span> <span class='ocrx_word' id='word_1_43' title='bbox 278 947 336 991; x_wconf 92' lang='lat' dir='ltr'>non</span> <span class='ocrx_word' id='word_1_44' title='bbox 361 926 459 992; x_wconf 86' lang='lat' dir='ltr'>solida</span> <span class='ocrx_word' id='word_1_45' title='bbox 480 928 632 1009; x_wconf 82' lang='lat' dir='ltr'>parietum</span> <span class='ocrx_word' id='word_1_46' title='bbox 656 946 782 1008; x_wconf 88' lang='lat' dir='ltr'>corpore</span> <span class='ocrx_word' id='word_1_47' title='bbox 811 926 1016 994; x_wconf 76' lang='lat' dir='ltr'>interlabente</span> <span class='ocrx_word' id='word_1_48' title='bbox 1045 935 1230 1010; x_wconf 88' lang='lat' dir='ltr'>penetraret.</span> <span class='ocrx_word' id='word_1_49' title='bbox 1271 955 1285 996; x_wconf 84' lang='lat' dir='ltr'>a</span> 
     </span>
     <span class='ocr_line' id='line_1_7' title="bbox 118 1031 1234 1116; baseline 0.006 -26"><span class='ocrx_word' id='word_1_50' title='bbox 118 1047 166 1094; x_wconf 90' lang='lat' dir='ltr'>nou</span> <span class='ocrx_word' id='word_1_51' title='bbox 187 1049 251 1116; x_wconf 76' lang='lat' dir='ltr'>erga</span> <span class='ocrx_word' id='word_1_52' title='bbox 272 1031 380 1097; x_wconf 88' lang='lat' dir='ltr'>metuit</span> <span class='ocrx_word' id='word_1_53' title='bbox 402 1051 421 1095; x_wconf 85' lang='lat' dir='ltr'>a</span> <span class='ocrx_word' id='word_1_54' title='bbox 444 1051 535 1098; x_wconf 87' lang='lat' dir='ltr'>carna</span> <span class='ocrx_word' id='word_1_55' title='bbox 558 1031 607 1096; x_wconf 91' lang='lat' dir='ltr'>uel</span> <span class='ocrx_word' id='word_1_56' title='bbox 631 1032 662 1096; x_wconf 95' lang='lat' dir='ltr'>iu</span> <span class='ocrx_word' id='word_1_57' title='bbox 684 1032 743 1097; x_wconf 90' lang='lat' dir='ltr'>deo</span> <span class='ocrx_word' id='word_1_58' title='bbox 766 1051 896 1114; x_wconf 84' lang='lat' dir='ltr'>sperans</span> <span class='ocrx_word' id='word_1_59' title='bbox 929 1032 1081 1115; x_wconf 87' lang='lat' dir='ltr'>propheta</span> <span class='ocrx_word' id='word_1_60' title='bbox 1102 1032 1151 1098; x_wconf 91' lang='lat' dir='ltr'>uel</span> <span class='ocrx_word' id='word_1_61' title='bbox 1175 1034 1234 1097; x_wconf 85' lang='lat' dir='ltr'>sub</span> 
     </span>
     <span class='ocr_line' id='line_1_8' title="bbox 118 1133 1025 1217; baseline 0.007 -21"><span class='ocrx_word' id='word_1_62' title='bbox 118 1133 305 1215; x_wconf 76' lang='lat' dir='ltr'>adsumptione</span> <span class='ocrx_word' id='word_1_63' title='bbox 328 1137 432 1201; x_wconf 86' lang='lat' dir='ltr'>carnis</span> <span class='ocrx_word' id='word_1_64' title='bbox 455 1138 530 1202; x_wconf 87' lang='lat' dir='ltr'>daus</span> <span class='ocrx_word' id='word_1_65' title='bbox 554 1155 648 1217; x_wconf 88' lang='lat' dir='ltr'>opera</span> <span class='ocrx_word' id='word_1_66' title='bbox 671 1136 777 1202; x_wconf 88' lang='lat' dir='ltr'>diuina</span> <span class='ocrx_word' id='word_1_67' title='bbox 799 1156 1025 1202; x_wconf 85' lang='lat' dir='ltr'>consummans.</span> 
     </span>
    </p>
   </div>
   <div class='ocr_carea' id='block_1_3' title="bbox 111 1253 1287 3218">
    <p class='ocr_par' dir='ltr' id='par_1_4' title="bbox 113 1253 1287 2485">
     <span class='ocr_line' id='line_1_9' title="bbox 152 1253 1233 1342; baseline 0.004 -24"><span class='ocrx_word' id='word_1_68' title='bbox 152 1253 297 1322; x_wconf 75' lang='lat' dir='ltr'>hichie</span> <span class='ocrx_word' id='word_1_69' title='bbox 320 1258 423 1334; x_wconf 82' lang='lat' dir='ltr'>etiam,</span> <span class='ocrx_word' id='word_1_70' title='bbox 458 1277 528 1341; x_wconf 75' lang='lat' dir='ltr'>qua</span> <span class='ocrx_word' id='word_1_71' title='bbox 557 1265 769 1336; x_wconf 80' lang='lat' dir='ltr'>consecuntur,</span> <span class='ocrx_word' id='word_1_72' title='bbox 805 1257 849 1322; x_wconf 87' lang='lat' dir='ltr'>rei</span> <span class='ocrx_word' id='word_1_73' title='bbox 879 1257 910 1322; x_wconf 91' lang='lat' dir='ltr'>in</span> <span class='ocrx_word' id='word_1_74' title='bbox 934 1277 970 1324; x_wconf 89' lang='lat' dir='ltr'>eo</span> <span class='ocrx_word' id='word_1_75' title='bbox 993 1276 1114 1342; x_wconf 88' lang='lat' dir='ltr'>quoque</span> <span class='ocrx_word' id='word_1_76' title='bbox 1136 1265 1233 1342; x_wconf 77' lang='lat' dir='ltr'>gestu</span> 
     </span>
     <span class='ocr_line' id='line_1_10' title="bbox 117 1358 1234 1442; baseline 0.004 -22"><span class='ocrx_word' id='word_1_77' title='bbox 117 1358 275 1442; x_wconf 86' lang='lat' dir='ltr'>significatio</span> <span class='ocrx_word' id='word_1_78' title='bbox 298 1361 480 1427; x_wconf 82' lang='lat' dir='ltr'>continetur.</span> <span class='ocrx_word' id='word_1_79' title='bbox 527 1361 570 1426; x_wconf 90' lang='lat' dir='ltr'>ait</span> <span class='ocrx_word' id='word_1_80' title='bbox 592 1363 691 1426; x_wconf 88' lang='lat' dir='ltr'>enim:</span> <span class='ocrx_word' id='word_1_81' title='bbox 724 1368 807 1426; x_wconf 91' lang='lat' dir='ltr'>tota</span> <span class='ocrx_word' id='word_1_82' title='bbox 830 1363 894 1428; x_wconf 92' lang='lat' dir='ltr'>die</span> <span class='ocrx_word' id='word_1_83' title='bbox 916 1363 1039 1428; x_wconf 87' lang='lat' dir='ltr'>uerba</span> <span class='ocrx_word' id='word_1_84' title='bbox 1070 1380 1153 1427; x_wconf 87' lang='lat' dir='ltr'>mea</span> <span class='ocrx_word' id='word_1_85' title='bbox 1176 1381 1234 1426; x_wconf 84' lang='lat' dir='ltr'>ex·</span> 
     </span>
     <span class='ocr_line' id='line_1_11' title="bbox 116 1463 1287 1532; baseline 0.003 -7"><span class='ocrx_word' id='word_1_86' title='bbox 116 1463 376 1530; x_wconf 87' lang='lat' dir='ltr'>sacrabantur:</span> <span class='ocrx_word' id='word_1_87' title='bbox 412 1467 610 1531; x_wconf 65' lang='lat' dir='ltr'>aduersus</span> <span class='ocrx_word' id='word_1_88' title='bbox 645 1486 703 1532; x_wconf 93' lang='lat' dir='ltr'>me</span> <span class='ocrx_word' id='word_1_89' title='bbox 736 1467 868 1530; x_wconf 88' lang='lat' dir='ltr'>omnia</span> <span class='ocrx_word' id='word_1_90' title='bbox 898 1465 1075 1532; x_wconf 87' lang='lat' dir='ltr'>consilia</span> <span class='ocrx_word' id='word_1_91' title='bbox 1098 1485 1232 1531; x_wconf 89' lang='lat' dir='ltr'>eorum</span> <span class='ocrx_word' id='word_1_92' title='bbox 1261 1493 1287 1529; x_wconf 76' lang='lat' dir='ltr'>a</span> 
     </span>
     <span class='ocr_line' id='line_1_12' title="bbox 116 1567 1234 1652; baseline 0.005 -24"><span class='ocrx_word' id='word_1_93' title='bbox 116 1567 305 1634; x_wconf 88' lang='lat' dir='ltr'>iumelum.</span> <span class='ocrx_word' id='word_1_94' title='bbox 353 1569 597 1635; x_wconf 87' lang='lat' dir='ltr'>habitabunt</span> <span class='ocrx_word' id='word_1_95' title='bbox 621 1577 659 1636; x_wconf 89' lang='lat' dir='ltr'>et</span> <span class='ocrx_word' id='word_1_96' title='bbox 689 1570 956 1636; x_wconf 89' lang='lat' dir='ltr'>abscondent:</span> <span class='ocrx_word' id='word_1_97' title='bbox 993 1571 1072 1652; x_wconf 87' lang='lat' dir='ltr'>ipsi</span> <span class='ocrx_word' id='word_1_98' title='bbox 1107 1569 1234 1635; x_wconf 89' lang='lat' dir='ltr'>calca·</span> 
     </span>
     <span class='ocr_line' id='line_1_13' title="bbox 116 1673 1234 1760; baseline 0.004 -27"><span class='ocrx_word' id='word_1_99' title='bbox 116 1691 207 1735; x_wconf 89' lang='lat' dir='ltr'>neom</span> <span class='ocrx_word' id='word_1_100' title='bbox 240 1693 363 1738; x_wconf 87' lang='lat' dir='ltr'>mcum</span> <span class='ocrx_word' id='word_1_101' title='bbox 398 1675 685 1740; x_wconf 89' lang='lat' dir='ltr'>obseruabunt.</span> <span class='ocrx_word' id='word_1_102' title='bbox 730 1694 882 1759; x_wconf 88' lang='lat' dir='ltr'>nusquam</span> <span class='ocrx_word' id='word_1_103' title='bbox 913 1676 994 1740; x_wconf 91' lang='lat' dir='ltr'>enim</span> <span class='ocrx_word' id='word_1_104' title='bbox 1023 1674 1083 1740; x_wconf 90' lang='lat' dir='ltr'>nisi</span> <span class='ocrx_word' id='word_1_105' title='bbox 1107 1673 1234 1760; x_wconf 87' lang='lat' dir='ltr'>occultis</span> 
     </span>
     <span class='ocr_line' id='line_1_14' title="bbox 115 1775 1233 1860; baseline 0.004 -23"><span class='ocrx_word' id='word_1_106' title='bbox 115 1775 231 1841; x_wconf 78' lang='lat' dir='ltr'>connliis</span> <span class='ocrx_word' id='word_1_107' title='bbox 252 1779 417 1844; x_wconf 88' lang='lat' dir='ltr'>aduersum</span> <span class='ocrx_word' id='word_1_108' title='bbox 442 1797 512 1843; x_wconf 87' lang='lat' dir='ltr'>eum</span> <span class='ocrx_word' id='word_1_109' title='bbox 538 1785 568 1844; x_wconf 89' lang='lat' dir='ltr'>et</span> <span class='ocrx_word' id='word_1_110' title='bbox 591 1779 768 1844; x_wconf 85' lang='lat' dir='ltr'>testimonia</span> <span class='ocrx_word' id='word_1_111' title='bbox 791 1778 870 1844; x_wconf 85' lang='lat' dir='ltr'>t&#39;alsa</span> <span class='ocrx_word' id='word_1_112' title='bbox 893 1787 923 1844; x_wconf 87' lang='lat' dir='ltr'>et</span> <span class='ocrx_word' id='word_1_113' title='bbox 945 1779 1093 1860; x_wconf 80' lang='lat' dir='ltr'>captiosae</span> <span class='ocrx_word' id='word_1_114' title='bbox 1107 1779 1233 1843; x_wconf 87' lang='lat' dir='ltr'>interro-</span> 
     </span>
     <span class='ocr_line' id='line_1_15' title="bbox 114 1879 1235 1964; baseline 0.004 -22"><span class='ocrx_word' id='word_1_115' title='bbox 114 1879 234 1961; x_wconf 83' lang='lat' dir='ltr'>gationes</span> <span class='ocrx_word' id='word_1_116' title='bbox 256 1889 326 1947; x_wconf 88' lang='lat' dir='ltr'>sunt</span> <span class='ocrx_word' id='word_1_117' title='bbox 349 1889 538 1964; x_wconf 76' lang='lat' dir='ltr'>conparatas:</span> <span class='ocrx_word' id='word_1_118' title='bbox 573 1883 604 1947; x_wconf 89' lang='lat' dir='ltr'>in</span> <span class='ocrx_word' id='word_1_119' title='bbox 638 1902 801 1948; x_wconf 88' lang='lat' dir='ltr'>commune</span> <span class='ocrx_word' id='word_1_120' title='bbox 835 1883 1011 1948; x_wconf 70' lang='lat' dir='ltr'>habitantes</span> <span class='ocrx_word' id='word_1_121' title='bbox 1043 1890 1075 1948; x_wconf 92' lang='lat' dir='ltr'>et</span> <span class='ocrx_word' id='word_1_122' title='bbox 1107 1881 1235 1947; x_wconf 90' lang='lat' dir='ltr'>consilia</span> 
     </span>
     <span class='ocr_line' id='line_1_16' title="bbox 114 1982 1286 2070; baseline 0.003 -24"><span class='ocrx_word' id='word_1_123' title='bbox 114 1982 220 2050; x_wconf 76' lang='lat' dir='ltr'>malitiae</span> <span class='ocrx_word' id='word_1_124' title='bbox 242 1986 427 2053; x_wconf 86' lang='lat' dir='ltr'>occulentes.</span> <span class='ocrx_word' id='word_1_125' title='bbox 473 1987 530 2052; x_wconf 89' lang='lat' dir='ltr'>aed</span> <span class='ocrx_word' id='word_1_126' title='bbox 546 1997 575 2052; x_wconf 91' lang='lat' dir='ltr'>at</span> <span class='ocrx_word' id='word_1_127' title='bbox 591 1987 833 2068; x_wconf 77' lang='lat' dir='ltr'>increpationem</span> <span class='ocrx_word' id='word_1_128' title='bbox 846 1988 1010 2053; x_wconf 88' lang='lat' dir='ltr'>uerborum</span> <span class='ocrx_word' id='word_1_129' title='bbox 1023 1987 1097 2064; x_wconf 90' lang='lat' dir='ltr'>eius,</span> <span class='ocrx_word' id='word_1_130' title='bbox 1122 1986 1234 2070; x_wconf 90' lang='lat' dir='ltr'>quibus</span> <span class='ocrx_word' id='word_1_131' title='bbox 1262 2013 1286 2050; x_wconf 79' lang='lat' dir='ltr'>a</span> 
     </span>
     <span class='ocr_line' id='line_1_17' title="bbox 114 2085 1235 2174; baseline 0.004 -25"><span class='ocrx_word' id='word_1_132' title='bbox 114 2085 266 2168; x_wconf 82' lang='lat' dir='ltr'>impietates</span> <span class='ocrx_word' id='word_1_133' title='bbox 288 2111 395 2156; x_wconf 91' lang='lat' dir='ltr'>eorum</span> <span class='ocrx_word' id='word_1_134' title='bbox 420 2091 605 2172; x_wconf 83' lang='lat' dir='ltr'>exprobrare</span> <span class='ocrx_word' id='word_1_135' title='bbox 626 2111 689 2157; x_wconf 91' lang='lat' dir='ltr'>non</span> <span class='ocrx_word' id='word_1_136' title='bbox 712 2091 839 2174; x_wconf 86' lang='lat' dir='ltr'>destitit,</span> <span class='ocrx_word' id='word_1_137' title='bbox 864 2111 923 2155; x_wconf 93' lang='lat' dir='ltr'>non</span> <span class='ocrx_word' id='word_1_138' title='bbox 941 2090 1075 2157; x_wconf 87' lang='lat' dir='ltr'>tulerunt</span> <span class='ocrx_word' id='word_1_139' title='bbox 1090 2109 1235 2174; x_wconf 80' lang='lat' dir='ltr'>egressus</span> 
     </span>
     <span class='ocr_line' id='line_1_18' title="bbox 114 2193 1235 2276; baseline 0.003 -21"><span class='ocrx_word' id='word_1_140' title='bbox 114 2211 217 2276; x_wconf 90' lang='lat' dir='ltr'>quoque</span> <span class='ocrx_word' id='word_1_141' title='bbox 238 2213 342 2260; x_wconf 87' lang='lat' dir='ltr'>omues</span> <span class='ocrx_word' id='word_1_142' title='bbox 366 2193 462 2276; x_wconf 86' lang='lat' dir='ltr'>ipsius</span> <span class='ocrx_word' id='word_1_143' title='bbox 485 2195 516 2259; x_wconf 92' lang='lat' dir='ltr'>in</span> <span class='ocrx_word' id='word_1_144' title='bbox 539 2193 683 2260; x_wconf 84' lang='lat' dir='ltr'>calcaneo</span> <span class='ocrx_word' id='word_1_145' title='bbox 706 2202 896 2273; x_wconf 85' lang='lat' dir='ltr'>contuentes,</span> <span class='ocrx_word' id='word_1_146' title='bbox 926 2201 989 2259; x_wconf 89' lang='lat' dir='ltr'>tum</span> <span class='ocrx_word' id='word_1_147' title='bbox 1021 2195 1052 2257; x_wconf 91' lang='lat' dir='ltr'>in</span> <span class='ocrx_word' id='word_1_148' title='bbox 1075 2193 1142 2258; x_wconf 92' lang='lat' dir='ltr'>eius</span> <span class='ocrx_word' id='word_1_149' title='bbox 1165 2213 1235 2274; x_wconf 89' lang='lat' dir='ltr'>sup-</span> 
     </span>
     <span class='ocr_line' id='line_1_19' title="bbox 113 2292 1234 2382; baseline 0.003 -23"><span class='ocrx_word' id='word_1_150' title='bbox 113 2292 311 2374; x_wconf 85' lang='lat' dir='ltr'>plantationem</span> <span class='ocrx_word' id='word_1_151' title='bbox 335 2296 547 2363; x_wconf 86' lang='lat' dir='ltr'>fraudulentee</span> <span class='ocrx_word' id='word_1_152' title='bbox 569 2299 812 2380; x_wconf 88' lang='lat' dir='ltr'>conspirationes</span> <span class='ocrx_word' id='word_1_153' title='bbox 834 2299 991 2363; x_wconf 87' lang='lat' dir='ltr'>ineuntes:</span> <span class='ocrx_word' id='word_1_154' title='bbox 1015 2296 1054 2362; x_wconf 89' lang='lat' dir='ltr'>ob</span> <span class='ocrx_word' id='word_1_155' title='bbox 1078 2299 1159 2382; x_wconf 89' lang='lat' dir='ltr'>quod</span> <span class='ocrx_word' id='word_1_156' title='bbox 1183 2317 1234 2364; x_wconf 87' lang='lat' dir='ltr'>eos</span> 
     </span>
     <span class='ocr_line' id='line_1_20' title="bbox 114 2397 837 2485; baseline 0.008 -24"><span class='ocrx_word' id='word_1_157' title='bbox 114 2399 191 2483; x_wconf 81' lang='lat' dir='ltr'>digna</span> <span class='ocrx_word' id='word_1_158' title='bbox 213 2401 277 2466; x_wconf 79' lang='lat' dir='ltr'>hac</span> <span class='ocrx_word' id='word_1_159' title='bbox 300 2403 404 2468; x_wconf 91' lang='lat' dir='ltr'>iudicii</span> <span class='ocrx_word' id='word_1_160' title='bbox 428 2403 581 2470; x_wconf 86' lang='lat' dir='ltr'>sententia</span> <span class='ocrx_word' id='word_1_161' title='bbox 603 2397 837 2485; x_wconf 88' lang='lat' dir='ltr'>conprehendit.</span> 
     </span>
    </p>

    <p class='ocr_par' dir='ltr' id='par_1_5' title="bbox 111 2503 1286 3218">
     <span class='ocr_line' id='line_1_21' title="bbox 147 2503 1286 2589; baseline 0.004 -23"><span class='ocrx_word' id='word_1_162' title='bbox 147 2503 172 2570; x_wconf 79' lang='grc'>1.</span> <span class='ocrx_word' id='word_1_163' title='bbox 192 2504 441 2589; x_wconf 84' lang='lat' dir='ltr'>Sequitorenim:</span> <span class='ocrx_word' id='word_1_164' title='bbox 459 2507 1093 2588; x_wconf 82' lang='lat' dir='ltr'>sicuteapectaueruutanimam</span> <span class='ocrx_word' id='word_1_165' title='bbox 1110 2526 1233 2584; x_wconf 89' lang='lat' dir='ltr'>meam,</span> <span class='ocrx_word' id='word_1_166' title='bbox 1260 2533 1286 2571; x_wconf 78' lang='lat' dir='ltr'>ao</span> 
     </span>
     <span class='ocr_line' id='line_1_22' title="bbox 113 2609 1234 2693; baseline 0.004 -22"><span class='ocrx_word' id='word_1_167' title='bbox 113 2610 315 2686; x_wconf 90' lang='lat' dir='ltr'>pronihilo</span> <span class='ocrx_word' id='word_1_168' title='bbox 351 2609 490 2677; x_wconf 84' lang='lat' dir='ltr'>saluos</span> <span class='ocrx_word' id='word_1_169' title='bbox 525 2612 656 2677; x_wconf 81' lang='lat' dir='ltr'>facies</span> <span class='ocrx_word' id='word_1_170' title='bbox 680 2611 785 2690; x_wconf 89' lang='lat' dir='ltr'>illos,</span> <span class='ocrx_word' id='word_1_171' title='bbox 820 2614 858 2677; x_wconf 91' lang='lat' dir='ltr'>in</span> <span class='ocrx_word' id='word_1_172' title='bbox 892 2612 953 2676; x_wconf 90' lang='lat' dir='ltr'>ira</span> <span class='ocrx_word' id='word_1_173' title='bbox 982 2610 1152 2693; x_wconf 89' lang='lat' dir='ltr'>populos</span> <span class='ocrx_word' id='word_1_174' title='bbox 1175 2612 1234 2676; x_wconf 89' lang='lat' dir='ltr'>de·</span> 
     </span>
     <span class='ocr_line' id='line_1_23' title="bbox 113 2712 1235 2800; baseline 0.004 -26"><span class='ocrx_word' id='word_1_175' title='bbox 113 2712 223 2780; x_wconf 91' lang='lat' dir='ltr'>duces.</span> <span class='ocrx_word' id='word_1_176' title='bbox 267 2735 365 2782; x_wconf 87' lang='lat' dir='ltr'>nauus</span> <span class='ocrx_word' id='word_1_177' title='bbox 388 2715 439 2782; x_wconf 92' lang='lat' dir='ltr'>hie</span> <span class='ocrx_word' id='word_1_178' title='bbox 462 2716 623 2800; x_wconf 82' lang='lat' dir='ltr'>prophetae</span> <span class='ocrx_word' id='word_1_179' title='bbox 644 2736 747 2782; x_wconf 88' lang='lat' dir='ltr'>sermo</span> <span class='ocrx_word' id='word_1_180' title='bbox 771 2723 826 2795; x_wconf 89' lang='lat' dir='ltr'>est,</span> <span class='ocrx_word' id='word_1_181' title='bbox 849 2723 882 2782; x_wconf 94' lang='lat' dir='ltr'>ut</span> <span class='ocrx_word' id='word_1_182' title='bbox 911 2735 972 2793; x_wconf 90' lang='lat' dir='ltr'>eos,</span> <span class='ocrx_word' id='word_1_183' title='bbox 996 2716 1048 2800; x_wconf 88' lang='lat' dir='ltr'>qui</span> <span class='ocrx_word' id='word_1_184' title='bbox 1072 2722 1235 2796; x_wconf 89' lang='lat' dir='ltr'>expectent</span> 
     </span>
     <span class='ocr_line' id='line_1_24' title="bbox 112 2817 1234 2899; baseline 0.005 -21"><span class='ocrx_word' id='word_1_185' title='bbox 112 2817 229 2883; x_wconf 88' lang='lat' dir='ltr'>animam</span> <span class='ocrx_word' id='word_1_186' title='bbox 252 2840 348 2899; x_wconf 87' lang='lat' dir='ltr'>suam,</span> <span class='ocrx_word' id='word_1_187' title='bbox 372 2821 411 2886; x_wconf 90' lang='lat' dir='ltr'>ad</span> <span class='ocrx_word' id='word_1_188' title='bbox 434 2819 566 2886; x_wconf 90' lang='lat' dir='ltr'>nihilum</span> <span class='ocrx_word' id='word_1_189' title='bbox 583 2820 659 2886; x_wconf 92' lang='lat' dir='ltr'>deus</span> <span class='ocrx_word' id='word_1_190' title='bbox 675 2820 783 2893; x_wconf 84' lang='lat' dir='ltr'>saluet,</span> <span class='ocrx_word' id='word_1_191' title='bbox 808 2827 922 2886; x_wconf 90' lang='lat' dir='ltr'>etcum</span> <span class='ocrx_word' id='word_1_192' title='bbox 939 2820 1021 2886; x_wconf 86' lang='lat' dir='ltr'>aliud</span> <span class='ocrx_word' id='word_1_193' title='bbox 1037 2820 1077 2885; x_wconf 92' lang='lat' dir='ltr'>sit</span> <span class='ocrx_word' id='word_1_194' title='bbox 1096 2819 1234 2895; x_wconf 80' lang='lat' dir='ltr'>nihilum,</span> 
     </span>
     <span class='ocr_line' id='line_1_25' title="bbox 112 2919 1235 3010; baseline 0.004 -27"><span class='ocrx_word' id='word_1_195' title='bbox 112 2919 180 2986; x_wconf 90' lang='lat' dir='ltr'>aliud</span> <span class='ocrx_word' id='word_1_196' title='bbox 201 2923 318 3002; x_wconf 76' lang='lat' dir='ltr'>salumi</span> <span class='ocrx_word' id='word_1_197' title='bbox 350 2945 431 2990; x_wconf 92' lang='lat' dir='ltr'>nunc</span> <span class='ocrx_word' id='word_1_198' title='bbox 455 2925 546 3004; x_wconf 87' lang='lat' dir='ltr'>salus,</span> <span class='ocrx_word' id='word_1_199' title='bbox 571 2945 639 3010; x_wconf 79' lang='lat' dir='ltr'>quae</span> <span class='ocrx_word' id='word_1_200' title='bbox 663 2926 693 2990; x_wconf 92' lang='lat' dir='ltr'>iu</span> <span class='ocrx_word' id='word_1_201' title='bbox 718 2945 769 2991; x_wconf 93' lang='lat' dir='ltr'>eos</span> <span class='ocrx_word' id='word_1_202' title='bbox 793 2925 855 3004; x_wconf 90' lang='lat' dir='ltr'>fiet,</span> <span class='ocrx_word' id='word_1_203' title='bbox 883 2925 915 2989; x_wconf 91' lang='lat' dir='ltr'>in</span> <span class='ocrx_word' id='word_1_204' title='bbox 938 2923 1068 2990; x_wconf 88' lang='lat' dir='ltr'>nihilum</span> <span class='ocrx_word' id='word_1_205' title='bbox 1093 2923 1142 2989; x_wconf 89' lang='lat' dir='ltr'>sit.</span> <span class='ocrx_word' id='word_1_206' title='bbox 1188 2931 1235 2988; x_wconf 90' lang='lat' dir='ltr'>est</span> 
     </span>
     <span class='ocr_line' id='line_1_26' title="bbox 111 3029 1286 3114; baseline 0.001 -27"><span class='ocrx_word' id='word_1_207' title='bbox 111 3043 171 3110; x_wconf 84' lang='lat' dir='ltr'>ergo</span> <span class='ocrx_word' id='word_1_208' title='bbox 193 3031 271 3112; x_wconf 92' lang='lat' dir='ltr'>quod</span> <span class='ocrx_word' id='word_1_209' title='bbox 304 3029 440 3095; x_wconf 85' lang='lat' dir='ltr'>saluatur</span> <span class='ocrx_word' id='word_1_210' title='bbox 461 3030 493 3094; x_wconf 92' lang='lat' dir='ltr'>in</span> <span class='ocrx_word' id='word_1_211' title='bbox 516 3029 671 3095; x_wconf 78' lang='lat' dir='ltr'>nihilum?</span> <span class='ocrx_word' id='word_1_212' title='bbox 716 3036 764 3096; x_wconf 86' lang='lat' dir='ltr'>eat</span> <span class='ocrx_word' id='word_1_213' title='bbox 785 3029 886 3111; x_wconf 88' lang='lat' dir='ltr'>plane,</span> <span class='ocrx_word' id='word_1_214' title='bbox 909 3029 1056 3114; x_wconf 90' lang='lat' dir='ltr'>quicquid</span> <span class='ocrx_word' id='word_1_215' title='bbox 1079 3047 1234 3093; x_wconf 89' lang='lat' dir='ltr'>resurrec·</span> <span class='ocrx_word' id='word_1_216' title='bbox 1260 3051 1286 3088; x_wconf 76' lang='lat' dir='ltr'>a</span> 
     </span>
     <span class='ocr_line' id='line_1_27' title="bbox 111 3129 1232 3218; baseline 0.005 -28"><span class='ocrx_word' id='word_1_217' title='bbox 111 3129 178 3196; x_wconf 89' lang='lat' dir='ltr'>tione</span> <span class='ocrx_word' id='word_1_218' title='bbox 199 3152 343 3199; x_wconf 88' lang='lat' dir='ltr'>concessa</span> <span class='ocrx_word' id='word_1_219' title='bbox 373 3134 581 3200; x_wconf 87' lang='lat' dir='ltr'>demutatione</span> <span class='ocrx_word' id='word_1_220' title='bbox 603 3154 665 3199; x_wconf 93' lang='lat' dir='ltr'>nou</span> <span class='ocrx_word' id='word_1_221' title='bbox 689 3134 819 3218; x_wconf 89' lang='lat' dir='ltr'>dignum</span> <span class='ocrx_word' id='word_1_222' title='bbox 842 3141 897 3199; x_wconf 90' lang='lat' dir='ltr'>est.</span> <span class='ocrx_word' id='word_1_223' title='bbox 943 3152 1014 3197; x_wconf 89' lang='lat' dir='ltr'>nam</span> <span class='ocrx_word' id='word_1_224' title='bbox 1037 3151 1106 3197; x_wconf 92' lang='lat' dir='ltr'>cum</span> <span class='ocrx_word' id='word_1_225' title='bbox 1131 3133 1232 3196; x_wconf 89' lang='lat' dir='ltr'>omnis</span> 
     </span>
    </p>
   </div>
   <div class='ocr_carea' id='block_1_4' title="bbox 110 3339 1235 3858">
    <p class='ocr_par' dir='ltr' id='par_1_6' title="bbox 110 3339 1235 3858">
     <span class='ocr_line' id='line_1_28' title="bbox 144 3339 1235 3409; baseline 0.002 -17"><span class='ocrx_word' id='word_1_226' title='bbox 144 3341 334 3398; x_wconf 76' lang='lat' dir='ltr'>daccenderet</span> <span class='ocrx_word' id='word_1_227' title='bbox 354 3361 384 3396; x_wconf 74' lang='lat' dir='ltr'>cc</span> <span class='ocrx_word' id='word_1_228' title='bbox 401 3341 563 3397; x_wconf 84' lang='lat' dir='ltr'>ascenderet</span> <span class='ocrx_word' id='word_1_229' title='bbox 583 3361 649 3396; x_wconf 67' lang='lat' dir='ltr'>cor-r.</span> <span class='ocrx_word' id='word_1_230' title='bbox 675 3361 707 3396; x_wconf 86' lang='lat' dir='ltr'>m.</span> <span class='ocrx_word' id='word_1_231' title='bbox 728 3343 743 3396; x_wconf 85' lang='lat' dir='ltr'>l</span> <span class='ocrx_word' id='word_1_232' title='bbox 762 3345 788 3396; x_wconf 85' lang='lat' dir='ltr'><em>R</em></span> <span class='ocrx_word' id='word_1_233' title='bbox 839 3345 857 3395; x_wconf 75' lang='lat'>4</span> <span class='ocrx_word' id='word_1_234' title='bbox 881 3359 964 3396; x_wconf 87' lang='lat' dir='ltr'>aurae</span> <span class='ocrx_word' id='word_1_235' title='bbox 991 3343 1017 3394; x_wconf 78' lang='lat' dir='ltr'><em>R</em></span> <span class='ocrx_word' id='word_1_236' title='bbox 1069 3343 1085 3394; x_wconf 78' lang='lat'><strong>5</strong></span> <span class='ocrx_word' id='word_1_237' title='bbox 1112 3339 1235 3409; x_wconf 88' lang='lat' dir='ltr'>penitra·</span> 
     </span>
     <span class='ocr_line' id='line_1_29' title="bbox 110 3429 1235 3498; baseline 0.002 -21"><span class='ocrx_word' id='word_1_238' title='bbox 110 3429 178 3480; x_wconf 86' lang='lat' dir='ltr'>retT</span> <span class='ocrx_word' id='word_1_239' title='bbox 225 3429 402 3498; x_wconf 80' lang='lat' dir='ltr'>dprofetali</span> <span class='ocrx_word' id='word_1_240' title='bbox 455 3429 689 3484; x_wconf 78' lang='lat' dir='ltr'>iconsumanald</span> <span class='ocrx_word' id='word_1_241' title='bbox 742 3433 966 3497; x_wconf 78' lang='lat' dir='ltr'>Sconsequntnr</span> <span class='ocrx_word' id='word_1_242' title='bbox 985 3429 1010 3481; x_wconf 83' lang='lat' dir='ltr'><em>R</em></span> <span class='ocrx_word' id='word_1_243' title='bbox 1028 3432 1235 3495; x_wconf 82' lang='lat' dir='ltr'>consequuntur</span> 
     </span>
     <span class='ocr_line' id='line_1_30' title="bbox 111 3512 1235 3570; baseline 0.004 -8"><span class='ocrx_word' id='word_1_244' title='bbox 111 3512 176 3566; x_wconf 82' lang='lat' dir='ltr'>PTE</span> <span class='ocrx_word' id='word_1_245' title='bbox 223 3517 454 3570; x_wconf 85' lang='lat' dir='ltr'>9exsccrabatur</span> <span class='ocrx_word' id='word_1_246' title='bbox 480 3515 562 3570; x_wconf 89' lang='lat' dir='ltr'>homo</span> <span class='ocrx_word' id='word_1_247' title='bbox 580 3515 712 3570; x_wconf 82' lang='lat' dir='ltr'>aduersus</span> <span class='ocrx_word' id='word_1_248' title='bbox 732 3517 756 3568; x_wconf 88' lang='lat' dir='ltr'><em>T</em></span> <span class='ocrx_word' id='word_1_249' title='bbox 774 3517 1010 3570; x_wconf 63' lang='lat' dir='ltr'>execrabaztur</span> <span class='ocrx_word' id='word_1_250' title='bbox 1027 3514 1109 3568; x_wconf 90' lang='lat' dir='ltr'>homo</span> <span class='ocrx_word' id='word_1_251' title='bbox 1137 3514 1235 3567; x_wconf 83' lang='lat' dir='ltr'>aduer-</span> 
     </span>
     <span class='ocr_line' id='line_1_31' title="bbox 110 3600 1235 3659; baseline 0.002 -9"><span class='ocrx_word' id='word_1_252' title='bbox 110 3617 146 3653; x_wconf 85' lang='lat' dir='ltr'>sua</span> <span class='ocrx_word' id='word_1_253' title='bbox 163 3601 186 3652; x_wconf 89' lang='lat' dir='ltr'><em>P</em></span> <span class='ocrx_word' id='word_1_254' title='bbox 236 3606 380 3659; x_wconf 80' lang='lat' dir='ltr'>locorum</span> <span class='ocrx_word' id='word_1_255' title='bbox 399 3603 503 3656; x_wconf 90' lang='lat' dir='ltr'>malum</span> <span class='ocrx_word' id='word_1_256' title='bbox 521 3601 686 3656; x_wconf 87' lang='lat' dir='ltr'>habitabunt</span> <span class='ocrx_word' id='word_1_257' title='bbox 704 3602 733 3655; x_wconf 92' lang='lat' dir='ltr'>in</span> <span class='ocrx_word' id='word_1_258' title='bbox 752 3603 856 3656; x_wconf 88' lang='lat' dir='ltr'>malurn</span> <span class='ocrx_word' id='word_1_259' title='bbox 874 3602 1039 3656; x_wconf 89' lang='lat' dir='ltr'>habitabunt</span> <span class='ocrx_word' id='word_1_260' title='bbox 1066 3605 1096 3654; x_wconf 91' lang='lat' dir='ltr'>et</span> <span class='ocrx_word' id='word_1_261' title='bbox 1120 3600 1235 3654; x_wconf 82' lang='lat' dir='ltr'>abscon·</span> 
     </span>
     <span class='ocr_line' id='line_1_32' title="bbox 110 3687 1235 3764; baseline -0.001 -26"><span class='ocrx_word' id='word_1_262' title='bbox 110 3687 165 3740; x_wconf 87' lang='lat' dir='ltr'>dant</span> <span class='ocrx_word' id='word_1_263' title='bbox 181 3689 207 3741; x_wconf 90' lang='lat' dir='ltr'><em>P</em></span> <span class='ocrx_word' id='word_1_264' title='bbox 221 3688 300 3754; x_wconf 81' lang='lat' dir='ltr'>(idem</span> <span class='ocrx_word' id='word_1_265' title='bbox 321 3691 429 3760; x_wconf 83' lang='lat' dir='ltr'>praehet</span> <span class='ocrx_word' id='word_1_266' title='bbox 447 3709 466 3740; x_wconf 84' lang='grc' dir='ltr'><strong><em>α</em></strong></span> <span class='ocrx_word' id='word_1_267' title='bbox 490 3691 541 3742; x_wconf 78' lang='lat' dir='ltr'>nini</span> <span class='ocrx_word' id='word_1_268' title='bbox 558 3691 626 3759; x_wconf 82' lang='lat' dir='ltr'>quod</span> <span class='ocrx_word' id='word_1_269' title='bbox 643 3707 692 3742; x_wconf 87' lang='lat' dir='ltr'>om.</span> <span class='ocrx_word' id='word_1_270' title='bbox 720 3695 748 3743; x_wconf 91' lang='lat' dir='ltr'>et</span> <span class='ocrx_word' id='word_1_271' title='bbox 775 3688 956 3764; x_wconf 84' lang='lat' dir='ltr'>abscondent)</span> <span class='ocrx_word' id='word_1_272' title='bbox 1010 3690 1044 3742; x_wconf 84' lang='grc'>111</span> <span class='ocrx_word' id='word_1_273' title='bbox 1071 3695 1190 3755; x_wconf 79' lang='lat' dir='ltr'>nuquam</span> <span class='ocrx_word' id='word_1_274' title='bbox 1210 3687 1235 3738; x_wconf 84' lang='lat' dir='ltr'><em>R</em></span> 
     </span>
     <span class='ocr_line' id='line_1_33' title="bbox 113 3773 1234 3858; baseline 0 -32"><span class='ocrx_word' id='word_1_275' title='bbox 113 3775 137 3826; x_wconf 78' lang='lat' dir='ltr'>lt</span> <span class='ocrx_word' id='word_1_276' title='bbox 151 3792 208 3828; x_wconf 83' lang='lat' dir='ltr'>curn</span> <span class='ocrx_word' id='word_1_277' title='bbox 227 3776 385 3830; x_wconf 82' lang='lat' dir='ltr'>testimonia</span> <span class='ocrx_word' id='word_1_278' title='bbox 404 3774 513 3842; x_wconf 72' lang='lat' dir='ltr'>(amet)</span> <span class='ocrx_word' id='word_1_279' title='bbox 533 3777 612 3829; x_wconf 86' lang='grc' dir='ltr'>ΡΤΕ</span> <span class='ocrx_word' id='word_1_280' title='bbox 663 3777 697 3830; x_wconf 84' lang='grc'>14</span> <span class='ocrx_word' id='word_1_281' title='bbox 714 3781 880 3858; x_wconf 81' lang='lat' dir='ltr'>adparantae</span> <span class='ocrx_word' id='word_1_282' title='bbox 899 3777 924 3827; x_wconf 85' lang='grc' dir='ltr'><em>Τ</em></span> <span class='ocrx_word' id='word_1_283' title='bbox 977 3778 1005 3828; x_wconf 91' lang='lat' dir='ltr'>in</span> <span class='ocrx_word' id='word_1_284' title='bbox 1028 3790 1145 3828; x_wconf 75' lang='lat' dir='ltr'>immune</span> <span class='ocrx_word' id='word_1_285' title='bbox 1165 3773 1190 3825; x_wconf 91' lang='lat' dir='ltr'>P</span> <span class='ocrx_word' id='word_1_286' title='bbox 1206 3773 1234 3826; x_wconf 92' lang='lat' dir='ltr'>iu</span> 
     </span>
    </p>
   </div>
   <div class='ocr_carea' id='block_1_5' title="bbox 111 3885 1235 4091">
    <p class='ocr_par' dir='ltr' id='par_1_7' title="bbox 111 3885 1235 4091">
     <span class='ocr_line' id='line_1_34' title="bbox 111 3885 1234 4001; baseline 0.001 -18"><span class='ocrx_word' id='word_1_287' title='bbox 111 3929 226 3987; x_wconf 72' lang='lat' dir='ltr'>camum</span> <span class='ocrx_word' id='word_1_288' title='bbox 245 3934 270 3986; x_wconf 77' lang='lat' dir='ltr'>lt</span> <span class='ocrx_word' id='word_1_289' title='bbox 322 3885 463 3988; x_wconf 52' lang='lat' dir='ltr'>habituum</span> <span class='ocrx_word' id='word_1_290' title='bbox 482 3951 515 3986; x_wconf 79' lang='lat' dir='ltr'>an.</span> <span class='ocrx_word' id='word_1_291' title='bbox 533 3933 586 3985; x_wconf 87' lang='lat' dir='ltr'>rP</span> <span class='ocrx_word' id='word_1_292' title='bbox 640 3933 670 3988; x_wconf 85' lang='grc'>16</span> <span class='ocrx_word' id='word_1_293' title='bbox 689 3933 861 4001; x_wconf 85' lang='lat' dir='ltr'>impietatem</span> <span class='ocrx_word' id='word_1_294' title='bbox 880 3931 958 3986; x_wconf 82' lang='grc' dir='ltr'>ΡΤΕ</span> <span class='ocrx_word' id='word_1_295' title='bbox 1008 3946 1064 3984; x_wconf 90' lang='lat' dir='ltr'>non</span> <span class='ocrx_word' id='word_1_296' title='bbox 1082 3929 1234 3984; x_wconf 61' lang='lat' dir='ltr'>destinat</span> 
     </span>
     <span class='ocr_line' id='line_1_35' title="bbox 111 4017 1235 4091; baseline 0.001 -23"><span class='ocrx_word' id='word_1_297' title='bbox 111 4019 195 4072; x_wconf 84' lang='lat' dir='ltr'>uonli</span> <span class='ocrx_word' id='word_1_298' title='bbox 247 4021 278 4074; x_wconf 87' lang='grc'>17</span> <span class='ocrx_word' id='word_1_299' title='bbox 296 4025 356 4074; x_wconf 87' lang='lat' dir='ltr'>tum</span> <span class='ocrx_word' id='word_1_300' title='bbox 374 4022 475 4091; x_wconf 83' lang='lat' dir='ltr'>scripsi,</span> <span class='ocrx_word' id='word_1_301' title='bbox 496 4021 561 4074; x_wconf 89' lang='lat' dir='ltr'>dum</span> <span class='ocrx_word' id='word_1_302' title='bbox 579 4019 685 4072; x_wconf 84' lang='lat' dir='ltr'><em>RPTE</em></span> <span class='ocrx_word' id='word_1_303' title='bbox 701 4021 735 4084; x_wconf 74' lang='lat' dir='ltr'>cs.</span> <span class='ocrx_word' id='word_1_304' title='bbox 755 4020 836 4072; x_wconf 79' lang='lat' dir='ltr'>Acad-</span> <span class='ocrx_word' id='word_1_305' title='bbox 853 4038 881 4089; x_wconf 83' lang='lat' dir='ltr'>p.</span> <span class='ocrx_word' id='word_1_306' title='bbox 904 4017 937 4072; x_wconf 81' lang='lat'>16</span> <span class='ocrx_word' id='word_1_307' title='bbox 993 4021 1025 4072; x_wconf 81' lang='lat'>18</span> <span class='ocrx_word' id='word_1_308' title='bbox 1042 4017 1235 4070; x_wconf 83' lang='lat' dir='ltr'>fraudolentae</span> 
     </span>
    </p>
   </div>
   <div class='ocr_carea' id='block_1_6' title="bbox 111 4103 1237 4242">
    <p class='ocr_par' dir='ltr' id='par_1_8' title="bbox 111 4103 1237 4242">
     <span class='ocr_line' id='line_1_36' title="bbox 111 4103 1237 4174; baseline -0.001 -18"><span class='ocrx_word' id='word_1_309' title='bbox 111 4106 304 4174; x_wconf 76' lang='lat' dir='ltr'>pampinationis</span> <span class='ocrx_word' id='word_1_310' title='bbox 331 4106 458 4162; x_wconf 85' lang='lat' dir='ltr'>ineuntes</span> <span class='ocrx_word' id='word_1_311' title='bbox 477 4107 502 4160; x_wconf 81' lang='lat' dir='ltr'><em>R</em></span> <span class='ocrx_word' id='word_1_312' title='bbox 518 4106 695 4162; x_wconf 83' lang='lat' dir='ltr'>fraudulenta</span> <span class='ocrx_word' id='word_1_313' title='bbox 723 4105 926 4174; x_wconf 86' lang='lat' dir='ltr'>conspiratione</span> <span class='ocrx_word' id='word_1_314' title='bbox 953 4104 1131 4158; x_wconf 85' lang='lat' dir='ltr'>consentiunt</span> <span class='ocrx_word' id='word_1_315' title='bbox 1158 4103 1237 4155; x_wconf 87' lang='lat' dir='ltr'>PTE</span> 
     </span>
     <span class='ocr_line' id='line_1_37' title="bbox 419 4197 598 4242; baseline 0 -10"><span class='ocrx_word' id='word_1_316' title='bbox 419 4197 598 4242; x_wconf 78' lang='lat' dir='ltr'>expectaueram</span> 
     </span>
    </p>
   </div>
   <div class='ocr_carea' id='block_1_7' title="bbox 111 4242 1236 4401">
    <p class='ocr_par' dir='ltr' id='par_1_9' title="bbox 111 4242 1236 4401">
     <span class='ocr_line' id='line_1_38' title="bbox 113 4242 1236 4313; baseline -0.002 -17"><span class='ocrx_word' id='word_1_317' title='bbox 113 4245 138 4297; x_wconf 78' lang='lat' dir='ltr'>lt</span> <span class='ocrx_word' id='word_1_318' title='bbox 153 4245 245 4300; x_wconf 82' lang='lat' dir='ltr'>iudicia</span> <span class='ocrx_word' id='word_1_319' title='bbox 273 4247 314 4299; x_wconf 87' lang='lat' dir='ltr'>Pb</span> <span class='ocrx_word' id='word_1_320' title='bbox 366 4247 401 4300; x_wconf 68' lang='lat'>20</span> <span class='ocrx_word' id='word_1_321' title='bbox 419 4244 610 4299; x_wconf 86' lang='lat' dir='ltr'>sustinuerunt</span> <span class='ocrx_word' id='word_1_322' title='bbox 629 4246 654 4298; x_wconf 88' lang='grc' dir='ltr'><em>Τ</em></span> <span class='ocrx_word' id='word_1_323' title='bbox 705 4246 739 4299; x_wconf 73' lang='grc'>22</span> <span class='ocrx_word' id='word_1_324' title='bbox 757 4245 882 4313; x_wconf 83' lang='lat' dir='ltr'>profetae</span> <span class='ocrx_word' id='word_1_325' title='bbox 907 4245 932 4296; x_wconf 78' lang='lat' dir='ltr'>li</span> <span class='ocrx_word' id='word_1_326' title='bbox 984 4247 1131 4312; x_wconf 85' lang='lat' dir='ltr'>expectant</span> <span class='ocrx_word' id='word_1_327' title='bbox 1159 4242 1236 4294; x_wconf 80' lang='lat' dir='ltr'>PTE</span> 
     </span>
     <span class='ocr_line' id='line_1_39' title="bbox 111 4329 1198 4401; baseline -0.001 -18"><span class='ocrx_word' id='word_1_328' title='bbox 111 4329 138 4383; x_wconf 68' lang='grc'>11</span> <span class='ocrx_word' id='word_1_329' title='bbox 152 4333 178 4385; x_wconf 92' lang='lat' dir='ltr'>in</span> <span class='ocrx_word' id='word_1_330' title='bbox 193 4332 310 4387; x_wconf 87' lang='lat' dir='ltr'>nibilum</span> <span class='ocrx_word' id='word_1_331' title='bbox 329 4333 407 4386; x_wconf 84' lang='lat' dir='ltr'>PTE</span> <span class='ocrx_word' id='word_1_332' title='bbox 458 4333 493 4386; x_wconf 78' lang='lat' dir='ltr'>m</span> <span class='ocrx_word' id='word_1_333' title='bbox 511 4339 552 4386; x_wconf 88' lang='lat' dir='ltr'>eat</span> <span class='ocrx_word' id='word_1_334' title='bbox 570 4347 637 4401; x_wconf 81' lang='lat' dir='ltr'>ergo</span> <span class='ocrx_word' id='word_1_335' title='bbox 655 4357 689 4370; x_wconf 91' lang='lat'>—</span> <span class='ocrx_word' id='word_1_336' title='bbox 707 4331 826 4385; x_wconf 91' lang='lat' dir='ltr'>nihilum</span> <span class='ocrx_word' id='word_1_337' title='bbox 845 4333 871 4384; x_wconf 86' lang='lat' dir='ltr'>in</span> <span class='ocrx_word' id='word_1_338' title='bbox 890 4347 972 4400; x_wconf 73' lang='lat' dir='ltr'>marp.</span> <span class='ocrx_word' id='word_1_339' title='bbox 990 4331 1068 4383; x_wconf 74' lang='lat' dir='ltr'>infer.</span> <span class='ocrx_word' id='word_1_340' title='bbox 1087 4331 1147 4382; x_wconf 80' lang='lat' dir='ltr'>edd.</span> <span class='ocrx_word' id='word_1_341' title='bbox 1169 4329 1198 4382; x_wconf 90' lang='lat' dir='ltr'>P.</span> 
     </span>
    </p>
   </div>
   <div class='ocr_carea' id='block_1_8' title="bbox 0 0 1542 4967">
    <p class='ocr_par' dir='ltr' id='par_1_10' title="bbox 0 0 1542 4967">
     <span class='ocr_line' id='line_1_40' title="bbox 0 0 1542 4967; baseline 0 3"><span class='ocrx_word' id='word_1_342' title='bbox 0 0 1542 4967; x_wconf 95' lang='lat' dir='ltr'> </span> 
     </span>
    </p>
   </div>
  </div>
 </body>
</html>
