3075 4967
456 268 635 319 tractatus
660 264 694 319 in
717 266 888 335 psalmum
911 266 990 319 CXL.
1224 264 1284 329 791

141 456 402 522 sacrificium
428 455 715 535 uespertinum.
761 455 902 536 plurimis
924 455 1000 519 locis
1023 454 1230 533 troctnnimns
1252 456 1284 519 in

139 560 327 627 alienatione
350 578 496 623 manuum
520 557 632 624 excelsi
655 558 757 639 operis
780 559 917 624 officinm
946 559 1119 637 monstrari,
1149 564 1190 637 nt,
1214 578 1285 623 cnm

140 664 271 748 Moyses
295 662 420 729 eleuatis
444 662 585 728 manibus
619 670 700 728 stare
723 674 895 745 praeceptus
928 670 983 740 est,
1017 661 1127 744 populo
1156 663 1189 726 in
1212 661 1286 728 alie·

138 769 267 833 natione
290 771 320 833 et
342 766 528 833 demissione
562 786 708 831 mannum
743 786 870 832 suornm
900 765 949 832 uel
978 766 1093 831 uictore
1126 766 1176 831 nel
1198 766 1287 831 uicto.

140 871 301 955 apostolus
317 890 439 955 qnoque
454 876 576 935 orantes
592 871 676 936 iubet
691 869 812 936 eleuare
830 890 938 936 manns
952 890 1053 952 puras.
1098 876 1128 935 et
1143 889 1213 935 cnm
1228 871 1286 935 oit:
1327 894 1340 930 o

141 978 235 1042 sine
258 976 318 1041 ira
340 980 376 1040 et
399 974 665 1059 cogitatione,
689 994 750 1039 nou
765 974 905 1040 hobitum
926 975 1034 1039 orandi
1050 975 1215 1051 constitnit,
1231 977 1287 1040 sed

139 1080 359 1161 praescriptum
390 1079 501 1144 diuinae
531 1078 715 1161 operationis
745 1078 867 1144 adiecit.
912 1079 1046 1162 deniqne
1069 1078 1290 1160 dominusper

140 1184 273 1250 Esaiam
307 1183 489 1266 prophetem
522 1182 676 1248 orationes
709 1182 874 1264 impiorum
907 1182 1075 1264 inprobons
1104 1182 1147 1247 its
1169 1182 1286 1247 locutus

141 1296 210 1354 est:
245 1288 278 1353 si
313 1287 549 1353 extendatis
583 1295 728 1364 moinus,
763 1292 946 1352 anertom
979 1286 1117 1351 oculos
1140 1306 1287 1352 meosa

140 1392 269 1469 nobis,
293 1410 355 1455 non
378 1391 484 1473 ntiqne
507 1391 533 1455 si
556 1390 692 1469 deuotis,
716 1392 773 1455 sed
796 1391 823 1455 si
845 1390 1031 1467 extendatis;
1062 1390 1134 1473 qnia
1164 1389 1288 1456 habitus
1315 1411 1340 1447 ιο

142 1496 256 1563 orandi
277 1496 309 1560 in
332 1496 476 1561 manibus
500 1496 701 1561 extendendis
725 1502 780 1573 est,
804 1495 935 1577 perfecti
959 1506 1062 1560 antem
1084 1495 1185 1577 operis
1219 1494 1287 1559 effi·

142 1601 260 1667 cientis
282 1611 330 1666 est
352 1601 383 1664 in
406 1598 574 1665 elenondis.

189 1704 218 1769 4.
243 1704 390 1769 Mannum
414 1723 490 1788 ergo
515 1702 643 1769 elenotio
673 1704 859 1769 sacrificinm
893 1703 1101 1784 uespertinum
1125 1709 1180 1768 est.
1226 1723 1286 1767 non

143 1810 232 1874 enim
255 1808 405 1892 sangnine
429 1814 459 1873 et
481 1806 668 1873 holocaustis
691 1827 755 1885 nos,
778 1806 809 1871 in
833 1826 911 1891 qnos
935 1807 1159 1872 consummatio
1193 1826 1289 1873 sacn-

142 1912 246 1977 lornm
270 1912 401 1991 deuenit,
425 1910 635 1976 sacrificamus
658 1913 722 1975 deo.
768 1911 824 1976 sed
847 1911 929 1994 qnod
952 1910 1136 1976 sacrificinm
1163 1930 1287 1991 uesper·
1316 1928 1341 1967 o

143 2018 246 2081 tinum
270 2015 417 2097 placitum
441 2016 487 2093 sit,
511 2015 671 2080 audiamus
688 2015 847 2079 dominnm
868 2015 899 2078 in
924 2013 1093 2099 euangeliis
1116 2015 1288 2080 dicentem:

143 2119 1288 2202 nonite‚bsnedictipatrismei,possidetepraeparotum

143 2224 265 2289 nobis
288 2222 967 2308 regnumaconstitntionamnudi.
1006 2222 1289 2304 esnriuienim,

146 2336 186 2394 et
221 2327 401 2393 dedistis
434 2326 534 2391 mihi
572 2328 833 2404 manducem
873 2326 999 2402 sitini,
1037 2332 1075 2391 et
1112 2326 1289 2405 dedistis

145 2430 246 2497 mihi
281 2432 438 2509 bibare;
473 2431 623 2511 hospes
658 2450 775 2508 eram,
806 2436 844 2495 et
866 2430 1116 2512 suscepistis
1139 2451 1212 2510 me;
1235 2430 1289 2494 in·
1316 2446 1341 2483 eo

145 2536 301 2612 firmus,
325 2544 364 2600 et
389 2534 600 2599 nisitastis
624 2554 698 2616 me;
730 2535 768 2598 in
793 2553 962 2599 carcere
985 2534 1052 2613 sui,
1083 2542 1120 2599 et
1142 2533 1290 2599 libera·

146 2641 226 2706 stis
250 2660 315 2706 me.
361 2648 392 2705 et
421 2640 678 2720 respondentibus
702 2638 772 2718 iilis,
804 2642 888 2723 qnod
911 2658 1082 2725 numquam
1106 2638 1156 2703 his
1178 2638 1289 2705 officiis

146 2744 292 2809 hnmanae
308 2744 502 2809 necessitatis
518 2743 662 2827 eguisset,
681 2742 738 2807 ait:
761 2763 876 2808 amen
900 2743 989 2807 dioo
1013 2742 1135 2822 nobis,
1159 2763 1288 2827 qnem-

147 2849 214 2913 din
247 2847 415 2914 fecistis
448 2848 515 2911 nui
550 2868 594 2913 ex
629 2845 692 2911 his
726 2847 929 2913 iratribus
966 2846 1153 2921 minimis,
1189 2847 1288 2912 mihi

147 2953 325 3019 fecistis.
371 2950 429 3017 hoc
474 2952 661 3017 sacrificinm
698 2952 919 3032 uespertinum,
957 2952 990 3016 id
1027 2962 1074 3017 est
1111 2959 1286 3036 temporum
1315 2967 1342 3004 π

146 3056 385 3121 nouissimornm
409 3062 464 3146 est.
511 3058 541 3119 in
574 3054 633 3121 hoc
664 3074 774 3119 manus
804 3054 963 3121 elenoudae
993 3064 1072 3135 snut,
1102 3056 1175 3140 qnia
1200 3056 1289 3121 istius

147 3160 231 3226 modi
267 3160 455 3224 orationibus
489 3160 549 3225 iem
584 3160 623 3224 ab
656 3160 741 3224 initio
775 3160 883 3225 mnndi
917 3160 1089 3225 benedictis
1121 3160 1170 3225 dei
1200 3160 1290 3243 regui

147 3264 280 3331 caelestis
302 3268 476 3345 preparata
498 3265 655 3344 possessio
679 3270 733 3329 est.

193 3370 222 3434 5.
247 3368 307 3433 Sed
341 3367 484 3434 meminit
516 3367 676 3449 propheta,
710 3373 823 3448 prater
856 3367 1022 3433 clamorem
1061 3367 1141 3445 fidei,
1179 3373 1291 3447 praeter

148 3472 327 3550 orationem,
347 3491 415 3556 queo
432 3471 595 3557 dirigendo
610 3472 650 3537 sit
665 3476 697 3537 nt
711 3472 879 3551 incensum,
896 3478 927 3537 et
948 3478 1061 3556 praeter
1083 3471 1287 3537 eleuationem
1317 3486 1343 3523 ⁸⁰

147 3596 305 3653 mannum,
341 3576 371 3641 iu
406 3594 468 3660 qna
501 3576 686 3641 sacrificinm
720 3578 931 3656 uespertinum
965 3581 1021 3658 est,
1056 3581 1085 3640 et
1115 3574 1199 3639 alind
1229 3575 1288 3640 sibi

147 3678 250 3745 adhuc
272 3700 348 3760 opus
371 3681 623 3746 consummandae
647 3680 677 3743 iu
702 3698 735 3745 se
758 3680 981 3745 iustificationis
1004 3681 1181 3761 optandum.
1216 3679 1289 3744 dicti

193 3896 209 3947 6
228 3894 241 3947 l
259 3893 329 3948 Tim.
348 3896 373 3961 2,
391 3896 416 3947 8.
453 3897 469 3948 9
487 3892 560 3947 Esai.
579 3894 600 3962 Ι,
621 3896 661 3948 15.
699 3896 732 3948 17
751 3894 850 3949 Motth.
868 3895 953 3963 XXV,
971 3897 1007 3949 34
1025 3912 1065 3962 sq.

192 4070 341 4121 2mnnnm
359 4068 385 4121 R
436 4066 631 4121 4dimissione
650 4068 695 4120 Ra
747 4068 811 4121 det
829 4067 1005 4122 contentione
1024 4066 1094 4131 ch.
1107 4068 1291 4132 tabariam,

148 4152 207 4209 869
261 4156 295 4207 10
311 4153 466 4208 extendatis
484 4171 589 4220 manns,
608 4155 673 4222 qnia
691 4156 719 4207 E
769 4156 804 4210 20
821 4153 946 4208 infirmus
958 4182 991 4191 -
1004 4154 1142 4208 liberastis
1151 4171 1195 4208 me
1205 4172 1253 4207 om.
1266 4155 1293 4208 R

147 4243 184 4297 30
201 4239 348 4309 dirigenda
366 4244 407 4295 est
426 4242 454 4293 E
504 4241 671 4295 eleuationes
690 4240 716 4294 R
768 4243 800 4296 31
821 4242 850 4295 iu
869 4258 938 4309 quas
956 4243 988 4295 R.
