3075 4967
266 294 328 359 492
608 296 725 350 sanati
750 296 884 350 Hilarii
909 296 1070 366 episoopi

309 485 337 550 8.
362 483 483 551 Dehinc
499 486 653 570 sequitur:
677 487 824 552 adiuua
847 507 913 564 me,
936 492 975 553 et
997 485 1135 551 saluus
1155 506 1222 552 ero
1238 487 1402 552 etmedi-

265 589 380 655 tabor
410 590 743 656 iustificationes
775 596 865 655 tuas
895 610 1063 671 semper.
1109 591 1250 672 superius
1273 592 1401 656 dixerat:

266 695 428 760 adiutor
457 700 495 759 et
528 703 745 776 susceptor
768 714 887 772 meus,
910 703 1118 760 runcantem
1141 695 1302 760 nominum
1323 715 1402 760 eom·

265 803 505 864 memoratorum
527 818 594 864 rem
617 804 768 879 precatur,
792 806 833 872 ut
857 801 909 882 qui
931 804 1094 880 susceptor
1115 807 1171 878 est,
1203 800 1344 880 suscipiat
1367 806 1403 876 et,

225 930 237 966 a
265 903 318 986 qui
341 901 462 967 adiutor
484 907 540 980 est,
564 903 696 969 adiuuet.
741 921 802 967 non
818 902 929 969 abesse
945 923 963 967 a
978 923 1013 968 se
1029 903 1215 968 adiutorium
1235 904 1403 968 adiuuantis

263 1013 416 1086 precatur.
468 1027 528 1070 non
563 1013 637 1078 orat.
660 1027 699 1073 ne
737 1006 946 1092 malignantes
984 1027 1045 1072 non
1082 1006 1205 1083 haheat,
1244 1008 1316 1091 quia
1351 1027 1402 1088 per

263 1111 442 1192 passionum
480 1111 662 1192 patientiam
699 1110 779 1177 fides
815 1111 977 1193 probatur;
1016 1112 1081 1189 sed,
1105 1117 1140 1176 ut
1172 1111 1322 1177 aduersus
1356 1131 1403 1176 eos

263 1215 433 1292 adiuuotur,
457 1222 531 1294 orat,
563 1217 634 1299 quia
657 1214 804 1281 auxilium
826 1237 844 1279 a
868 1216 993 1280 domino
1023 1236 1149 1297 semper
1178 1216 1330 1281 orandum
1352 1221 1404 1281 est.

263 1319 319 1384 sed
341 1321 608 1402 quemadmodum
630 1321 663 1385 in
685 1321 843 1402 superiore
866 1327 1028 1402 susceptus
1049 1321 1143 1398 uiuet
1175 1321 1219 1385 ita
1242 1326 1274 1385 et
1295 1321 1326 1384 in
1350 1319 1404 1384 hoe

211 1452 235 1489 ro
262 1423 384 1488 adiutus
407 1423 583 1488 saluabitur.
629 1422 731 1490 adhuc
755 1425 838 1489 enim
862 1424 922 1489 sihi
945 1424 1089 1490 obeunda
1111 1443 1195 1490 mors
1218 1430 1277 1505 est,
1308 1421 1403 1488 adhue

262 1527 352 1592 inseri
376 1528 557 1594 sustinendi.
603 1539 674 1594 tuno
697 1528 874 1606 saluabitur,
897 1548 968 1594 oum
992 1549 1030 1594 en
1052 1548 1200 1610 corporea
1221 1535 1404 1612 terrenaque

261 1636 369 1696 natura
391 1632 422 1696 in
446 1631 617 1713 spiritalem
640 1631 773 1718 gloriam
796 1633 1030 1698 transformatus
1064 1631 1182 1697 nullum
1213 1632 1404 1698 aduersantis

261 1735 380 1801 inimici
402 1735 573 1816 periculum
596 1741 721 1815 metuat,
746 1737 831 1803 uiuat
853 1739 936 1802 inter
958 1736 1072 1803 electos
1095 1735 1232 1821 angelos
1257 1737 1299 1802 sit
1319 1756 1404 1818 para·

261 1839 319 1904 disi
342 1838 443 1904 incola
467 1847 498 1905 et
520 1840 665 1922 absorpta
687 1842 882 1922 corruptione
897 1862 934 1905 eu
950 1840 1072 1905 mortali
1088 1839 1260 1905 inmortalis
1286 1841 1403 1906 existat.

209 2043 233 2080 η
305 2013 333 2078 9.
358 2014 421 2079 Sed
445 2014 527 2097 quod
551 2014 772 2080 meditaturum
794 2035 828 2080 se
851 2016 882 2079 in
906 2014 1030 2080 iustitiis
1053 2015 1102 2080 dei
1126 2015 1201 2079 dicit
1224 2021 1254 2080 et
1278 2015 1407 2080 medita·

261 2127 360 2184 turum
386 2138 522 2198 semper,
546 2119 696 2202 numquid
720 2139 781 2183 non
804 2119 978 2197 meditatur,
1014 2118 1121 2202 quiet
1151 2120 1180 2183 in
1205 2119 1407 2184 meditatione

260 2221 419 2304 sperauit?
466 2227 564 2302 potest
588 2223 714 2305 quidem
739 2228 770 2288 et
792 2225 824 2288 in
848 2242 986 2304 praesens
1015 2222 1087 2287 uitae
1117 2243 1194 2303 opus
1224 2223 1335 2307 accipi,
1367 2229 1406 2291 ut„

260 2344 421 2410 quousque
444 2325 475 2389 in
499 2328 698 2407 corporosa,
722 2345 848 2410 semper
870 2325 1104 2392 iustificationes
1134 2327 1320 2405 meditat-un
1352 2327 1406 2391 sed

259 2430 459 2495 nihilominus
484 2435 515 2495 at
536 2430 567 2494 in
592 2429 727 2495 futurum
751 2449 854 2495 sermo
869 2431 1017 2511 procedit.
1062 2431 1121 2495 seit
1143 2429 1175 2494 in
1198 2429 1275 2494 caelo
1298 2448 1406 2494 omnes

207 2558 232 2597 20
259 2533 387 2618 angelos
410 2535 440 2597 in
465 2534 665 2599 meditatione
688 2533 940 2600 iustificationum
961 2534 1010 2599 dei
1027 2554 1103 2599 esse.
1148 2533 1227 2599 nihil
1244 2537 1330 2600 enim
1347 2533 1407 2599 illic

259 2640 401 2706 otiosum,
433 2637 512 2703 nihil
549 2639 633 2704 iners
672 2644 726 2716 est,
761 2657 872 2704 omnes
905 2639 1037 2704 uirtutes
1071 2637 1211 2704 caelestes
1245 2640 1278 2703 in
1314 2657 1408 2720 opere

259 2743 423 2807 ministerii
446 2743 492 2807 sui
515 2748 707 2823 permanent.
753 2749 877 2808 etcum
901 2743 990 2807 nobis
1020 2748 1093 2807 tuno
1122 2743 1187 2806 uita
1217 2741 1406 2826 angelorum

259 2847 427 2911 uiuendum
446 2847 492 2924 eit,
516 2853 618 2929 potest
633 2847 804 2912 secundum
821 2867 884 2924 eos,
908 2847 960 2930 qui
976 2865 1101 2929 semper
1116 2855 1291 2930 operantur,
1316 2846 1405 2912 nobis

259 2969 383 3034 quoque
406 2955 522 3015 aeterna
545 2950 795 3017 iustificationum
819 2971 888 3016 esse
912 2951 1080 3016 meditatio.

205 3129 231 3168 rs
305 3105 353 3170 10.
378 3107 499 3172 Dehinc
522 3109 675 3191 sequitur:
699 3107 900 3188 spreuisti
923 3126 1060 3173 omnes
1091 3107 1367 3174 discedentes
1390 3127 1408 3170 a

258 3210 637 3277 iustificationibus
658 3213 747 3291 tuis,
771 3211 1241 3296 quiainiquacogitatio
1257 3231 1406 3277 eorum.

302 3440 473 3495 letdahino
488 3438 522 3494 V·
575 3439 946 3496 diuinatifioationibustuis
961 3443 1011 3494 ΟΕ
1060 3444 1254 3513 3mcueonap
1312 3441 1408 3498 cu‘mo·

256 3529 424 3581 ratorumC
473 3530 537 3582 4et
555 3529 603 3597 qui
621 3528 731 3582 adiutor
758 3527 871 3582 adiuuet
892 3529 945 3599 Cpb
998 3530 1127 3582 dandal.
1145 3527 1221 3581 aa?
1249 3529 1276 3581 V
1329 3530 1408 3584 adiu·

790 3625 801 3653 Ι

255 3667 401 3720 uanteaV
451 3665 556 3722 'lfidis
580 3667 605 3720 l'
654 3670 732 3736 opat
745 3685 766 3738 p
790 3664 928 3736 ,perabat
947 3669 970 3720 (¹
1019 3667 1197 3721 Bauxilium
1217 3685 1249 3721 ex
1266 3670 1408 3723 auxilium

256 3753 390 3808 auxilium
409 3753 482 3808 aa?
509 3755 533 3807 V
583 3753 658 3808 tite
676 3758 705 3807 et
721 3754 804 3824 hiep
859 3756 892 3808 10
909 3753 999 3808 adhue
1026 3753 1101 3808 enim
1118 3781 1152 3790 -
1171 3755 1332 3810 adtrahitur
1360 3775 1408 3810 orn.

258 3841 295 3910 cp
350 3843 381 3895 11
400 3840 483 3895 inferi
508 3859 538 3894 ax
561 3839 699 3896 inferendi
717 3859 751 3895 m.
775 3839 796 3894 2
823 3841 848 3895 l'
898 3847 1049 3910 eternaque
1071 3841 1097 3893 l'
1147 3843 1180 3894 12
1198 3841 1362 3910 spiritalem
1380 3863 1410 3897 er

256 3926 385 3996 spitalem
409 3928 434 3981 V
484 3931 517 3982 13
536 3927 647 3996 angelos
674 3945 704 3982 ex
731 3928 890 3997 angelusC
941 3931 974 3982 14
991 3929 1103 3982 absorta
1121 3929 1187 3998 hep
1240 3931 1362 3984 mortali
1379 3949 1409 3983 rr

256 4014 381 4067 mortalia
399 4014 519 4067 mats
569 4015 725 4068 inmortalis
744 4033 775 4068 aa
792 4013 983 4068 inmortaliV
1034 4016 1067 4068 15
1085 4019 1114 4070 et
1131 4033 1180 4069 om.
1204 4015 1231 4068 V
1287 4019 1322 4072 16
1341 4016 1409 4087 quid

254 4101 328 4153 inl*
381 4103 411 4155 17
430 4101 554 4170 sperabit
578 4102 624 4154 VC
674 4101 847 4173 prasentisp
902 4106 935 4157 lo
952 4101 1023 4155 nihil
1040 4101 1143 4155 homin'
1162 4103 1188 4155 R
1241 4103 1281 4158 20
1299 4104 1361 4159 illio
1379 4124 1409 4158 er

255 4187 443 4242 eillicm.1V
492 4190 634 4243 ‘alomnaa
649 4188 849 4242 nomnium?
865 4189 889 4242 V
938 4188 1152 4258 &operandum
1168 4189 1191 4240 V
1244 4191 1283 4245 24
1296 4209 1407 4262 quoque

256 4291 303 4326 ram.
330 4275 354 4326 V
403 4276 437 4328 25
455 4275 614 4330 descedeles
642 4276 670 4329 l'.
