3075 4967
426 270 607 322 tractatus
631 266 665 321 in
689 230 864 337 psalmum
888 268 1007 325 CXVIH.
1224 269 1285 335 411

664 454 760 541 Vllll.

189 578 237 644 nt
268 580 409 645 ueniat
443 598 564 659 super
597 598 656 645 me
688 580 980 646 misericordia
1013 588 1088 655 tua,
1119 582 1290 659 domine,

147 684 328 749 salutare
358 690 462 749 tuum
494 685 711 750 secundum
747 684 953 770 eloquium
975 694 1084 752 tuum
1108 693 1138 751 et
1160 685 1289 770 reliqua

191 788 218 851 1.
244 786 352 853 Plures
381 788 551 853 secundum
580 788 751 871 apostolum
776 797 855 866 sunl,
886 790 938 873 qui
970 790 1155 871 sapientiam
1185 789 1289 856 saculi

148 898 312 975 sequentes
336 892 519 972 sapientiam
543 894 593 958 dei
616 894 869 973 reprobauerunt.
891 894 930 959 oh
954 895 1037 978 quod
1066 894 1191 960 stultam
1215 894 1291 959 lecit
1329 919 1343 958 s

148 996 223 1061 deus
247 996 350 1061 saeauli
375 996 568 1076 sapientiam.
603 996 679 1079 quid
702 998 788 1063 enirn
810 996 987 1063 infidelibus
1010 997 1133 1064 stultius
1155 1004 1213 1074 est,
1237 996 1290 1080 qui

147 1106 256 1181 prater
290 1098 375 1164 illurn
410 1119 606 1165 communem
641 1099 888 1185 irreligiosorum
926 1121 1062 1167 errorem
1103 1102 1196 1166 etiam
1230 1098 1291 1167 boo

148 1204 282 1269 adiciunt
304 1204 424 1284 piaculi,
445 1212 480 1270 ut
502 1205 607 1270 diuina
629 1205 849 1286 scripturarum
873 1205 995 1289 eloquia
1015 1212 1124 1287 putent
1146 1204 1291 1286 perfecta

148 1307 293 1373 doctrinae
328 1328 434 1375 carere
471 1309 609 1375 ratione?
653 1316 685 1375 et
718 1310 791 1393 quis
815 1330 869 1390 pro
901 1310 1059 1390 impietate
1092 1308 1210 1394 ingenii
1244 1310 1291 1374 sui

146 1412 321 1477 diuinorum
345 1412 497 1478 dictorum
521 1432 651 1494 capaces
674 1432 742 1479 esse
765 1434 827 1478 non
850 1420 987 1494 possunt,
1009 1414 1049 1478 ad
1071 1412 1291 1479 contumeliam
1318 1436 1344 1475 a

145 1516 317 1582 caelestium
339 1517 504 1582 uerborum
527 1537 583 1599 pro
605 1519 802 1583 excusatione
836 1516 1034 1583 hebetudinis
1063 1536 1127 1583 suae
1149 1536 1291 1598 prorum·

146 1628 222 1703 punt
251 1621 400 1698 dicentes,
424 1620 501 1686 nihil
531 1622 562 1687 in
599 1620 648 1686 his
678 1620 869 1697 rationabile,
900 1620 978 1686 nihil
1008 1641 1078 1687 esse
1107 1620 1290 1701 perlectum,

145 1724 289 1790 uolentes
312 1746 356 1803 aa
380 1745 449 1809 qua
472 1745 491 1791 a
512 1745 546 1791 se
569 1727 720 1804 dicautur,
751 1724 817 1791 sola
846 1746 916 1792 esse
946 1726 1067 1792 erudita
1089 1732 1121 1791 et
1143 1724 1292 1790 doctrinis

145 1850 227 1895 uerae
251 1830 423 1911 prudentia
447 1828 595 1913 expolita:
626 1830 711 1896 stulti
742 1832 804 1896 deo
833 1836 993 1915 negantes,
1027 1850 1096 1913 quaa
1126 1831 1292 1895 adsumere

145 1934 203 2015 ipsi
228 1933 290 1999 sibi
313 1934 434 1999 audent.
481 1954 539 1999 nec
554 1934 668 1998 mirum
684 1940 739 2011 est
763 1936 790 1999 si
806 1933 984 2017 inreligiose
999 1934 1039 1999 de
1054 1934 1104 1999 his
1119 1936 1291 2015 opinantur,
1318 1954 1344 1993 aa

145 2056 278 2123 quorum
301 2039 447 2121 peoudeae
470 2036 668 2103 hebetudinis
698 2038 791 2103 modo
820 2037 1063 2122 intellegentiam
1094 2057 1155 2102 non
1185 2025 1319 2103 conse?

145 2148 292 2226 quuutur.
336 2162 443 2208 uarum
474 2144 616 2226 quamuis
639 2143 671 2205 in
694 2162 730 2207 eo
754 2162 906 2215 sermone,
941 2161 1034 2225 quem
1068 2143 1207 2222 superius
1237 2140 1292 2206 hs·

146 2248 280 2315 buimus.
304 2244 362 2314 bis.
397 2246 449 2329 qui
472 2246 654 2327 sapientiam
680 2246 730 2311 dei
754 2253 934 2329 sequuntur,
957 2246 1114 2328 cognitam
1137 2246 1293 2311 dictorum

146 2350 318 2415 caelestium
333 2348 556 2429 perfectionem
575 2350 759 2423 existimem,
781 2350 920 2433 nihilque
941 2350 1008 2415 ideo
1031 2370 1110 2423 csse,
1134 2350 1216 2433 quod
1231 2369 1293 2414 non

147 2464 397 2525 consummatum
410 2460 502 2538 atque
513 2454 598 2518 omni
612 2474 649 2520 ex
660 2460 747 2534 parte
758 2452 932 2534 perlectum
944 2454 993 2529 sil,
1006 2460 1111 2519 minen
1124 2454 1156 2520 id
1170 2472 1292 2538 quoque
1318 2472 1344 2511 ss

148 2559 242 2623 eliam
267 2558 297 2622 in
323 2558 371 2622 his
396 2566 489 2623 sextae
512 2556 621 2623 litterae
643 2558 785 2623 uersibus
816 2557 986 2623 absolutius
1016 2557 1122 2623 licebit
1143 2556 1291 2643 intellegi.

190 2664 220 2727 2.
244 2662 321 2726 Post
343 2661 534 2742 superiorem
557 2662 639 2726 euim
663 2680 790 2727 sensum
823 2662 867 2727 ita
897 2662 1045 2745 loquitur:
1080 2668 1120 2728 et
1152 2662 1295 2727 ueniat

149 2785 352 2847 superma
376 2766 664 2831 misericordis
688 2773 761 2841 tua,
786 2766 956 2833 domine.
980 2766 1294 2831 salutaretuum

149 2871 371 2935 secundum
401 2869 564 2935 uerbum
596 2876 711 2934 tuum.
757 2870 1002 2935 misericordiam
1030 2873 1135 2954 itaque
1158 2871 1294 2952 primunr

148 2975 334 3055 deprecatus
358 2984 412 3049 est,
435 2972 550 3038 dehinc
574 2974 713 3038 salutare.
760 2972 843 3038 salus
866 2974 950 3038 euim
984 2979 1089 3039 nostra
1111 2994 1150 3039 er
1172 2974 1292 3040 miseri·
1320 2992 1347 3031 κ

149 3079 255 3143 cordis
278 3078 327 3143 dei
353 3088 408 3153 est,
443 3084 474 3143 et
504 3077 648 3143 bonitatis
679 3098 743 3142 suaa
776 3078 835 3143 hoo
864 3098 976 3143 munus
1009 3080 1042 3143 in
1064 3080 1153 3143 nobis
1177 3085 1240 3143 est:
1263 3083 1296 3144 et

192 3254 257 3307 aaa
274 3255 298 3307 h.
317 3254 334 3305 l.
353 3270 402 3307 om.
427 3252 483 3317 VR,
501 3255 547 3306 secl
563 3254 598 3323 cs.
617 3254 661 3305 lla.
680 3251 720 3306 22
776 3251 886 3307 domine
909 3254 932 3305 h.
952 3254 968 3305 l.
992 3270 1041 3307 om.
1067 3252 1090 3305 V
1138 3253 1295 3307 ilsaluture

149 3346 229 3394 tuum
248 3344 277 3393 at
294 3339 436 3407 eloquium
454 3344 533 3393 taum
551 3341 574 3393 h.
593 3339 660 3393 l.V
708 3340 848 3393 isaeouli
865 3366 900 3377 -
918 3339 1083 3407 sapientiam
1100 3342 1161 3393 odd.
1179 3358 1213 3394 m.
1232 3338 1252 3392 2
1273 3340 1298 3391 V
1368 3350 1375 3367 ·

149 3478 322 3532 biniidelius
350 3478 497 3531 stultiusue
523 3479 546 3531 V
597 3434 743 3531 8⁸diciunt
759 3476 824 3539 (unt
837 3476 1000 3548 i.,ros.3)R
1053 3478 1254 3531 scribturarum
1274 3478 1299 3530 V

149 3565 276 3633 ueloquia
294 3566 319 3618 R
374 3568 404 3619 ll
424 3564 600 3619 hebetudinis
628 3584 658 3618 eu
684 3563 862 3618 hebetudinis
890 3562 962 3618 m?
986 3564 1010 3616 V
1033 3564 1203 3618 hebitudinis
1228 3564 1296 3635 hep

149 3662 173 3705 el
190 3654 226 3705 sic
243 3651 308 3721 infr.
364 3654 396 3705 13
423 3660 451 3705 et
469 3652 603 3707 doctrinis
630 3669 696 3705 uere
721 3651 886 3720 prudentiae
913 3650 1036 3720 expolita
1054 3652 1080 3703 R
1097 3657 1127 3703 et
1151 3651 1295 3706 doctrinae

150 3756 215 3792 suae
233 3737 382 3807 prudentia
400 3738 523 3807 expolita
544 3738 596 3809 Cpe
615 3745 643 3792 et
665 3738 794 3791 doctrina
817 3743 845 3791 et
863 3753 929 3791 uere
947 3736 1112 3806 prudentiae
1130 3738 1250 3806 spoliata
1274 3738 1300 3791 V

152 3826 184 3879 15
203 3825 379 3893 inreligiosae
411 3825 458 3879 l'll
510 3824 550 3879 eis
575 3844 594 3895 p
621 3825 713 3879 om.C
765 3827 798 3877 16
816 3822 924 3893 pecudi
950 3824 974 3875 V
996 3824 1104 3910 pecude
1126 3843 1147 3894 p
1200 3840 1295 3878 conse-

151 3936 272 3997 quuntur
298 3928 329 3982 l'²
391 3930 423 3984 18
440 3929 485 3983 his
512 3946 560 3983 om.
588 3930 613 3983 R
673 3931 705 3982 19
725 3928 886 3982 existiment
912 3930 938 3980 R
964 3927 1125 3981 existimant
1158 3928 1183 3981 V
1232 3926 1296 3982 ideo

152 4018 243 4086 scripsi
260 4017 295 4085 cs.
312 4017 395 4070 deod.
412 4034 440 4087 p.
459 4014 499 4069 22
517 4016 580 4070 ineo
605 4016 678 4070 VRC
694 4032 826 4085 eorump
879 4018 914 4069 20
931 4014 1037 4083 adquae
1063 4013 1096 4068 1Ἷ
1159 4016 1296 4069 exomni

154 4160 233 4223 parte
251 4154 313 4226 VCp
365 4156 398 4209 21
411 4155 563 4209 adsolutius
581 4155 616 4208 V¹
668 4156 701 4209 23
714 4111 775 4207 dori
783 4153 930 4216 (eadam.
943 4152 976 4219 2)
992 4154 1017 4206 V
1065 4154 1101 4209 25
1115 4152 1296 4223 depraecatus

153 4248 197 4295 est
220 4242 266 4295 Vll
318 4246 347 4295 et
364 4242 555 4297 misericordia
579 4242 608 4296 V.
