<?xml version="1.0" encoding="UTF-8"?>
<!DOCTYPE html PUBLIC "-//W3C//DTD XHTML 1.0 Transitional//EN"
    "http://www.w3.org/TR/xhtml1/DTD/xhtml1-transitional.dtd">
<html xmlns="http://www.w3.org/1999/xhtml" xml:lang="en" lang="en">
 <head>
  <title>
</title>
<meta http-equiv="Content-Type" content="text/html;charset=utf-8" />
  <meta name='ocr-system' content='tesseract 3.04.00' />
  <meta name='ocr-capabilities' content='ocr_page ocr_carea ocr_par ocr_line ocrx_word'/>
</head>
<body>
  <div class='ocr_page' id='page_1' title='image "./corpusscriptoru23wiengoog_0746.png"; bbox 0 0 3075 4967; ppageno 0'>
   <div class='ocr_carea' id='block_1_1' title="bbox 279 291 1080 361">
    <p class='ocr_par' dir='ltr' id='par_1_1' title="bbox 279 291 1080 361">
     <span class='ocr_line' id='line_1_1' title="bbox 279 291 1080 361; baseline -0.015 -5"><span class='ocrx_word' id='word_1_1' title='bbox 279 291 341 356; x_wconf 73' lang='lat'><strong>716</strong></span> <span class='ocrx_word' id='word_1_2' title='bbox 626 292 744 346; x_wconf 77' lang='lat' dir='ltr'><strong>suncti</strong></span> <span class='ocrx_word' id='word_1_3' title='bbox 761 291 898 345; x_wconf 78' lang='lat' dir='ltr'><strong>Hilarii</strong></span> <span class='ocrx_word' id='word_1_4' title='bbox 916 291 1080 361; x_wconf 77' lang='lat' dir='ltr'>episcopi</span> 
     </span>
    </p>
   </div>
   <div class='ocr_carea' id='block_1_2' title="bbox 225 481 1424 3164">
    <p class='ocr_par' dir='ltr' id='par_1_2' title="bbox 225 481 1424 3164">
     <span class='ocr_line' id='line_1_2' title="bbox 278 481 1424 567; baseline -0.001 -20"><span class='ocrx_word' id='word_1_5' title='bbox 278 483 334 548; x_wconf 85' lang='lat' dir='ltr'><strong>uit:</strong></span> <span class='ocrx_word' id='word_1_6' title='bbox 359 483 550 567; x_wconf 84' lang='lat' dir='ltr'><strong>quianon</strong></span> <span class='ocrx_word' id='word_1_7' title='bbox 574 501 657 546; x_wconf 86' lang='lat' dir='ltr'><strong>sum</strong></span> <span class='ocrx_word' id='word_1_8' title='bbox 681 481 991 566; x_wconf 83' lang='lat' dir='ltr'><strong>dignusuoceri</strong></span> <span class='ocrx_word' id='word_1_9' title='bbox 1015 481 1424 564; x_wconf 74' lang='lat' dir='ltr'><strong>apostoluspropter</strong></span> 
     </span>
     <span class='ocr_line' id='line_1_3' title="bbox 277 584 1423 671; baseline -0.001 -20"><span class='ocrx_word' id='word_1_10' title='bbox 277 587 382 671; x_wconf 84' lang='lat' dir='ltr'><strong>qnod</strong></span> <span class='ocrx_word' id='word_1_11' title='bbox 407 591 647 666; x_wconf 80' lang='lat' dir='ltr'><strong>persecutus</strong></span> <span class='ocrx_word' id='word_1_12' title='bbox 670 605 751 649; x_wconf 91' lang='lat' dir='ltr'><strong>sum</strong></span> <span class='ocrx_word' id='word_1_13' title='bbox 777 584 998 652; x_wconf 80' lang='lat' dir='ltr'><strong>ecclesiam</strong></span> <span class='ocrx_word' id='word_1_14' title='bbox 1020 584 1092 651; x_wconf 84' lang='lat' dir='ltr'><strong>dei.</strong></span> <span class='ocrx_word' id='word_1_15' title='bbox 1137 586 1423 670; x_wconf 82' lang='lat' dir='ltr'><strong>graiieeutem</strong></span> 
     </span>
     <span class='ocr_line' id='line_1_4' title="bbox 278 688 1423 774; baseline 0 -20"><span class='ocrx_word' id='word_1_16' title='bbox 278 690 343 755; x_wconf 90' lang='lat' dir='ltr'><strong>dei</strong></span> <span class='ocrx_word' id='word_1_17' title='bbox 366 710 459 767; x_wconf 86' lang='lat' dir='ltr'><strong>sum,</strong></span> <span class='ocrx_word' id='word_1_18' title='bbox 484 690 590 774; x_wconf 50' lang='lat' dir='ltr'><strong>¹quod</strong></span> <span class='ocrx_word' id='word_1_19' title='bbox 613 709 704 755; x_wconf 89' lang='lat' dir='ltr'><strong>sum.</strong></span> <span class='ocrx_word' id='word_1_20' title='bbox 752 688 820 755; x_wconf 83' lang='lat' dir='ltr'><strong>haec</strong></span> <span class='ocrx_word' id='word_1_21' title='bbox 843 695 892 754; x_wconf 84' lang='lat' dir='ltr'><strong>est</strong></span> <span class='ocrx_word' id='word_1_22' title='bbox 912 688 967 753; x_wconf 86' lang='lat' dir='ltr'><strong>ille</strong></span> <span class='ocrx_word' id='word_1_23' title='bbox 988 689 1061 755; x_wconf 83' lang='lat' dir='ltr'><strong>iusti</strong></span> <span class='ocrx_word' id='word_1_24' title='bbox 1082 688 1141 754; x_wconf 89' lang='lat' dir='ltr'><strong>uiri</strong></span> <span class='ocrx_word' id='word_1_25' title='bbox 1162 708 1237 753; x_wconf 83' lang='lat' dir='ltr'><strong>nero</strong></span> <span class='ocrx_word' id='word_1_26' title='bbox 1259 689 1423 765; x_wconf 68' lang='lat' dir='ltr'><strong>consessio,</strong></span> 
     </span>
     <span class='ocr_line' id='line_1_5' title="bbox 278 793 1424 879; baseline -0.001 -21"><span class='ocrx_word' id='word_1_27' title='bbox 278 814 347 879; x_wconf 82' lang='lat' dir='ltr'><strong>quae</strong></span> <span class='ocrx_word' id='word_1_28' title='bbox 369 793 520 859; x_wconf 80' lang='lat' dir='ltr'><strong>iustitium</strong></span> <span class='ocrx_word' id='word_1_29' title='bbox 547 800 733 874; x_wconf 72' lang='lat' dir='ltr'><strong>praesentem</strong></span> <span class='ocrx_word' id='word_1_30' title='bbox 747 813 795 858; x_wconf 84' lang='lat' dir='ltr'><strong>ex</strong></span> <span class='ocrx_word' id='word_1_31' title='bbox 816 794 1043 874; x_wconf 77' lang='lat' dir='ltr'><strong>preteritomm</strong></span> <span class='ocrx_word' id='word_1_32' title='bbox 1072 793 1263 859; x_wconf 85' lang='lat' dir='ltr'><strong>conscientie</strong></span> <span class='ocrx_word' id='word_1_33' title='bbox 1292 802 1323 858; x_wconf 90' lang='lat' dir='ltr'><strong>et</strong></span> <span class='ocrx_word' id='word_1_34' title='bbox 1351 813 1424 858; x_wconf 86' lang='lat' dir='ltr'><strong>eon-</strong></span> 
     </span>
     <span class='ocr_line' id='line_1_6' title="bbox 239 895 1423 980; baseline 0.002 -20"><span class='ocrx_word' id='word_1_35' title='bbox 239 927 251 960; x_wconf 80' lang='lat' dir='ltr'><strong>e</strong></span> <span class='ocrx_word' id='word_1_36' title='bbox 278 897 413 963; x_wconf 82' lang='lat' dir='ltr'><strong>sessione</strong></span> <span class='ocrx_word' id='word_1_37' title='bbox 436 899 642 963; x_wconf 77' lang='lat' dir='ltr'><strong>commendat.</strong></span> <span class='ocrx_word' id='word_1_38' title='bbox 686 899 724 962; x_wconf 86' lang='lat' dir='ltr'><strong>ud</strong></span> <span class='ocrx_word' id='word_1_39' title='bbox 750 916 845 980; x_wconf 85' lang='lat' dir='ltr'><strong>quum</strong></span> <span class='ocrx_word' id='word_1_40' title='bbox 868 901 900 962; x_wconf 83' lang='lat' dir='ltr'><strong>et</strong></span> <span class='ocrx_word' id='word_1_41' title='bbox 922 895 994 961; x_wconf 83' lang='lat' dir='ltr'><strong>olibi</strong></span> <span class='ocrx_word' id='word_1_42' title='bbox 1025 916 1081 977; x_wconf 89' lang='lat' dir='ltr'><strong>per</strong></span> <span class='ocrx_word' id='word_1_43' title='bbox 1110 895 1293 978; x_wconf 85' lang='lat' dir='ltr'><strong>prophetem</strong></span> <span class='ocrx_word' id='word_1_44' title='bbox 1318 917 1423 962; x_wconf 81' lang='lat' dir='ltr'><strong>mone</strong></span> 
     </span>
     <span class='ocr_line' id='line_1_7' title="bbox 279 1000 1422 1086; baseline -0.003 -18"><span class='ocrx_word' id='word_1_45' title='bbox 279 1023 363 1068; x_wconf 89' lang='lat' dir='ltr'><strong>mur:</strong></span> <span class='ocrx_word' id='word_1_46' title='bbox 388 1000 602 1076; x_wconf 82' lang='lat' dir='ltr'><strong>confitere,</strong></span> <span class='ocrx_word' id='word_1_47' title='bbox 625 1000 732 1086; x_wconf 82' lang='lat' dir='ltr'><strong>inquit,</strong></span> <span class='ocrx_word' id='word_1_48' title='bbox 756 1005 927 1080; x_wconf 81' lang='lat' dir='ltr'><strong>peccota</strong></span> <span class='ocrx_word' id='word_1_49' title='bbox 949 1001 1071 1085; x_wconf 84' lang='lat' dir='ltr'><strong>prior,</strong></span> <span class='ocrx_word' id='word_1_50' title='bbox 1092 1007 1134 1065; x_wconf 83' lang='lat' dir='ltr'><strong>ut</strong></span> <span class='ocrx_word' id='word_1_51' title='bbox 1154 1001 1422 1067; x_wconf 81' lang='lat' dir='ltr'><strong>iustificeris.</strong></span> 
     </span>
     <span class='ocr_line' id='line_1_8' title="bbox 278 1104 1423 1190; baseline -0.001 -19"><span class='ocrx_word' id='word_1_52' title='bbox 278 1107 317 1171; x_wconf 87' lang='lat' dir='ltr'><strong>nd</strong></span> <span class='ocrx_word' id='word_1_53' title='bbox 341 1106 421 1171; x_wconf 88' lang='lat' dir='ltr'><strong>hene</strong></span> <span class='ocrx_word' id='word_1_54' title='bbox 451 1125 527 1190; x_wconf 87' lang='lat' dir='ltr'><strong>ergo</strong></span> <span class='ocrx_word' id='word_1_55' title='bbox 557 1105 784 1171; x_wconf 87' lang='lat' dir='ltr'><strong>confessionem</strong></span> <span class='ocrx_word' id='word_1_56' title='bbox 817 1105 848 1168; x_wconf 91' lang='lat' dir='ltr'><strong>in</strong></span> <span class='ocrx_word' id='word_1_57' title='bbox 883 1104 1003 1186; x_wconf 85' lang='lat' dir='ltr'><strong>pselmo</strong></span> <span class='ocrx_word' id='word_1_58' title='bbox 1035 1125 1198 1170; x_wconf 84' lang='lat' dir='ltr'><strong>nocemur:</strong></span> <span class='ocrx_word' id='word_1_59' title='bbox 1233 1105 1423 1189; x_wconf 85' lang='lat' dir='ltr'><strong>quonium</strong></span> 
     </span>
     <span class='ocr_line' id='line_1_9' title="bbox 279 1208 1422 1293; baseline -0.003 -17"><span class='ocrx_word' id='word_1_60' title='bbox 279 1213 376 1276; x_wconf 87' lang='lat' dir='ltr'><strong>deus</strong></span> <span class='ocrx_word' id='word_1_61' title='bbox 409 1211 538 1276; x_wconf 88' lang='lat' dir='ltr'><strong>bonus</strong></span> <span class='ocrx_word' id='word_1_62' title='bbox 572 1214 642 1288; x_wconf 88' lang='lat' dir='ltr'><strong>est,</strong></span> <span class='ocrx_word' id='word_1_63' title='bbox 677 1209 867 1293; x_wconf 83' lang='lat' dir='ltr'><strong>quonium</strong></span> <span class='ocrx_word' id='word_1_64' title='bbox 889 1209 929 1273; x_wconf 92' lang='lat' dir='ltr'><strong>in</strong></span> <span class='ocrx_word' id='word_1_65' title='bbox 952 1208 1099 1275; x_wconf 83' lang='lat' dir='ltr'><strong>saeculu</strong></span> <span class='ocrx_word' id='word_1_66' title='bbox 1133 1210 1422 1276; x_wconf 72' lang='lat' dir='ltr'><strong>misericordia</strong></span> 
     </span>
     <span class='ocr_line' id='line_1_10' title="bbox 278 1310 1422 1397; baseline -0.002 -17"><span class='ocrx_word' id='word_1_67' title='bbox 278 1315 373 1394; x_wconf 88' lang='lat' dir='ltr'><strong>eius,</strong></span> <span class='ocrx_word' id='word_1_68' title='bbox 407 1313 610 1380; x_wconf 84' lang='lat' dir='ltr'><strong>consessionis</strong></span> <span class='ocrx_word' id='word_1_69' title='bbox 644 1318 757 1378; x_wconf 80' lang='lat' dir='ltr'><strong>nostrae</strong></span> <span class='ocrx_word' id='word_1_70' title='bbox 789 1310 862 1378; x_wconf 87' lang='lat' dir='ltr'><strong>hinc</strong></span> <span class='ocrx_word' id='word_1_71' title='bbox 883 1313 1061 1394; x_wconf 80' lang='lat' dir='ltr'><strong>inpensiore</strong></span> <span class='ocrx_word' id='word_1_72' title='bbox 1089 1315 1224 1379; x_wconf 75' lang='lat' dir='ltr'><strong>maxime</strong></span> <span class='ocrx_word' id='word_1_73' title='bbox 1247 1313 1317 1388; x_wconf 86' lang='lat' dir='ltr'><strong>fide,</strong></span> <span class='ocrx_word' id='word_1_74' title='bbox 1340 1313 1422 1397; x_wconf 79' lang='lat' dir='ltr'><strong>quic,</strong></span> 
     </span>
     <span class='ocr_line' id='line_1_11' title="bbox 226 1416 1421 1496; baseline 0.001 -19"><span class='ocrx_word' id='word_1_75' title='bbox 226 1441 250 1478; x_wconf 81' lang='grc' dir='ltr'><strong>ιο</strong></span> <span class='ocrx_word' id='word_1_76' title='bbox 278 1419 326 1484; x_wconf 93' lang='lat' dir='ltr'><strong>cui</strong></span> <span class='ocrx_word' id='word_1_77' title='bbox 349 1416 540 1496; x_wconf 87' lang='lat' dir='ltr'><strong>confitemur,</strong></span> <span class='ocrx_word' id='word_1_78' title='bbox 565 1423 596 1482; x_wconf 85' lang='lat' dir='ltr'><strong>ct</strong></span> <span class='ocrx_word' id='word_1_79' title='bbox 617 1417 716 1482; x_wconf 88' lang='lat' dir='ltr'><strong>bonus</strong></span> <span class='ocrx_word' id='word_1_80' title='bbox 739 1421 789 1483; x_wconf 84' lang='lat' dir='ltr'><strong>est</strong></span> <span class='ocrx_word' id='word_1_81' title='bbox 811 1423 843 1481; x_wconf 84' lang='lat' dir='ltr'><strong>et</strong></span> <span class='ocrx_word' id='word_1_82' title='bbox 864 1417 963 1483; x_wconf 83' lang='lat' dir='ltr'><strong>nescit</strong></span> <span class='ocrx_word' id='word_1_83' title='bbox 985 1417 1162 1484; x_wconf 74' lang='lat' dir='ltr'><strong>misericors</strong></span> <span class='ocrx_word' id='word_1_84' title='bbox 1185 1437 1255 1483; x_wconf 86' lang='lat' dir='ltr'><strong>csse</strong></span> <span class='ocrx_word' id='word_1_85' title='bbox 1270 1419 1421 1483; x_wconf 86' lang='lat' dir='ltr'><strong>desinere.</strong></span> 
     </span>
     <span class='ocr_line' id='line_1_12' title="bbox 320 1520 1421 1606; baseline -0.003 -17"><span class='ocrx_word' id='word_1_86' title='bbox 320 1525 349 1589; x_wconf 85' lang='lat'><strong>5.</strong></span> <span class='ocrx_word' id='word_1_87' title='bbox 374 1520 646 1588; x_wconf 85' lang='lat' dir='ltr'><strong>Oonsitemini</strong></span> <span class='ocrx_word' id='word_1_88' title='bbox 670 1521 741 1586; x_wconf 83' lang='lat' dir='ltr'><strong>deo</strong></span> <span class='ocrx_word' id='word_1_89' title='bbox 766 1522 946 1600; x_wconf 82' lang='lat' dir='ltr'><strong>deorum3</strong></span> <span class='ocrx_word' id='word_1_90' title='bbox 976 1524 1167 1606; x_wconf 86' lang='lat' dir='ltr'><strong>quonium</strong></span> <span class='ocrx_word' id='word_1_91' title='bbox 1199 1523 1240 1587; x_wconf 92' lang='lat' dir='ltr'><strong>in</strong></span> <span class='ocrx_word' id='word_1_92' title='bbox 1273 1522 1421 1587; x_wconf 83' lang='lat' dir='ltr'><strong>saecule</strong></span> 
     </span>
     <span class='ocr_line' id='line_1_13' title="bbox 277 1624 1419 1710; baseline 0.001 -20"><span class='ocrx_word' id='word_1_93' title='bbox 277 1626 569 1692; x_wconf 82' lang='lat' dir='ltr'><strong>misericordie</strong></span> <span class='ocrx_word' id='word_1_94' title='bbox 591 1626 687 1691; x_wconf 89' lang='lat' dir='ltr'><strong>eius.</strong></span> <span class='ocrx_word' id='word_1_95' title='bbox 731 1631 766 1691; x_wconf 83' lang='lat' dir='ltr'><strong>ut</strong></span> <span class='ocrx_word' id='word_1_96' title='bbox 787 1625 821 1690; x_wconf 93' lang='lat' dir='ltr'><strong>in</strong></span> <span class='ocrx_word' id='word_1_97' title='bbox 843 1624 1016 1710; x_wconf 83' lang='lat' dir='ltr'><strong>euangeliis</strong></span> <span class='ocrx_word' id='word_1_98' title='bbox 1031 1626 1233 1708; x_wconf 85' lang='lat' dir='ltr'><strong>responsione</strong></span> <span class='ocrx_word' id='word_1_99' title='bbox 1249 1627 1366 1692; x_wconf 85' lang='lat' dir='ltr'><strong>domini</strong></span> <span class='ocrx_word' id='word_1_100' title='bbox 1382 1629 1419 1691; x_wconf 85' lang='lat' dir='ltr'><strong>nd</strong></span> 
     </span>
     <span class='ocr_line' id='line_1_14' title="bbox 278 1729 1420 1809; baseline -0.001 -14"><span class='ocrx_word' id='word_1_101' title='bbox 278 1731 466 1796; x_wconf 75' lang='lat' dir='ltr'><strong>Sadducaeos</strong></span> <span class='ocrx_word' id='word_1_102' title='bbox 504 1730 658 1809; x_wconf 88' lang='lat' dir='ltr'><strong>docemur,</strong></span> <span class='ocrx_word' id='word_1_103' title='bbox 696 1749 772 1794; x_wconf 95' lang='lat' dir='ltr'><strong>non</strong></span> <span class='ocrx_word' id='word_1_104' title='bbox 810 1735 874 1794; x_wconf 84' lang='lat' dir='ltr'><strong>est</strong></span> <span class='ocrx_word' id='word_1_105' title='bbox 915 1729 1012 1794; x_wconf 88' lang='lat' dir='ltr'><strong>deus</strong></span> <span class='ocrx_word' id='word_1_106' title='bbox 1056 1737 1312 1807; x_wconf 78' lang='lat' dir='ltr'><strong>mortuorum,</strong></span> <span class='ocrx_word' id='word_1_107' title='bbox 1350 1731 1420 1795; x_wconf 83' lang='lat' dir='ltr'><strong>sed</strong></span> 
     </span>
     <span class='ocr_line' id='line_1_15' title="bbox 277 1834 1420 1918; baseline 0 -20"><span class='ocrx_word' id='word_1_108' title='bbox 277 1835 471 1912; x_wconf 79' lang='lat' dir='ltr'><strong>uiuorum,</strong></span> <span class='ocrx_word' id='word_1_109' title='bbox 495 1852 659 1917; x_wconf 88' lang='lat' dir='ltr'><strong>perquem</strong></span> <span class='ocrx_word' id='word_1_110' title='bbox 680 1838 711 1898; x_wconf 84' lang='lat' dir='ltr'><strong>et</strong></span> <span class='ocrx_word' id='word_1_111' title='bbox 734 1834 850 1898; x_wconf 82' lang='lat' dir='ltr'><strong>dictum</strong></span> <span class='ocrx_word' id='word_1_112' title='bbox 873 1838 937 1899; x_wconf 82' lang='lat' dir='ltr'><strong>est:</strong></span> <span class='ocrx_word' id='word_1_113' title='bbox 961 1853 1034 1918; x_wconf 85' lang='lat' dir='ltr'><strong>ego</strong></span> <span class='ocrx_word' id='word_1_114' title='bbox 1058 1834 1153 1899; x_wconf 89' lang='lat' dir='ltr'><strong>diri.</strong></span> <span class='ocrx_word' id='word_1_115' title='bbox 1177 1835 1235 1899; x_wconf 88' lang='lat' dir='ltr'><strong>dii</strong></span> <span class='ocrx_word' id='word_1_116' title='bbox 1258 1835 1360 1899; x_wconf 80' lang='lat' dir='ltr'><strong>estis</strong></span> <span class='ocrx_word' id='word_1_117' title='bbox 1383 1843 1420 1899; x_wconf 85' lang='lat' dir='ltr'><strong>et</strong></span> 
     </span>
     <span class='ocr_line' id='line_1_16' title="bbox 226 1937 1418 2022; baseline -0.002 -19"><span class='ocrx_word' id='word_1_118' title='bbox 226 1958 250 1996; x_wconf 76' lang='lat'><strong>1⁵</strong></span> <span class='ocrx_word' id='word_1_119' title='bbox 278 1937 363 2004; x_wconf 82' lang='lat' dir='ltr'><strong>filii</strong></span> <span class='ocrx_word' id='word_1_120' title='bbox 394 1938 549 2004; x_wconf 86' lang='lat' dir='ltr'><strong>excelsi</strong></span> <span class='ocrx_word' id='word_1_121' title='bbox 575 1957 721 2002; x_wconf 92' lang='lat' dir='ltr'><strong>omnes.</strong></span> <span class='ocrx_word' id='word_1_122' title='bbox 765 1957 827 2002; x_wconf 92' lang='lat' dir='ltr'><strong>non</strong></span> <span class='ocrx_word' id='word_1_123' title='bbox 851 1937 1000 2022; x_wconf 81' lang='lat' dir='ltr'><strong>dignetur</strong></span> <span class='ocrx_word' id='word_1_124' title='bbox 1023 1939 1099 2004; x_wconf 88' lang='lat' dir='ltr'><strong>deus</strong></span> <span class='ocrx_word' id='word_1_125' title='bbox 1121 1938 1368 2020; x_wconf 75' lang='lat' dir='ltr'><strong>corruptibilium</strong></span> <span class='ocrx_word' id='word_1_126' title='bbox 1391 1947 1418 2003; x_wconf 82' lang='lat' dir='ltr'><strong>ct</strong></span> 
     </span>
     <span class='ocr_line' id='line_1_17' title="bbox 278 2040 1418 2127; baseline -0.001 -20"><span class='ocrx_word' id='word_1_127' title='bbox 278 2048 469 2107; x_wconf 81' lang='lat' dir='ltr'><strong>mortuomm</strong></span> <span class='ocrx_word' id='word_1_128' title='bbox 492 2044 567 2108; x_wconf 90' lang='lat' dir='ltr'><strong>deus</strong></span> <span class='ocrx_word' id='word_1_129' title='bbox 584 2061 660 2119; x_wconf 86' lang='lat' dir='ltr'><strong>esse,</strong></span> <span class='ocrx_word' id='word_1_130' title='bbox 676 2041 733 2106; x_wconf 91' lang='lat' dir='ltr'><strong>sed</strong></span> <span class='ocrx_word' id='word_1_131' title='bbox 752 2059 868 2118; x_wconf 88' lang='lat' dir='ltr'><strong>eorum,</strong></span> <span class='ocrx_word' id='word_1_132' title='bbox 885 2042 938 2124; x_wconf 88' lang='lat' dir='ltr'><strong>qui</strong></span> <span class='ocrx_word' id='word_1_133' title='bbox 953 2041 985 2105; x_wconf 93' lang='lat' dir='ltr'><strong>in</strong></span> <span class='ocrx_word' id='word_1_134' title='bbox 1000 2040 1156 2107; x_wconf 76' lang='lat' dir='ltr'><strong>celestem</strong></span> <span class='ocrx_word' id='word_1_135' title='bbox 1173 2040 1303 2127; x_wconf 81' lang='lat' dir='ltr'><strong>gloriam</strong></span> <span class='ocrx_word' id='word_1_136' title='bbox 1320 2048 1418 2106; x_wconf 76' lang='lat' dir='ltr'><strong>irens-</strong></span> 
     </span>
     <span class='ocr_line' id='line_1_18' title="bbox 277 2145 1418 2230; baseline -0.002 -19"><span class='ocrx_word' id='word_1_137' title='bbox 277 2147 441 2224; x_wconf 81' lang='lat' dir='ltr'><strong>formandi,</strong></span> <span class='ocrx_word' id='word_1_138' title='bbox 476 2147 556 2212; x_wconf 81' lang='lat' dir='ltr'><strong>exuti</strong></span> <span class='ocrx_word' id='word_1_139' title='bbox 591 2154 695 2211; x_wconf 85' lang='lat' dir='ltr'><strong>uetere</strong></span> <span class='ocrx_word' id='word_1_140' title='bbox 730 2145 858 2211; x_wconf 88' lang='lat' dir='ltr'><strong>homine</strong></span> <span class='ocrx_word' id='word_1_141' title='bbox 891 2155 1014 2211; x_wconf 79' lang='lat' dir='ltr'><strong>terreno</strong></span> <span class='ocrx_word' id='word_1_142' title='bbox 1048 2165 1163 2210; x_wconf 92' lang='lat' dir='ltr'><strong>nouum</strong></span> <span class='ocrx_word' id='word_1_143' title='bbox 1197 2167 1278 2219; x_wconf 86' lang='lat' dir='ltr'><strong>eum,</strong></span> <span class='ocrx_word' id='word_1_144' title='bbox 1307 2146 1357 2230; x_wconf 90' lang='lat' dir='ltr'><strong>qui</strong></span> <span class='ocrx_word' id='word_1_145' title='bbox 1388 2146 1418 2209; x_wconf 93' lang='lat' dir='ltr'><strong>in</strong></span> 
     </span>
     <span class='ocr_line' id='line_1_19' title="bbox 277 2251 1416 2337; baseline -0.002 -21"><span class='ocrx_word' id='word_1_146' title='bbox 277 2251 360 2317; x_wconf 83' lang='lat' dir='ltr'><strong>caelis</strong></span> <span class='ocrx_word' id='word_1_147' title='bbox 384 2259 439 2329; x_wconf 83' lang='lat' dir='ltr'><strong>est,</strong></span> <span class='ocrx_word' id='word_1_148' title='bbox 462 2254 636 2326; x_wconf 83' lang='lat' dir='ltr'><strong>induemnt,</strong></span> <span class='ocrx_word' id='word_1_149' title='bbox 669 2253 722 2336; x_wconf 87' lang='lat' dir='ltr'><strong>qui</strong></span> <span class='ocrx_word' id='word_1_150' title='bbox 756 2252 930 2318; x_wconf 83' lang='lat' dir='ltr'><strong>conformes</strong></span> <span class='ocrx_word' id='word_1_151' title='bbox 961 2259 1050 2317; x_wconf 79' lang='lat' dir='ltr'><strong>emnt</strong></span> <span class='ocrx_word' id='word_1_152' title='bbox 1079 2253 1199 2337; x_wconf 79' lang='lat' dir='ltr'><strong>corpori</strong></span> <span class='ocrx_word' id='word_1_153' title='bbox 1231 2252 1336 2337; x_wconf 76' lang='lat' dir='ltr'><strong>glorie</strong></span> <span class='ocrx_word' id='word_1_154' title='bbox 1357 2251 1416 2316; x_wconf 86' lang='lat' dir='ltr'><strong>dei.</strong></span> 
     </span>
     <span class='ocr_line' id='line_1_20' title="bbox 266 2356 1416 2440; baseline 0 -22"><span class='ocrx_word' id='word_1_155' title='bbox 266 2362 308 2422; x_wconf 83' lang='lat' dir='ltr'><strong>et</strong></span> <span class='ocrx_word' id='word_1_156' title='bbox 345 2358 420 2422; x_wconf 87' lang='lat' dir='ltr'><strong>deos</strong></span> <span class='ocrx_word' id='word_1_157' title='bbox 458 2356 515 2423; x_wconf 90' lang='lat' dir='ltr'><strong>hos</strong></span> <span class='ocrx_word' id='word_1_158' title='bbox 553 2357 650 2432; x_wconf 79' lang='lat' dir='ltr'><strong>effici,</strong></span> <span class='ocrx_word' id='word_1_159' title='bbox 688 2356 760 2422; x_wconf 78' lang='lat' dir='ltr'><strong>lieet</strong></span> <span class='ocrx_word' id='word_1_160' title='bbox 794 2362 825 2422; x_wconf 83' lang='lat' dir='ltr'><strong>et</strong></span> <span class='ocrx_word' id='word_1_161' title='bbox 863 2356 938 2421; x_wconf 89' lang='lat' dir='ltr'><strong>fidei</strong></span> <span class='ocrx_word' id='word_1_162' title='bbox 976 2375 1084 2422; x_wconf 87' lang='lat' dir='ltr'><strong>eorum</strong></span> <span class='ocrx_word' id='word_1_163' title='bbox 1121 2357 1267 2422; x_wconf 78' lang='lat' dir='ltr'><strong>meritum</strong></span> <span class='ocrx_word' id='word_1_164' title='bbox 1305 2357 1416 2440; x_wconf 78' lang='lat' dir='ltr'><strong>eriget.</strong></span> 
     </span>
     <span class='ocr_line' id='line_1_21' title="bbox 225 2459 1416 2544; baseline -0.002 -20"><span class='ocrx_word' id='word_1_165' title='bbox 225 2477 250 2514; x_wconf 74' lang='lat'><strong>20</strong></span> <span class='ocrx_word' id='word_1_166' title='bbox 277 2467 380 2525; x_wconf 77' lang='lat' dir='ltr'><strong>temen</strong></span> <span class='ocrx_word' id='word_1_167' title='bbox 405 2482 442 2526; x_wconf 89' lang='lat' dir='ltr'><strong>ee</strong></span> <span class='ocrx_word' id='word_1_168' title='bbox 464 2461 598 2525; x_wconf 82' lang='lat' dir='ltr'><strong>maxime</strong></span> <span class='ocrx_word' id='word_1_169' title='bbox 621 2481 711 2526; x_wconf 82' lang='lat' dir='ltr'><strong>conse</strong></span> <span class='ocrx_word' id='word_1_170' title='bbox 734 2466 790 2541; x_wconf 73' lang='lat' dir='ltr'><strong>est,</strong></span> <span class='ocrx_word' id='word_1_171' title='bbox 821 2461 1009 2544; x_wconf 82' lang='lat' dir='ltr'><strong>quonism</strong></span> <span class='ocrx_word' id='word_1_172' title='bbox 1032 2461 1072 2524; x_wconf 89' lang='lat' dir='ltr'><strong>in</strong></span> <span class='ocrx_word' id='word_1_173' title='bbox 1095 2460 1244 2526; x_wconf 81' lang='lat' dir='ltr'><strong>secula</strong></span> <span class='ocrx_word' id='word_1_174' title='bbox 1265 2459 1416 2526; x_wconf 86' lang='lat' dir='ltr'><strong>miseri·</strong></span> 
     </span>
     <span class='ocr_line' id='line_1_22' title="bbox 277 2563 1416 2649; baseline -0.002 -20"><span class='ocrx_word' id='word_1_175' title='bbox 277 2566 418 2629; x_wconf 85' lang='lat' dir='ltr'><strong>cordie</strong></span> <span class='ocrx_word' id='word_1_176' title='bbox 451 2565 546 2630; x_wconf 89' lang='lat' dir='ltr'><strong>eius.</strong></span> <span class='ocrx_word' id='word_1_177' title='bbox 592 2585 653 2629; x_wconf 92' lang='lat' dir='ltr'><strong>non</strong></span> <span class='ocrx_word' id='word_1_178' title='bbox 676 2563 727 2630; x_wconf 85' lang='lat' dir='ltr'><strong>ille</strong></span> <span class='ocrx_word' id='word_1_179' title='bbox 762 2565 849 2649; x_wconf 80' lang='lat' dir='ltr'><strong>eguit</strong></span> <span class='ocrx_word' id='word_1_180' title='bbox 881 2566 1010 2630; x_wconf 89' lang='lat' dir='ltr'><strong>deorum</strong></span> <span class='ocrx_word' id='word_1_181' title='bbox 1044 2564 1120 2628; x_wconf 89' lang='lat' dir='ltr'><strong>deus</strong></span> <span class='ocrx_word' id='word_1_182' title='bbox 1149 2565 1331 2645; x_wconf 76' lang='lat' dir='ltr'><strong>nuncupari,</strong></span> <span class='ocrx_word' id='word_1_183' title='bbox 1362 2563 1416 2628; x_wconf 83' lang='lat' dir='ltr'><strong>sed</strong></span> 
     </span>
     <span class='ocr_line' id='line_1_23' title="bbox 277 2667 1415 2746; baseline 0 -15"><span class='ocrx_word' id='word_1_184' title='bbox 277 2667 421 2733; x_wconf 73' lang='lat' dir='ltr'><strong>bonitatis</strong></span> <span class='ocrx_word' id='word_1_185' title='bbox 452 2675 482 2733; x_wconf 88' lang='lat' dir='ltr'><strong>et</strong></span> <span class='ocrx_word' id='word_1_186' title='bbox 512 2669 734 2734; x_wconf 74' lang='lat' dir='ltr'><strong>misericordie</strong></span> <span class='ocrx_word' id='word_1_187' title='bbox 771 2688 834 2733; x_wconf 84' lang='lat' dir='ltr'><strong>suae</strong></span> <span class='ocrx_word' id='word_1_188' title='bbox 872 2675 928 2746; x_wconf 62' lang='lat' dir='ltr'><strong>esu</strong></span> <span class='ocrx_word' id='word_1_189' title='bbox 965 2673 1000 2732; x_wconf 85' lang='lat' dir='ltr'><strong>ut</strong></span> <span class='ocrx_word' id='word_1_190' title='bbox 1033 2668 1106 2733; x_wconf 87' lang='lat' dir='ltr'><strong>deos</strong></span> <span class='ocrx_word' id='word_1_191' title='bbox 1140 2667 1235 2734; x_wconf 79' lang='lat' dir='ltr'><strong>faciet</strong></span> <span class='ocrx_word' id='word_1_192' title='bbox 1268 2667 1415 2732; x_wconf 89' lang='lat' dir='ltr'><strong>honorem</strong></span> 
     </span>
     <span class='ocr_line' id='line_1_24' title="bbox 278 2771 1351 2852; baseline 0.001 -19"><span class='ocrx_word' id='word_1_193' title='bbox 278 2771 411 2836; x_wconf 87' lang='lat' dir='ltr'><strong>nominis</strong></span> <span class='ocrx_word' id='word_1_194' title='bbox 434 2771 480 2836; x_wconf 89' lang='lat' dir='ltr'><strong>sui</strong></span> <span class='ocrx_word' id='word_1_195' title='bbox 504 2791 542 2835; x_wconf 82' lang='lat' dir='ltr'><strong>er</strong></span> <span class='ocrx_word' id='word_1_196' title='bbox 564 2771 688 2837; x_wconf 76' lang='lat' dir='ltr'><strong>adiectu</strong></span> <span class='ocrx_word' id='word_1_197' title='bbox 712 2771 931 2837; x_wconf 76' lang='lat' dir='ltr'><strong>misericordie</strong></span> <span class='ocrx_word' id='word_1_198' title='bbox 955 2777 986 2836; x_wconf 82' lang='lat' dir='ltr'><strong>ct</strong></span> <span class='ocrx_word' id='word_1_199' title='bbox 1007 2771 1154 2836; x_wconf 69' lang='lat' dir='ltr'><strong>bonitatis</strong></span> <span class='ocrx_word' id='word_1_200' title='bbox 1178 2771 1351 2852; x_wconf 82' lang='lat' dir='ltr'><strong>inpertiens.</strong></span> 
     </span>
     <span class='ocr_line' id='line_1_25' title="bbox 267 2872 1414 2958; baseline 0 -21"><span class='ocrx_word' id='word_1_201' title='bbox 267 2898 269 2901; x_wconf 63' lang='grc'>’</span> <span class='ocrx_word' id='word_1_202' title='bbox 320 2872 642 2939; x_wconf 64' lang='lat' dir='ltr'><strong>&amp;confitemini</strong></span> <span class='ocrx_word' id='word_1_203' title='bbox 677 2875 838 2940; x_wconf 92' lang='lat' dir='ltr'><strong>domino</strong></span> <span class='ocrx_word' id='word_1_204' title='bbox 868 2875 1137 2940; x_wconf 90' lang='lat' dir='ltr'><strong>dominorum:</strong></span> <span class='ocrx_word' id='word_1_205' title='bbox 1169 2877 1353 2958; x_wconf 88' lang='lat' dir='ltr'><strong>quonium</strong></span> <span class='ocrx_word' id='word_1_206' title='bbox 1375 2874 1414 2937; x_wconf 91' lang='lat' dir='ltr'><strong>in</strong></span> 
     </span>
     <span class='ocr_line' id='line_1_26' title="bbox 225 2976 1413 3062; baseline 0 -20"><span class='ocrx_word' id='word_1_207' title='bbox 225 2994 250 3033; x_wconf 74' lang='lat'><strong>2⁶</strong></span> <span class='ocrx_word' id='word_1_208' title='bbox 277 2977 424 3042; x_wconf 80' lang='lat' dir='ltr'><strong>saecuie</strong></span> <span class='ocrx_word' id='word_1_209' title='bbox 456 2977 745 3045; x_wconf 82' lang='lat' dir='ltr'><strong>misericordie</strong></span> <span class='ocrx_word' id='word_1_210' title='bbox 775 2979 870 3044; x_wconf 89' lang='lat' dir='ltr'><strong>eins.</strong></span> <span class='ocrx_word' id='word_1_211' title='bbox 916 2979 993 3044; x_wconf 87' lang='lat' dir='ltr'><strong>deos</strong></span> <span class='ocrx_word' id='word_1_212' title='bbox 1021 2977 1128 3060; x_wconf 87' lang='lat' dir='ltr'><strong>plnres</strong></span> <span class='ocrx_word' id='word_1_213' title='bbox 1161 2979 1327 3062; x_wconf 80' lang='lat' dir='ltr'><strong>nuncupari</strong></span> <span class='ocrx_word' id='word_1_214' title='bbox 1348 2976 1413 3043; x_wconf 87' lang='lat' dir='ltr'><strong>siue</strong></span> 
     </span>
     <span class='ocr_line' id='line_1_27' title="bbox 277 3080 1413 3164; baseline 0.001 -19"><span class='ocrx_word' id='word_1_215' title='bbox 277 3082 307 3145; x_wconf 93' lang='lat' dir='ltr'><strong>in</strong></span> <span class='ocrx_word' id='word_1_216' title='bbox 331 3080 414 3157; x_wconf 76' lang='lat' dir='ltr'><strong>coelo,</strong></span> <span class='ocrx_word' id='word_1_217' title='bbox 438 3082 504 3147; x_wconf 91' lang='lat' dir='ltr'><strong>siue</strong></span> <span class='ocrx_word' id='word_1_218' title='bbox 526 3081 558 3146; x_wconf 94' lang='lat' dir='ltr'><strong>in</strong></span> <span class='ocrx_word' id='word_1_219' title='bbox 582 3087 664 3147; x_wconf 86' lang='lat' dir='ltr'><strong>terre</strong></span> <span class='ocrx_word' id='word_1_220' title='bbox 685 3081 841 3164; x_wconf 71' lang='lat' dir='ltr'><strong>apostolus</strong></span> <span class='ocrx_word' id='word_1_221' title='bbox 864 3082 975 3157; x_wconf 76' lang='lat' dir='ltr'><strong>docuit,</strong></span> <span class='ocrx_word' id='word_1_222' title='bbox 1007 3089 1123 3147; x_wconf 80' lang='lat' dir='ltr'><strong>utnon</strong></span> <span class='ocrx_word' id='word_1_223' title='bbox 1146 3082 1249 3149; x_wconf 87' lang='lat' dir='ltr'><strong>solum</strong></span> <span class='ocrx_word' id='word_1_224' title='bbox 1275 3082 1413 3148; x_wconf 78' lang='lat' dir='ltr'><strong>humane</strong></span> 
     </span>
    </p>
   </div>
   <div class='ocr_carea' id='block_1_3' title="bbox 320 3215 1412 3326">
    <p class='ocr_par' dir='ltr' id='par_1_3' title="bbox 320 3215 1412 3326">
     <span class='ocr_line' id='line_1_28' title="bbox 320 3215 1412 3326; baseline -0.002 -15"><span class='ocrx_word' id='word_1_225' title='bbox 320 3257 523 3321; x_wconf 67' lang='lat' dir='ltr'><strong>rroornee.</strong></span> <span class='ocrx_word' id='word_1_226' title='bbox 550 3215 813 3326; x_wconf 66' lang='lat' dir='ltr'><strong>ensesxnnnees</strong></span> <span class='ocrx_word' id='word_1_227' title='bbox 842 3257 1132 3325; x_wconf 69' lang='lat' dir='ltr'><strong>remansurum.</strong></span> <span class='ocrx_word' id='word_1_228' title='bbox 1164 3261 1197 3312; x_wconf 82' lang='lat'><strong>14</strong></span> <span class='ocrx_word' id='word_1_229' title='bbox 1207 3259 1242 3311; x_wconf 67' lang='lat' dir='ltr'><strong>rs</strong></span> <span class='ocrx_word' id='word_1_230' title='bbox 1260 3257 1378 3322; x_wconf 74' lang='lat' dir='ltr'><strong>nrum,</strong></span> <span class='ocrx_word' id='word_1_231' title='bbox 1386 3260 1412 3310; x_wconf 87' lang='lat' dir='ltr'><strong>e.</strong></span> 
     </span>
    </p>
   </div>
   <div class='ocr_carea' id='block_1_4' title="bbox 273 3395 1416 4334">
    <p class='ocr_par' dir='ltr' id='par_1_4' title="bbox 273 3395 1416 4334">
     <span class='ocr_line' id='line_1_29' title="bbox 320 3395 1412 3468; baseline -0.002 -18"><span class='ocrx_word' id='word_1_232' title='bbox 320 3400 332 3450; x_wconf 91' lang='lat'>1</span> <span class='ocrx_word' id='word_1_233' title='bbox 354 3396 401 3465; x_wconf 92' lang='lat' dir='ltr'><strong>qui</strong></span> <span class='ocrx_word' id='word_1_234' title='bbox 420 3415 450 3450; x_wconf 76' lang='lat' dir='ltr'><strong>eu</strong></span> <span class='ocrx_word' id='word_1_235' title='bbox 468 3397 533 3464; x_wconf 88' lang='lat' dir='ltr'><strong>quie</strong></span> <span class='ocrx_word' id='word_1_236' title='bbox 551 3398 576 3450; x_wconf 84' lang='lat' dir='ltr'><em>R</em></span> <span class='ocrx_word' id='word_1_237' title='bbox 629 3399 645 3449; x_wconf 82' lang='lat'><strong>2</strong></span> <span class='ocrx_word' id='word_1_238' title='bbox 665 3396 709 3451; x_wconf 90' lang='lat' dir='ltr'><strong>dci</strong></span> <span class='ocrx_word' id='word_1_239' title='bbox 725 3409 785 3468; x_wconf 83' lang='lat' dir='ltr'><strong>post</strong></span> <span class='ocrx_word' id='word_1_240' title='bbox 809 3397 954 3451; x_wconf 85' lang='lat' dir='ltr'><strong>ecclesiam</strong></span> <span class='ocrx_word' id='word_1_241' title='bbox 982 3415 1029 3450; x_wconf 88' lang='lat' dir='ltr'><strong>om.</strong></span> <span class='ocrx_word' id='word_1_242' title='bbox 1049 3397 1100 3449; x_wconf 83' lang='lat' dir='ltr'><strong>PT</strong></span> <span class='ocrx_word' id='word_1_243' title='bbox 1151 3399 1169 3452; x_wconf 80' lang='grc'>3</span> <span class='ocrx_word' id='word_1_244' title='bbox 1188 3396 1262 3467; x_wconf 88' lang='lat' dir='ltr'><strong>quod</strong></span> <span class='ocrx_word' id='word_1_245' title='bbox 1282 3395 1366 3448; x_wconf 70' lang='lat' dir='ltr'><strong>em</strong></span> <span class='ocrx_word' id='word_1_246' title='bbox 1383 3395 1412 3448; x_wconf 84' lang='lat' dir='ltr'><strong>id</strong></span> 
     </span>
     <span class='ocr_line' id='line_1_30' title="bbox 275 3481 1416 3553; baseline -0.003 -17"><span class='ocrx_word' id='word_1_247' title='bbox 275 3483 400 3552; x_wconf 71' lang='lat' dir='ltr'><strong>quodlib</strong></span> <span class='ocrx_word' id='word_1_248' title='bbox 454 3485 513 3538; x_wconf 90' lang='lat' dir='ltr'><strong>ueri</strong></span> <span class='ocrx_word' id='word_1_249' title='bbox 532 3501 599 3538; x_wconf 84' lang='lat' dir='ltr'><strong>uera</strong></span> <span class='ocrx_word' id='word_1_250' title='bbox 617 3484 668 3536; x_wconf 85' lang='lat' dir='ltr'><strong>PT</strong></span> <span class='ocrx_word' id='word_1_251' title='bbox 719 3489 736 3539; x_wconf 85' lang='lat'>6</span> <span class='ocrx_word' id='word_1_252' title='bbox 754 3484 853 3552; x_wconf 91' lang='lat' dir='ltr'><strong>inquid</strong></span> <span class='ocrx_word' id='word_1_253' title='bbox 865 3485 890 3537; x_wconf 81' lang='lat' dir='ltr'><strong><em>G</em></strong></span> <span class='ocrx_word' id='word_1_254' title='bbox 942 3488 1056 3552; x_wconf 80' lang='lat' dir='ltr'><strong>peccuic</strong></span> <span class='ocrx_word' id='word_1_255' title='bbox 1075 3485 1101 3536; x_wconf 88' lang='lat' dir='ltr'><em>G</em></span> <span class='ocrx_word' id='word_1_256' title='bbox 1117 3490 1233 3553; x_wconf 77' lang='lat' dir='ltr'><strong>peccota</strong></span> <span class='ocrx_word' id='word_1_257' title='bbox 1250 3490 1297 3538; x_wconf 77' lang='lat' dir='ltr'><strong>tue</strong></span> <span class='ocrx_word' id='word_1_258' title='bbox 1313 3481 1390 3535; x_wconf 69' lang='lat' dir='ltr'><strong>Rr’r</strong></span> <span class='ocrx_word' id='word_1_259' title='bbox 1389 3482 1416 3533; x_wconf 86' lang='lat' dir='ltr'><em>E</em></span> 
     </span>
     <span class='ocr_line' id='line_1_31' title="bbox 275 3569 1413 3640; baseline -0.004 -16"><span class='ocrx_word' id='word_1_260' title='bbox 275 3573 291 3624; x_wconf 85' lang='lat'><strong>7</strong></span> <span class='ocrx_word' id='word_1_261' title='bbox 310 3570 440 3639; x_wconf 84' lang='lat' dir='ltr'><strong>quonium</strong></span> <span class='ocrx_word' id='word_1_262' title='bbox 458 3570 491 3625; x_wconf 76' lang='lat' dir='ltr'><strong>ds</strong></span> <span class='ocrx_word' id='word_1_263' title='bbox 508 3572 596 3625; x_wconf 90' lang='lat' dir='ltr'><strong>bonus</strong></span> <span class='ocrx_word' id='word_1_264' title='bbox 614 3575 656 3624; x_wconf 79' lang='lat' dir='ltr'><strong>esi</strong></span> <span class='ocrx_word' id='word_1_265' title='bbox 677 3571 743 3624; x_wconf 85' lang='lat' dir='ltr'><strong>GRc</strong></span> <span class='ocrx_word' id='word_1_266' title='bbox 770 3570 901 3639; x_wconf 84' lang='lat' dir='ltr'><strong>quonium</strong></span> <span class='ocrx_word' id='word_1_267' title='bbox 918 3571 1003 3624; x_wconf 88' lang='lat' dir='ltr'><strong>bonus</strong></span> <span class='ocrx_word' id='word_1_268' title='bbox 1022 3575 1065 3624; x_wconf 79' lang='lat' dir='ltr'><strong>est</strong></span> <span class='ocrx_word' id='word_1_269' title='bbox 1084 3571 1110 3623; x_wconf 86' lang='lat' dir='ltr'><em>P</em></span> <span class='ocrx_word' id='word_1_270' title='bbox 1125 3571 1256 3640; x_wconf 80' lang='lat' dir='ltr'><strong>quonism</strong></span> <span class='ocrx_word' id='word_1_271' title='bbox 1272 3571 1353 3625; x_wconf 79' lang='lat' dir='ltr'><strong>bonus</strong></span> <span class='ocrx_word' id='word_1_272' title='bbox 1374 3569 1413 3620; x_wconf 79' lang='lat' dir='ltr'><strong>Tu</strong></span> 
     </span>
     <span class='ocr_line' id='line_1_32' title="bbox 275 3653 1413 3725; baseline -0.002 -15"><span class='ocrx_word' id='word_1_273' title='bbox 275 3656 411 3711; x_wconf 75' lang='lat' dir='ltr'><strong>Besecula</strong></span> <span class='ocrx_word' id='word_1_274' title='bbox 432 3657 471 3710; x_wconf 86' lang='lat' dir='ltr'><strong>Ge</strong></span> <span class='ocrx_word' id='word_1_275' title='bbox 489 3656 630 3711; x_wconf 81' lang='lat' dir='ltr'><strong>soeculum</strong></span> <span class='ocrx_word' id='word_1_276' title='bbox 640 3657 717 3710; x_wconf 83' lang='lat' dir='ltr'><strong>RPT</strong></span> <span class='ocrx_word' id='word_1_277' title='bbox 768 3660 786 3712; x_wconf 90' lang='grc'>9</span> <span class='ocrx_word' id='word_1_278' title='bbox 803 3659 840 3710; x_wconf 78' lang='lat' dir='ltr'><strong>sic</strong></span> <span class='ocrx_word' id='word_1_279' title='bbox 857 3658 891 3724; x_wconf 90' lang='lat' dir='ltr'><strong>R,</strong></span> <span class='ocrx_word' id='word_1_280' title='bbox 909 3655 975 3710; x_wconf 91' lang='lat' dir='ltr'><strong>hinc</strong></span> <span class='ocrx_word' id='word_1_281' title='bbox 993 3655 1182 3725; x_wconf 79' lang='lat' dir='ltr'><strong>inpensionem</strong></span> <span class='ocrx_word' id='word_1_282' title='bbox 1198 3657 1313 3711; x_wconf 81' lang='lat' dir='ltr'><strong>maxime</strong></span> <span class='ocrx_word' id='word_1_283' title='bbox 1328 3653 1413 3708; x_wconf 84' lang='lat' dir='ltr'><strong>fidem</strong></span> 
     </span>
     <span class='ocr_line' id='line_1_33' title="bbox 275 3741 1412 3813; baseline -0.004 -15"><span class='ocrx_word' id='word_1_284' title='bbox 275 3742 340 3813; x_wconf 82' lang='lat' dir='ltr'><strong>quic</strong></span> <span class='ocrx_word' id='word_1_285' title='bbox 358 3743 403 3797; x_wconf 89' lang='lat' dir='ltr'><strong>cui</strong></span> <span class='ocrx_word' id='word_1_286' title='bbox 424 3745 449 3797; x_wconf 82' lang='lat' dir='ltr'><em>G</em></span> <span class='ocrx_word' id='word_1_287' title='bbox 466 3743 541 3797; x_wconf 90' lang='lat' dir='ltr'><strong>hunc</strong></span> <span class='ocrx_word' id='word_1_288' title='bbox 559 3743 716 3812; x_wconf 88' lang='lat' dir='ltr'><strong>inpensiore</strong></span> <span class='ocrx_word' id='word_1_289' title='bbox 734 3744 854 3797; x_wconf 76' lang='lat' dir='ltr'><strong>maxime</strong></span> <span class='ocrx_word' id='word_1_290' title='bbox 871 3741 926 3798; x_wconf 82' lang='lat' dir='ltr'><strong>fide</strong></span> <span class='ocrx_word' id='word_1_291' title='bbox 944 3744 1105 3798; x_wconf 78' lang='lat' dir='ltr'><strong>inuocantes</strong></span> <span class='ocrx_word' id='word_1_292' title='bbox 1125 3743 1191 3812; x_wconf 80' lang='lat' dir='ltr'><strong>quin</strong></span> <span class='ocrx_word' id='word_1_293' title='bbox 1209 3745 1296 3810; x_wconf 55' lang='lat' dir='ltr'><strong>cuii}</strong></span> <span class='ocrx_word' id='word_1_294' title='bbox 1312 3742 1334 3794; x_wconf 84' lang='lat' dir='ltr'><em>T</em></span> <span class='ocrx_word' id='word_1_295' title='bbox 1344 3742 1412 3794; x_wconf 77' lang='lat' dir='ltr'><strong>iuter</strong></span> 
     </span>
     <span class='ocr_line' id='line_1_34' title="bbox 275 3829 1412 3900; baseline -0.002 -16"><span class='ocrx_word' id='word_1_296' title='bbox 275 3831 333 3884; x_wconf 87' lang='lat' dir='ltr'><strong>cius</strong></span> <span class='ocrx_word' id='word_1_297' title='bbox 351 3857 385 3868; x_wconf 97' lang='lat'>-</span> <span class='ocrx_word' id='word_1_298' title='bbox 404 3829 569 3886; x_wconf 79' lang='lat' dir='ltr'><strong>confitemur</strong></span> <span class='ocrx_word' id='word_1_299' title='bbox 585 3832 658 3884; x_wconf 77' lang='lat' dir='ltr'><strong>iubet</strong></span> <span class='ocrx_word' id='word_1_300' title='bbox 671 3833 800 3899; x_wconf 82' lang='lat' dir='ltr'><strong>lacunam,</strong></span> <span class='ocrx_word' id='word_1_301' title='bbox 817 3833 864 3884; x_wconf 81' lang='lat' dir='ltr'><strong>sed</strong></span> <span class='ocrx_word' id='word_1_302' title='bbox 881 3832 909 3883; x_wconf 85' lang='lat' dir='ltr'><strong>in</strong></span> <span class='ocrx_word' id='word_1_303' title='bbox 921 3849 1003 3900; x_wconf 63' lang='lat' dir='ltr'><strong>incre.</strong></span> <span class='ocrx_word' id='word_1_304' title='bbox 1022 3832 1098 3884; x_wconf 74' lang='lat' dir='ltr'><strong>edd„-</strong></span> <span class='ocrx_word' id='word_1_305' title='bbox 1117 3831 1412 3886; x_wconf 72' lang='lat' dir='ltr'><strong>eonfeeionisnontne</strong></span> 
     </span>
     <span class='ocr_line' id='line_1_35' title="bbox 275 3915 1414 3989; baseline -0.001 -20"><span class='ocrx_word' id='word_1_306' title='bbox 275 3915 348 3971; x_wconf 88' lang='lat' dir='ltr'><strong>huno</strong></span> <span class='ocrx_word' id='word_1_307' title='bbox 366 3917 533 3986; x_wconf 81' lang='lat' dir='ltr'><strong>impensiore</strong></span> <span class='ocrx_word' id='word_1_308' title='bbox 551 3918 670 3971; x_wconf 72' lang='lat' dir='ltr'><strong>maxime</strong></span> <span class='ocrx_word' id='word_1_309' title='bbox 687 3915 741 3972; x_wconf 86' lang='lat' dir='ltr'><strong>fide</strong></span> <span class='ocrx_word' id='word_1_310' title='bbox 759 3918 921 3972; x_wconf 70' lang='lat' dir='ltr'><strong>innocentes</strong></span> <span class='ocrx_word' id='word_1_311' title='bbox 939 3917 1150 3989; x_wconf 57' lang='lat' dir='ltr'><strong>‹firiccripii</strong></span> <span class='ocrx_word' id='word_1_312' title='bbox 1205 3921 1237 3972; x_wconf 77' lang='grc'><strong>13</strong></span> <span class='ocrx_word' id='word_1_313' title='bbox 1254 3917 1378 3972; x_wconf 79' lang='lat' dir='ltr'><strong>cedncsos</strong></span> <span class='ocrx_word' id='word_1_314' title='bbox 1389 3915 1414 3966; x_wconf 83' lang='lat' dir='ltr'><strong>i&#39;</strong></span> 
     </span>
     <span class='ocr_line' id='line_1_36' title="bbox 273 4002 1410 4073; baseline -0.001 -18"><span class='ocrx_word' id='word_1_315' title='bbox 273 4003 323 4056; x_wconf 83' lang='lat' dir='ltr'><strong>sed</strong></span> <span class='ocrx_word' id='word_1_316' title='bbox 339 4005 469 4058; x_wconf 86' lang='lat' dir='ltr'><strong>uiuorum</strong></span> <span class='ocrx_word' id='word_1_317' title='bbox 486 4006 514 4056; x_wconf 82' lang='lat' dir='ltr'><strong>in</strong></span> <span class='ocrx_word' id='word_1_318' title='bbox 531 4021 614 4072; x_wconf 73' lang='lat' dir='ltr'><strong>merp.</strong></span> <span class='ocrx_word' id='word_1_319' title='bbox 632 4005 749 4057; x_wconf 74' lang='lat' dir='ltr'><strong>iobeim</strong></span> <span class='ocrx_word' id='word_1_320' title='bbox 766 4003 869 4058; x_wconf 72' lang='lat' dir='ltr'><strong>uiuere</strong></span> <span class='ocrx_word' id='word_1_321' title='bbox 888 4005 913 4056; x_wconf 87' lang='lat' dir='ltr'><em>T</em></span> <span class='ocrx_word' id='word_1_322' title='bbox 966 4005 997 4057; x_wconf 69' lang='lat'><strong>1²</strong></span> <span class='ocrx_word' id='word_1_323' title='bbox 1016 4019 1121 4058; x_wconf 85' lang='lat' dir='ltr'><strong>nouum</strong></span> <span class='ocrx_word' id='word_1_324' title='bbox 1138 4005 1188 4073; x_wconf 88' lang='lat' dir='ltr'><strong>qni</strong></span> <span class='ocrx_word' id='word_1_325' title='bbox 1206 4005 1270 4058; x_wconf 75' lang='lat' dir='ltr'><strong>Pro</strong></span> <span class='ocrx_word' id='word_1_326' title='bbox 1316 4002 1348 4054; x_wconf 83' lang='grc'><strong>18</strong></span> <span class='ocrx_word' id='word_1_327' title='bbox 1366 4008 1410 4055; x_wconf 80' lang='lat' dir='ltr'><strong>est</strong></span> 
     </span>
     <span class='ocr_line' id='line_1_37' title="bbox 274 4087 1411 4146; baseline 0.002 -4"><span class='ocrx_word' id='word_1_328' title='bbox 274 4091 372 4144; x_wconf 79' lang='lat' dir='ltr'><strong>omRb</strong></span> <span class='ocrx_word' id='word_1_329' title='bbox 420 4091 596 4145; x_wconf 77' lang='lat' dir='ltr'><strong>omniomR</strong></span> <span class='ocrx_word' id='word_1_330' title='bbox 650 4093 682 4144; x_wconf 86' lang='grc'><strong>19</strong></span> <span class='ocrx_word' id='word_1_331' title='bbox 701 4095 729 4144; x_wconf 78' lang='lat' dir='ltr'><strong>ei</strong></span> <span class='ocrx_word' id='word_1_332' title='bbox 746 4090 813 4144; x_wconf 81' lang='lat' dir='ltr'><strong>deos</strong></span> <span class='ocrx_word' id='word_1_333' title='bbox 825 4091 876 4144; x_wconf 83' lang='lat' dir='ltr'><strong>hos</strong></span> <span class='ocrx_word' id='word_1_334' title='bbox 888 4089 1050 4144; x_wconf 82' lang='lat' dir='ltr'><strong>eifioiRPE</strong></span> <span class='ocrx_word' id='word_1_335' title='bbox 1064 4087 1373 4146; x_wconf 69' lang='lat' dir='ltr'><strong>eturdeoehoeefficint</strong></span> <span class='ocrx_word' id='word_1_336' title='bbox 1385 4087 1411 4139; x_wconf 85' lang='grc' dir='ltr'><em>Τ</em></span> 
     </span>
     <span class='ocr_line' id='line_1_38' title="bbox 275 4174 1409 4248; baseline -0.003 -19"><span class='ocrx_word' id='word_1_337' title='bbox 275 4175 340 4230; x_wconf 80' lang='lat' dir='ltr'><strong>licet</strong></span> <span class='ocrx_word' id='word_1_338' title='bbox 358 4181 387 4230; x_wconf 77' lang='lat' dir='ltr'><strong>ei</strong></span> <span class='ocrx_word' id='word_1_339' title='bbox 404 4179 496 4248; x_wconf 76' lang='lat' dir='ltr'><strong>scripsi</strong></span> <span class='ocrx_word' id='word_1_340' title='bbox 518 4177 584 4232; x_wconf 80' lang='lat' dir='ltr'><strong>licei</strong></span> <span class='ocrx_word' id='word_1_341' title='bbox 608 4183 636 4231; x_wconf 81' lang='lat' dir='ltr'><strong>ei</strong></span> <span class='ocrx_word' id='word_1_342' title='bbox 654 4182 685 4231; x_wconf 80' lang='lat' dir='ltr'><strong>ut</strong></span> <span class='ocrx_word' id='word_1_343' title='bbox 704 4178 743 4230; x_wconf 79' lang='lat' dir='ltr'><strong>Pir</strong></span> <span class='ocrx_word' id='word_1_344' title='bbox 761 4177 829 4231; x_wconf 85' lang='lat' dir='ltr'><strong>licet</strong></span> <span class='ocrx_word' id='word_1_345' title='bbox 847 4177 912 4231; x_wconf 85' lang='lat' dir='ltr'><strong>RTe</strong></span> <span class='ocrx_word' id='word_1_346' title='bbox 965 4179 1000 4231; x_wconf 81' lang='lat'><strong>20</strong></span> <span class='ocrx_word' id='word_1_347' title='bbox 1016 4179 1138 4231; x_wconf 79' lang='lat' dir='ltr'><strong>maxime</strong></span> <span class='ocrx_word' id='word_1_348' title='bbox 1157 4179 1224 4232; x_wconf 81' lang='lat' dir='ltr'><strong>RPb</strong></span> <span class='ocrx_word' id='word_1_349' title='bbox 1240 4176 1352 4231; x_wconf 70' lang='lat' dir='ltr'><strong>maxime</strong></span> <span class='ocrx_word' id='word_1_350' title='bbox 1371 4174 1409 4226; x_wconf 84' lang='lat' dir='ltr'><strong>Te</strong></span> 
     </span>
     <span class='ocr_line' id='line_1_39' title="bbox 274 4261 1064 4334; baseline 0.005 -20"><span class='ocrx_word' id='word_1_351' title='bbox 274 4261 303 4314; x_wconf 92' lang='lat' dir='ltr'><strong>in</strong></span> <span class='ocrx_word' id='word_1_352' title='bbox 321 4265 461 4317; x_wconf 83' lang='lat' dir='ltr'><strong>saeculum</strong></span> <span class='ocrx_word' id='word_1_353' title='bbox 480 4265 559 4317; x_wconf 82' lang='grc' dir='ltr'><strong>ΡΤΕ</strong></span> <span class='ocrx_word' id='word_1_354' title='bbox 608 4267 642 4319; x_wconf 79' lang='lat'><strong>24</strong></span> <span class='ocrx_word' id='word_1_355' title='bbox 661 4264 791 4334; x_wconf 77' lang='lat' dir='ltr'><strong>quonium</strong></span> <span class='ocrx_word' id='word_1_356' title='bbox 814 4293 844 4301; x_wconf 99' lang='lat'>-</span> <span class='ocrx_word' id='word_1_357' title='bbox 862 4264 921 4317; x_wconf 88' lang='lat' dir='ltr'><strong>eius</strong></span> <span class='ocrx_word' id='word_1_358' title='bbox 939 4282 988 4317; x_wconf 88' lang='lat' dir='ltr'><strong>cm.</strong></span> <span class='ocrx_word' id='word_1_359' title='bbox 1007 4264 1064 4318; x_wconf 84' lang='lat' dir='ltr'><strong>PT.</strong></span> 
     </span>
    </p>
   </div>
   <div class='ocr_carea' id='block_1_5' title="bbox 0 0 1542 4967">
    <p class='ocr_par' dir='ltr' id='par_1_5' title="bbox 0 0 1542 4967">
     <span class='ocr_line' id='line_1_40' title="bbox 0 0 1542 4967; baseline 0 4"><span class='ocrx_word' id='word_1_360' title='bbox 0 0 1542 4967; x_wconf 95' lang='lat' dir='ltr'><strong> </strong></span> 
     </span>
    </p>
   </div>
  </div>
 </body>
</html>
