3075 4967
382 297 560 346 tractatus
601 295 636 347 in
659 294 831 364 psalmum
850 296 947 351 LVill.
1181 297 1241 363 185

110 481 163 556 tuit
197 482 325 547 reditum
368 484 435 549 eius
476 485 645 550 ambitione
688 485 836 552 occursus
877 487 1009 553 caeiostis
1044 489 1158 566 ornari,
1200 508 1240 554 ne

111 587 269 670 ingressuro
296 587 391 653 caeios
425 589 564 672 dignatio
596 596 727 672 paterne
761 592 890 657 deesset
936 611 1037 676 neque
1062 593 1093 657 id
1115 593 1240 670 mirum,

112 712 171 757 cum
192 692 286 773 primo
308 694 445 758 nominis
468 696 516 759 eui
540 696 668 780 martyri
700 695 860 777 Stephano
891 695 976 761 uelut
997 697 1030 762 in
1053 696 1240 778 primoribus

112 796 165 861 ocii
185 797 214 860 in
235 815 399 862 occurrmm
421 819 441 862 a
462 800 520 864 deo
543 805 631 880 patre
654 801 840 865 descensum
864 802 912 867 sit
933 802 1055 866 uisitari
1077 802 1184 885 itaque
1207 800 1239 864 in

110 922 222 968 oceumu
242 923 296 968 suo
320 922 431 967 ornnes
453 909 563 987 gentes
597 912 740 984 precatur
774 905 946 970 seeundum
981 905 1071 970 iilud:
1105 925 1238 988 neque
1280 933 1292 970 c

113 1007 202 1072 enim
223 1008 336 1072 misit
358 1008 457 1074 deus
479 1006 617 1072 filium
639 1027 752 1074 suum
776 1008 814 1074 in
839 1009 945 1076 hunc
980 1011 1177 1088 mundum,
1199 1019 1241 1074 ut

112 1111 248 1177 iudicet
280 1113 478 1190 mundum,
520 1115 589 1177 sed
622 1119 665 1177 ut
698 1113 840 1178 saluus
875 1114 952 1178 siat
975 1117 1148 1180 mundus
1171 1135 1241 1195 per

111 1212 232 1301 ipfsnm.
277 1216 465 1282 descensum
488 1235 624 1299 namque
645 1217 712 1282 eius
727 1217 758 1282 in
773 1237 901 1284 carnem
918 1227 948 1284 et
964 1240 1001 1283 er
1017 1219 1118 1284 Maria
1130 1219 1240 1284 natiui-

112 1325 193 1384 tatem
211 1319 350 1386 laetantes
372 1321 476 1405 angeli
501 1331 531 1386 et
553 1327 694 1401 patentes
727 1321 795 1386 caeii
826 1321 1063 1389 honorauemnt.
1108 1344 1169 1388 non
1193 1323 1238 1388 in·

111 1425 214 1502 pudens
250 1444 326 1508 ergo
363 1424 433 1491 haec
467 1445 614 1491 occursus
646 1427 693 1491 sui
728 1428 826 1492 oratio
860 1434 916 1504 est,
950 1429 998 1494 cui
1032 1429 1072 1492 ad
1105 1426 1238 1492 salutem
1267 1452 1291 1488 ιο

113 1529 243 1609 gentium,
264 1529 355 1595 sicuti
378 1539 410 1595 et
424 1529 544 1611 psalmo
560 1530 620 1595 aiio
635 1538 668 1595 et
681 1530 849 1612 apostolico
864 1532 1041 1597 testimonio
1057 1531 1239 1608 continetur,

111 1634 297 1717 primogenito
327 1654 366 1699 ex
394 1634 525 1700 mortuis
557 1654 619 1700 uon
652 1637 843 1700 occurrentis
876 1635 941 1700 iraec
975 1637 1084 1702 iuuerit:
1123 1636 1239 1716 silius

112 1757 204 1801 meus
226 1758 265 1803 cs
287 1746 337 1817 tn,
360 1759 434 1824 ego
464 1738 585 1804 hodie
619 1741 740 1823 genui
772 1747 817 1804 ie.
863 1737 944 1805 hanc
966 1741 1069 1824 itaque
1092 1759 1238 1805 occursus

112 1841 151 1904 sui
170 1841 425 1925 significationem
454 1842 617 1908 uisitandis
649 1843 682 1907 in
716 1844 919 1928 sugentibus
950 1845 1141 1926 deprecatur,
1176 1865 1238 1910 non

112 1950 202 2010 tamen
216 1947 320 2012 iudicii
344 1948 508 2012 senodtate
527 1947 693 2029 praeterita,
708 1967 779 2013 cum
796 1948 1013 2014 misericordia
1027 1949 1067 2015 ab
1084 1949 1237 2025 omnibus,
1267 1971 1289 2006 re

113 2049 155 2130 qui
175 2051 366 2134 iniquitatem
400 2057 573 2132 operentur,
597 2053 760 2117 auertitur:
796 2052 940 2119 omuibus
976 2054 1103 2137 quidem
1136 2053 1168 2117 in
1191 2072 1237 2130 eo,

112 2153 172 2233 quia
191 2175 259 2218 caro
282 2154 383 2220 fectus
406 2162 461 2234 est
485 2155 632 2241 gentibue
654 2157 796 2234 uisitatis
820 2159 876 2222 sod
900 2177 989 2241 aeque
1012 2157 1157 2223 omnibus
1180 2157 1238 2222 ini-

112 2275 162 2339 qua
180 2261 375 2340 operantibus
398 2259 548 2325 iudicatis.

147 2363 171 2425 7.
192 2363 357 2430 Interiectu
379 2365 464 2430 euim
486 2364 668 2446 diapsalma,
701 2384 771 2449 quus
793 2367 982 2447 impietatem
1006 2365 1109 2448 popuii
1134 2375 1238 2432 essent

115 2486 251 2545 mansura,
273 2469 421 2534 desierat
455 2489 527 2534 mox
549 2488 687 2552 nemque
708 2477 739 2535 et
760 2469 868 2554 templi
893 2470 1041 2536 desolatio
1057 2479 1088 2536 et
1103 2471 1237 2536 ciuitatis
1265 2491 1290 2527 πο

114 2573 219 2638 euersio
239 2580 270 2638 et
290 2573 375 2655 ipsos
397 2573 467 2638 iilos
489 2574 654 2655 captiuitas
676 2582 839 2640 consecuta
852 2581 909 2642 est.
955 2574 1029 2658 quin
1046 2575 1238 2641 etiamnunc

114 2674 241 2758 ingressu
261 2677 393 2743 ciuitatis
415 2678 556 2744 eiusdem
579 2679 680 2744 edicto
714 2679 836 2743 romani
870 2680 954 2764 regis
978 2679 1163 2745 inhibentur.
1209 2687 1239 2744 et

113 2797 171 2844 cum
186 2781 305 2846 deserta
320 2788 499 2848 sanctorum
514 2792 623 2848 sancta
638 2793 669 2849 et
682 2782 864 2868 prophetias
879 2783 971 2849 silere
986 2789 1016 2848 et
1032 2783 1238 2864 placationum

111 2881 215 2950 hostias
250 2887 358 2952 deesse
391 2895 424 2954 et
456 2888 641 2972 dignitatem
675 2908 802 2953 omnem
838 2889 1043 2954 deformatam
1076 2888 1238 2954 ministerii

113 2985 211 3056 leuitici
244 2993 454 3070 recordantur,
487 2993 629 3058 conuersi
664 3012 746 3058 nnnc
771 2999 801 3058 et
823 2992 905 3058 fame
939 2992 1027 3058 uerbi
1051 2993 1100 3057 dei
1124 3000 1155 3059 et
1176 2994 1238 3058 cibi
1266 3009 1291 3046 ee

116 3094 243 3159 salutaris
265 3097 378 3161 adiecti
401 3097 441 3161 ad
463 3096 613 3162 solacium
635 3096 835 3178 praesentium
859 3097 1056 3162 miserarium
1079 3097 1241 3162 circumire

146 3235 231 3288 sloh.
249 3237 296 3303 111,
317 3239 358 3290 17.
396 3238 428 3290 12
445 3237 489 3290 Ps-
509 3237 543 3303 ΙΙ,
562 3241 593 3303 7;
613 3238 674 3291 Act.
692 3255 736 3306 ap.
755 3237 829 3303 xiil,
847 3239 888 3290 33.

165 3347 191 3376 00
211 3347 227 3377 Ι

148 3393 159 3444 1
193 3407 282 3474 cereus
299 3393 447 3460 corum?
464 3395 486 3446 i'
535 3411 570 3448 ne
588 3394 747 3462 ingressuro
765 3411 797 3446 ex
814 3410 962 3462 ngressuro
981 3413 1013 3448 m.
1033 3394 1092 3446 2V
1142 3397 1239 3446 {iose-

112 3492 147 3546 ios
162 3513 190 3548 a
206 3497 364 3553 tacidum?
380 3499 405 3552 V
452 3503 569 3567 paterna
587 3499 694 3552 deesset
712 3497 809 3551 VRPI'
825 3503 941 3566 paterna
953 3498 988 3551 de
1001 3498 1077 3552 oselo
1096 3497 1203 3551 deesset
1214 3499 1242 3552 Ε

111 3580 441 3651 ceremonensem)
468 3586 490 3638 V
505 3585 534 3638 in
558 3585 698 3653 prioribus
717 3586 743 3638 s
795 3586 927 3654 figentes
947 3603 995 3637 oni.
1015 3585 1041 3636 ii
1093 3591 1240 3652 praecatur

116 3665 156 3720 VR
203 3672 268 3726 dds
285 3692 317 3726 er
334 3667 366 3726 di
384 3673 455 3727 m?
479 3674 503 3726 V
553 3677 639 3740 iper
656 3688 720 3726 eum
738 3671 843 3724 RPTE
895 3673 929 3726 10
946 3687 1132 3741 occursusque
1150 3670 1240 3724 oratio

118 3753 137 3802 V
150 3771 273 3813 occursus
290 3760 380 3814 oratio
398 3761 449 3813 Μ’
501 3763 534 3814 11
552 3759 748 3829 pssimogeniti
778 3760 879 3812 uocibus
906 3759 960 3811 elio
979 3785 1012 3794 -
1031 3757 1122 3827 primo
1141 3759 1240 3811 ceruicem

114 3839 150 3906 12¹,
166 3844 347 3914 primogenito
365 3865 396 3900 ee
412 3846 608 3917 psalmogeniti
626 3865 693 3901 corr.
712 3865 781 3899 mare.
800 3863 849 3899 rec.
905 3848 938 3900 12
955 3845 1040 3899 suerit
1058 3841 1100 3910 (er
1118 3843 1195 3910 erce.)
1215 3845 1241 3896 R

114 3930 142 3979 14
155 3929 330 3998 depraecetur
359 3933 407 3987 VR
459 3937 492 3990 17
511 3951 600 4002 aequo
622 3935 648 3986 R
702 3935 734 3987 le
751 3932 782 3986 in
809 3932 981 4000 impietatem
1009 3931 1037 3983 E
1061 3930 1189 4000 impietas
1218 3929 1243 3982 P

113 4019 251 4070 essetEP
296 4023 333 4073 20
349 4026 379 4074 et
395 4019 518 4074 ciuitatis
545 4040 575 4076 a
601 4020 724 4074 ciuitatis
749 4017 821 4072 uu?
847 4019 869 4072 i'
919 4020 951 4072 91
973 4019 1081 4072 euersio
1099 4045 1133 4054 —
1153 4017 1240 4085 capti·

114 4101 174 4154 uitae
189 4106 215 4156 ir.
234 4124 313 4177 mcrp.
331 4109 381 4176 ius.
409 4111 470 4162 add.
497 4127 530 4162 m.
550 4105 570 4160 2
592 4108 619 4162 V
667 4109 702 4162 aa
720 4107 780 4161 eins
806 4107 829 4160 i'
878 4107 913 4160 se
931 4104 1063 4174 profetias
1079 4105 1128 4158 VR
1180 4103 1240 4172 pie-

114 4188 239 4244 estonum
257 4191 364 4262 (omer)
386 4195 412 4247 V
460 4197 494 4248 st
512 4195 639 4249 leuuitici
657 4194 683 4247 V
731 4194 804 4247 fame
822 4189 881 4259 (oiri.
900 4191 938 4258 et)
957 4193 982 4244 'i'
1031 4193 1065 4246 26
1084 4189 1241 4260 pr'aessutifi

115 4271 138 4334 ifi
153 4279 176 4328 iu
193 4297 243 4332 rue.
261 4279 333 4333 .3-4
351 4281 412 4345 ltu.)
431 4283 464 4334 R.
