3075 4967
335 298 398 364 244
585 256 587 261 Ι
672 297 790 351 sancti
815 297 949 351 Hilarii
974 299 1137 367 episcopi

334 491 467 554 exitus
497 489 698 561 matutini,
729 498 768 552 θῖ
797 507 971 568 uespere
1003 487 1242 554 delectabis.
1287 489 1459 553 uisitasti

334 592 773 658 terrametinebriasti
799 591 1461 676 eam‚multiplicastilocupletare

289 730 294 737 ·
333 718 426 764 earn.
472 697 624 762 flumen
648 697 710 760 dei
733 694 939 776 repletum
963 703 1023 761 est
1045 696 1460 781 aquaparasticibum

333 801 506 874 illorum,
542 801 730 885 quoniam
765 801 823 865 ita
857 807 918 865 est
954 802 1201 882 praeparatio
1236 807 1309 866 tua
1353 801 1391 865 ab
1422 800 1463 864 his

294 907 427 992 sigitur
449 906 548 990 signis
578 911 679 970 metus
702 912 786 970 ortus
809 915 865 970 eat.
910 911 958 969 θεῖ
987 905 1070 970 enim
1102 925 1251 990 magnum
1282 907 1313 970 in
1343 904 1463 988 singuiis

333 1010 506 1094 quibusque
528 1029 636 1076 eorum
659 1009 794 1094 signum.
841 1028 914 1072 nam
929 1017 999 1090 post
1013 1011 1254 1092 praeparationes
1276 1009 1423 1074 montium
1438 1008 1464 1071 iu

303 1172 305 1175 .
332 1114 469 1181 accinctu
492 1114 636 1198 potentiae
659 1124 689 1177 θῖ
711 1113 884 1177 conturbati
906 1113 1001 1177 maris
1023 1113 1154 1178 fundum
1178 1118 1209 1178 θῖ
1238 1114 1373 1178 sonitum
1403 1111 1465 1176 llue

299 1194 306 1217 ⁴
334 1227 418 1284 tuum
443 1218 508 1284 eius
531 1235 716 1301 progressus
749 1215 888 1282 ecclesiae
911 1215 943 1280 in
966 1218 1149 1281 matutinum
1174 1233 1203 1281 et
1225 1217 1464 1298 uespertinorum

334 1323 521 1406 hymnorum
555 1321 773 1387 delectationes
807 1321 978 1384 maximum
1007 1321 1228 1386 misericordiae
1266 1322 1316 1385 dei
1350 1321 1466 1405 signum

282 1452 306 1488 ιο
334 1433 388 1492 θεῖ.
433 1426 501 1491 dies
524 1427 556 1490 in
578 1424 767 1491 orationibus
792 1424 841 1489 dei
863 1423 1034 1503 inchoatur,
1065 1427 1132 1490 dies
1162 1424 1290 1509 hymnis
1321 1425 1371 1492 dei
1395 1425 1467 1490 clau·

333 1531 422 1608 ditur,
446 1530 616 1594 seeundum
639 1529 721 1611 quod
745 1529 862 1593 dictum
887 1535 950 1594 est:
974 1528 1112 1594 suauis
1142 1530 1177 1594 ei
1207 1529 1261 1593 sit
1291 1528 1468 1594 laudatio

333 1655 418 1700 mea
448 1641 480 1699 θῖ
508 1652 647 1698 mrsum:
678 1631 857 1698 eleuatio
887 1652 1068 1697 manuum
1106 1653 1282 1698 mearum
1314 1631 1467 1698 sacriti-

332 1741 437 1804 oium
459 1737 751 1821 uespertinum.

377 1843 427 1908 13.
451 1842 598 1908 Succedit
619 1842 713 1924 igitur
735 1847 767 1907 θῖ
789 1839 849 1906 hoc
872 1860 1006 1923 sequens
1028 1841 1168 1924 signum:
1192 1842 1382 1907 uisitasti
1405 1848 1469 1906 ter·

281 1969 307 2007 ιε
333 1967 414 2012 ram
446 1956 484 2011 et
513 1945 738 2012 inebriasti
769 1964 861 2022 cani,
896 1944 1190 2026 multiplicasti
1219 1945 1470 2030 locupletare

333 2070 427 2117 eam.
473 2058 555 2116 terra
585 2049 660 2127 hac,
684 2068 745 2132 qua
773 2051 897 2126 utimur,
928 2069 989 2114 non
1021 2049 1229 2133 locupletatur,
1256 2051 1310 2115 sed
1337 2069 1375 2115 ex
1397 2049 1470 2114 fruc

333 2165 419 2221 tuum
449 2173 573 2220 suornm
602 2155 743 2219 ubertate
772 2152 945 2234 locupletat.
1013 2172 1073 2217 non
1103 2172 1178 2238 ergo
1213 2154 1243 2217 in
1273 2173 1346 2219 eam
1377 2173 1470 2219 sermo

332 2258 500 2336 conueniet,
538 2277 606 2341 quae
644 2263 675 2322 θῖ
710 2256 915 2339 locupletandi
950 2277 983 2322 εθ
1020 2263 1107 2322 caret
1144 2277 1237 2323 sensu
1267 2265 1298 2323 θῖ
1330 2259 1416 2322 euius
1443 2256 1472 2321 id

332 2371 389 2443 θεῖ,
426 2374 458 2428 ut
495 2360 669 2443 locupletet,
707 2360 851 2426 officium.
904 2361 1041 2426 uisitauit
1085 2371 1189 2426 autern
1229 2364 1305 2428 deus
1354 2369 1471 2434 terram,

281 2485 306 2526 ao
332 2468 365 2532 id
388 2472 435 2532 θεῖ
457 2466 583 2530 humani
607 2465 730 2549 generis
753 2465 961 2544 natiuitatem;
988 2485 1086 2548 eaque
1107 2466 1229 2530 uisitata
1258 2487 1278 2530 a
1306 2467 1369 2532 deo
1399 2463 1471 2530 mul-

334 2570 478 2651 tiplicatis
515 2570 686 2655 gratiarum
723 2569 904 2633 muneribus
942 2568 1066 2634 ditescit
1095 2569 1232 2652 apostolo
1262 2570 1404 2636 dicente:
1438 2571 1471 2633 in

332 2675 518 2740 omnibus
541 2673 666 2739 ditati
690 2673 792 2737 estis
816 2672 853 2737 in
878 2673 974 2754 ipso,
998 2673 1037 2736 in
1062 2675 1168 2738 omni
1193 2675 1316 2739 uerbo
1342 2682 1382 2740 et
1405 2673 1473 2738 sei-

333 2779 451 2843 entia.
495 2777 545 2842 bia
576 2778 657 2842 enim
688 2776 775 2840 bonis
805 2775 960 2858 replemur
990 2788 1021 2841 et
1050 2777 1117 2842 sine
1148 2779 1321 2843 cessatione
1353 2775 1472 2860 potandi

379 2916 617 2982 11Ps.0111‚aa
655 2918 688 2968 la
705 2915 749 2970 Ρε.
769 2915 849 2982 ext,
867 2917 892 2970 2.
928 2917 960 2970 21
980 2917 992 2970 1
1012 2917 1073 2970 Cor.
1096 2919 1161 2986 1,t.

377 3061 391 3110 1
418 3055 569 3110 delectabis
593 3056 618 3107 V
632 3055 666 3123 cf.
686 3056 806 3108 Sobatier
826 3054 862 3122 11,
881 3051 938 3108 126
956 3054 1149 3109 delectationis
1168 3055 1263 3118 (tionis
1281 3057 1308 3108 in
1328 3075 1383 3110 roa.
1400 3053 1421 3110 3
1438 3053 1472 3118 11)

332 3196 385 3248 111)
400 3194 598 3249 delectationes
618 3195 646 3245 E
696 3192 967 3248 ainzebriastir‘
1017 3141 1188 3274 locupletard
1203 3194 1229 3246 11
1281 3195 1400 3263 daquis
1418 3195 1440 3246 t.
1458 3193 1472 3244 1.

877 3283 912 3318 aa

332 3336 358 3388 R
376 3333 435 3401 (aed
450 3334 515 3404 infr.
534 3342 556 3386 et
574 3335 628 3403 ipse
654 3335 735 3400 aqua)
775 3335 806 3385 ·4
830 3333 870 3385 ita
923 3332 949 3384 P
997 3341 1055 3402 post
1064 3333 1239 3401 praeparatio
1248 3329 1322 3386 3-4
1333 3334 1382 3386 litt.
1393 3331 1472 3394 (nist)

330 3441 397 3475 urea
408 3422 433 3474 11
485 3423 501 3474 7
518 3419 677 3474 conturbati
695 3419 780 3472 maris
798 3418 913 3472 fundum
938 3419 1007 3472 Vax
1023 3437 1072 3472 aaa
1090 3419 1177 3472 Hilor.
1196 3417 1258 3489 (pre
1276 3419 1472 3473 conturbatum

332 3509 415 3562 maris
432 3506 569 3580 landum),
578 3505 736 3560 conturbati
755 3505 840 3558 maris
857 3504 935 3558 fundi
946 3506 999 3559 RP
1005 3505 1247 3560 conturbationem
1259 3501 1346 3559 maris
1359 3505 1438 3560 tundi
1452 3504 1476 3555 t·

331 3597 451 3650 sonitum
476 3596 569 3664 scripsi
591 3593 682 3647 sonitu
703 3593 754 3646 RP
769 3593 876 3646 sonitus
896 3593 924 3644 Ε
973 3596 1151 3662 Θρθοθθεεθε
1170 3593 1197 3645 Ρ
1247 3593 1277 3646 in
1303 3593 1471 3646 matutinum

332 3681 481 3775 tmatntind
507 3713 543 3784 11)
561 3716 625 3769 RPe
651 3715 851 3768 matutinorum
870 3714 885 3766 b
946 3716 963 3767 9
990 3713 1183 3769 delectationis
1203 3715 1228 3766 P
1243 3713 1433 3769 delectatione
1451 3713 1475 3766 11

334 3809 366 3860 10
384 3803 531 3858 inchoatur
549 3800 632 3868 (V)P
646 3802 824 3856 incozatur
844 3797 922 3863 (eros¹
941 3797 970 3865 h)
990 3801 1016 3852 11
1068 3799 1179 3868 hymnis
1199 3798 1294 3866 (torte
1315 3799 1347 3854 in
1366 3799 1474 3870 hymnis

333 3944 371 3996 Pb
426 3946 455 3996 11
476 3948 518 3996 θεῖ
536 3939 646 4008 (ὈΡΕ
669 3941 685 3996 ὃ
712 3941 772 3993 add.
800 3957 831 3992 m.
857 3936 877 3992 3
901 3939 927 3992 R
981 3939 1013 3992 111
1031 3885 1202 4020 locupletard
1229 3939 1255 3992 11
1281 3957 1330 3992 om.
1360 3942 1385 3993 t.
1413 3941 1430 3992 1.
1454 3939 1475 3990 l'

334 4050 365 4100 16
383 4047 569 4115 locupletatur
591 4064 626 4127 ge
651 4044 854 4113 locupletamur
881 4061 913 4096 m.
932 4042 949 4095 1
968 4043 994 4096 R
1049 4045 1081 4096 18
1099 4042 1144 4097 ide
1162 4047 1205 4097 θεῖ
1231 4045 1259 4096 in
1285 4061 1339 4098 res.
1359 4041 1474 4098 m.31t

333 4189 365 4240 19
383 4189 447 4238 aute
466 4184 549 4250 (171²
564 4132 608 4239 aur
633 4183 657 4233 11
709 4129 867 4237 aehumani
892 4183 918 4234 11
970 4182 1109 4263 eaquaeP
1150 4181 1185 4234 22
1202 4181 1262 4250 ipao
1280 4199 1353 4252 supr.
1373 4201 1423 4235 ser.
1442 4201 1472 4234 m.

332 4269 352 4323 2
375 4271 400 4323 V
449 4270 525 4323 omni
543 4269 602 4337 (em,
621 4268 660 4335 in)
683 4269 713 4324 V.
