3075 4967
391 286 572 335 traotatue
590 281 626 335 in
643 281 817 350 psalmum
837 279 958 334 CXVIII.
1185 278 1248 345 447

117 472 254 538 uitiorum
299 492 359 539 uon
395 472 478 538 anim
509 479 543 535 ut
573 469 733 536 humilitas
756 490 793 536 ao
816 470 971 537 tribulatio
994 494 1014 536 a
1036 492 1070 537 ee
1093 470 1251 537 auferatur

113 582 180 653 orat
209 578 263 643 sed
286 582 320 641 ut
342 576 402 642 sibi
426 596 465 641 ex
487 574 701 641 misericordia
725 575 775 640 dei
797 573 974 641 adhortatio
995 576 1027 641 in
1051 574 1250 641 tribulatione

113 686 275 759 prestetur.
320 688 406 761 optat
428 698 505 763 ergo
529 678 646 744 diutino
668 678 778 759 prcelio
800 678 832 743 in
856 678 906 744 his
935 680 1072 761 eorporis
1095 680 1142 744 sui
1164 677 1250 743 infir·

111 784 260 849 nitatibus
283 783 425 862 militare,
450 790 534 865 optat
552 782 650 867 longo
673 783 842 850 certamine
864 786 1014 850 aduersus
1037 783 1127 849 buius
1143 783 1250 849 muudi

111 888 259 972 nequitias
291 889 478 954 consistere„
515 889 570 953 sed
606 886 853 953 adhortationem
886 908 923 954 er
956 888 1170 954 miserioordia
1199 888 1250 953 dei
1290 911 1303 951 a

110 1000 215 1072 sperat,
237 998 271 1059 ut
295 992 456 1057 tribulatus
472 990 545 1058 lieet
560 998 592 1057 et
606 990 749 1057 adflictus
766 992 880 1057 diuinae
896 990 1123 1058 adhortationis
1138 992 1250 1057 auxilio

109 1094 250 1161 firmetm.
297 1098 356 1162 soit
389 1102 421 1161 et
454 1095 560 1161 beatus
596 1094 751 1177 apostolos
784 1094 907 1172 Paulus,
941 1096 1027 1161 omni
1056 1098 1124 1177 ipse
1152 1103 1250 1177 temp

108 1200 251 1265 tationurn
297 1220 413 1286 genere
462 1200 658 1281 personatus,
703 1200 747 1266 uti
792 1221 826 1267 se
871 1201 984 1267 diuinae
1029 1201 1251 1268 misericordias

108 1302 326 1369 sdhortatione.
365 1304 489 1370 dicens:
529 1304 774 1371 benedictus
812 1306 917 1371 deus·
946 1312 1063 1387 pater
1096 1305 1250 1372 domini

107 1409 230 1473 nostri
265 1408 356 1473 Iesu
389 1407 557 1487 Christi,
591 1416 706 1490 pater
739 1410 1050 1475 miserationum
1083 1416 1122 1475 et
1152 1410 1250 1474 deus
1277 1432 1303 1469 ιο

107 1514 231 1593 omnis
264 1512 577 1591 exhortationis,
613 1514 680 1598 qui
709 1512 952 1579 exhortatur
980 1534 1052 1579 nos
1082 1514 1250 1580 inomni

106 1616 388 1684 tribulatione.
444 1626 474 1683 et
512 1616 757 1683 adhortationem
796 1616 879 1685 hano
915 1618 974 1683 soit
1007 1618 1066 1684 sibi
1100 1617 1252 1700 propbeta

107 1722 291 1801 promissam
328 1720 367 1786 ab
405 1741 441 1787 eo
478 1728 564 1805 patre
603 1728 634 1786 et
667 1722 793 1787 domino
830 1722 1070 1800 miserationum,
1108 1723 1162 1805 qui
1197 1742 1252 1804 per

107 1826 322 1907 temptationes
345 1844 426 1903 eum,
450 1826 501 1911 qui
525 1826 556 1889 in
580 1844 615 1891 se
638 1827 752 1903 eredat,
776 1826 948 1903 examinet;
971 1832 1063 1910 atque
1085 1826 1157 1893 ideo
1179 1826 1252 1892 sub·

107 1929 189 1995 iecit:
236 1930 457 1996 seeundum
503 1928 671 1994 uerbum
716 1936 823 1995 tuum
861 1950 980 1995 seruo
1018 1937 1094 2008 tuo,
1133 1930 1165 1995 id
1203 1937 1252 1996 est
1279 1949 1304 1988 ra

108 2036 274 2101 seeundum
300 2054 367 2102 eam
390 2034 635 2114 promissionem,
659 2053 719 2118 qua
741 2035 943 2119 spoponderit
972 2054 1007 2100 se
1038 2034 1197 2100 tribulatos
1218 2036 1251 2099 in

108 2139 300 2218 passionibus
331 2157 392 2203 non
415 2136 602 2204 relicturum.
649 2138 726 2203 dixit
760 2138 843 2204 enim
878 2140 911 2203 in
945 2138 1131 2222 euangeliis:
1166 2158 1252 2205 oum

108 2260 197 2326 ergo
237 2242 403 2308 tradent
440 2262 517 2320 uos,
551 2242 680 2308 nolite
714 2242 910 2327 cogitare,
948 2245 1149 2326 quomodo
1187 2250 1252 2309 aut

108 2346 199 2428 quid
233 2346 477 2429 loquamini:
512 2346 678 2412 dabitur
710 2347 816 2412 euim
855 2347 972 2413 uobis
1005 2348 1044 2411 in
1078 2346 1154 2412 illa
1187 2347 1251 2415 die

108 2450 199 2532 quid
223 2450 461 2536 loquamini.
496 2470 573 2516 non
597 2450 702 2516 enim
724 2451 1250 2536 uosestiaquiloquimini,
1278 2468 1304 2507 ro

108 2555 172 2619 sed
207 2556 382 2637 spiritus
415 2555 548 2637 patris
582 2556 721 2635 uestri,
756 2558 823 2640 qui
853 2555 1101 2640 loquiturin
1124 2556 1251 2622 uobis.

109 2664 135 2722 et
156 2657 216 2725 hoe
240 2660 375 2744 quidem,
400 2666 549 2743 quantum
574 2659 614 2725 ad
636 2678 775 2740 praesens
797 2661 933 2742 pertinet
955 2669 1088 2741 tempus.

149 2762 473 2829 rennuentem
498 2763 564 2848 spei
589 2762 742 2846 propheta
764 2784 828 2829 non
862 2764 1017 2830 inmemor
1047 2770 1095 2830 est
1127 2765 1249 2831 dioens:

108 2868 273 2932 ueniant
295 2868 591 2934 miserationes
614 2877 697 2945 tuta,
722 2874 760 2933 et
789 2868 939 2934 uiuam:
974 2869 1068 2954 quia
1098 2868 1163 2934 lex
1186 2877 1252 2935 tua

107 2972 320 3037 meditatio
366 2990 449 3037 mea
487 2978 557 3037 est.
614 2978 733 3037 naturoe
771 2972 939 3056 corporalis
976 2972 1140 3039 infirmitas
1179 2980 1253 3059 eget
1279 2989 1305 3028 a

109 3073 354 3140 miserationibus
378 3075 437 3141 dei.
481 3095 583 3159 neque
607 3078 692 3170 enim
714 3077 813 3143 beata
836 3076 918 3142 illius
945 3077 1015 3142 uitae
1046 3078 1252 3144 aeternitatem

148 3198 163 3248 e
180 3197 208 3250 11
227 3196 287 3252 cor.
307 3200 331 3263 ι,
350 3200 367 3252 a
386 3214 425 3266 sq.
464 3201 496 3252 17
515 3198 614 3254 matth.
632 3200 666 3267 x,
686 3203 718 3255 19
737 3217 778 3269 sq.

308 3284 328 3324 el

147 3336 230 3389 daed
256 3342 289 3391 ut
330 3338 359 3391 bi
387 3354 454 3391 corr.
484 3356 517 3392 m.
546 3338 563 3392 l
591 3340 617 3392 R
644 3339 691 3393 sed
719 3340 771 3395 eibi
803 3341 827 3393 V
876 3342 990 3395 dobtet
1020 3344 1043 3393 t'
1092 3339 1189 3393 diuino
1218 3341 1252 3394 Ca

108 3422 219 3491 loptat
235 3440 302 3494 ergo
320 3424 405 3493 longo
420 3424 446 3477 V
496 3424 644 3481 aduersum
660 3426 721 3497 VCp
774 3426 871 3480 mundi
889 3426 970 3480 haim
986 3428 1036 3479 (Ἐ
1085 3426 1251 3481 badhorta·

107 3506 181 3563 tione
206 3510 229 3562 V
250 3510 409 3565 hortatione
434 3531 455 3582 p
482 3511 649 3566 ortationem
678 3514 701 3565 C
751 3513 922 3567 6au1ilium
956 3511 991 3566 17ι
1044 3512 1155 3566 'domni
1182 3514 1256 3567 aeG

107 3594 284 3663 sper-tunam
304 3600 328 3650 ζ’
378 3599 420 3652 uti
439 3598 586 3654 diuineeB
640 3603 673 3656 10
690 3601 901 3655 miserationum
919 3619 949 3654 ex
967 3599 1140 3654 miserationi
1149 3598 1254 3654 Ἠν

1049 3695 1065 3723 Ι

108 3733 327 3790 misericordiarti
341 3738 365 3789 C
417 3739 448 3792 ll
468 3736 668 3793 exhortationis
680 3741 740 3793 odd.
754 3737 821 3792 aa?
838 3739 864 3791 V
913 3739 980 3807 quin
996 3739 1019 3791 I'
1037 3739 1113 3807 q;C
1165 3738 1198 3793 13
1216 3739 1251 3793 ab

109 3832 140 3871 eo
157 3826 234 3887 patre
253 3822 372 3892 cpmissd
392 3823 416 3879 dt
434 3824 489 3879 dile
508 3824 689 3879 miserationd
703 3823 778 3896 ppt)
797 3825 964 3894 promissam
982 3824 1086 3880 habene
1101 3829 1211 3893 patrem
1223 3831 1252 3880 et
1343 3883 1345 3886 ,

109 3902 246 3962 domiuum
266 3908 326 3975 (drb
346 3912 380 3977 I')
399 3911 610 3965 miserationum
629 3912 702 3965 VRO
716 3913 752 3982 cs.
767 3930 796 3983 p.
815 3912 909 3980 448,1
926 3922 950 3966 et
972 3914 1003 3966 de
1021 3913 1106 3965 uerte
1123 3912 1159 3967 ab
1177 3929 1210 3965 eo
1228 3924 1253 3967 et

109 3988 195 4046 habeo
211 3999 312 4067 ruamur
330 4000 446 4069 confusia
460 4000 495 4069 cf.
509 4000 590 4053 Acod.
606 4018 634 4069 p.
653 3997 689 4052 27
708 4000 873 4068 promissam
890 4016 906 4052 a
924 3998 976 4053 deo
993 4003 1073 4068 patre
1092 4004 1120 4052 et
1138 3998 1251 4053 domino

109 4080 351 4137 miserationumE
394 4102 445 4154 per
454 4086 665 4154 temptationem
675 4104 721 4139 seu
732 4087 781 4154 qui
794 4086 817 4137 t·
860 4086 1011 4140 Minervae
1055 4087 1088 4139 19
1098 4083 1250 4140 debitur-

111 4162 257 4233 loquamini
274 4172 360 4225 onaR
413 4171 457 4227 die
482 4173 507 4225 V
519 4171 589 4226 hora
609 4173 658 4225 GE
674 4189 722 4226 ora
728 4192 748 4243 p
801 4174 836 4226 23
853 4171 979 4241 profetae
995 4172 1021 4223 V
1070 4188 1126 4225 non
1144 4188 1251 4227 memor

112 4254 153 4304 eat
171 4253 196 4306 Il
211 4272 264 4310 non
282 4257 448 4313 inmemorat
473 4259 497 4311 V
547 4261 582 4313 at
599 4259 714 4313 ueniant
732 4258 802 4313 mihi
819 4259 1010 4314 miserationes
1027 4261 1080 4330 pE.
