3075 4967
434 285 621 336 tractatus
645 281 680 334 in
703 282 876 350 psalmum
900 282 934 334 ll.
1216 281 1255 344 71

145 473 201 538 sine
218 473 297 557 regni
318 472 444 537 alicuius
472 471 686 556 designatione
710 472 916 556 cognominet,
940 477 974 536 ut
995 491 1048 536 eos
1070 491 1142 536 suos
1165 476 1257 555 atquc

140 577 214 640 inse
235 597 297 642 esse
317 595 408 661 reges
439 577 571 655 doceret
593 576 710 641 iudices
741 582 846 640 autem
875 583 965 640 terrae
995 575 1086 640 dicat.
1131 573 1257 640 differre

140 699 199 745 uero
218 680 342 745 indicem
366 695 459 764 atque
481 699 600 765 regem,
624 681 690 761 ipso
714 699 771 744 usu
794 687 924 744 terrenae
947 680 1175 744 consuetudinis
1203 700 1256 744 no·

136 785 249 862 scimus;
271 787 341 868 quia
362 803 425 850 non
447 786 533 850 idem
553 786 593 849 sit
606 803 746 868 regnare,
770 784 853 867 quod
867 783 1011 860 indicere,
1034 784 1107 866 quia
1125 803 1256 868 regnum

135 889 280 954 dominatio
303 889 351 966 sit,
386 889 533 954 iudicium
556 909 628 954 uero
651 889 760 953 modus
784 887 825 952 sit
846 888 1009 971 requitatis.
1054 890 1153 953 sancti
1183 908 1258 974 ergo
1297 915 1311 951 e

133 993 230 1076 quique
251 991 451 1077 intellegendi
474 997 546 1057 sunt
568 1012 636 1058 esse
660 991 779 1057 iudices
801 997 902 1065 terrae,
926 1011 1058 1074 quorum
1079 992 1258 1077 uita-etque

133 1094 197 1161 fides
217 1095 385 1162 infidelium
409 1087 650 1180 iniquorumque
668 1097 816 1160 iudicium
839 1097 888 1161 sit.
933 1103 966 1160 et
987 1095 1047 1160 hoo
1070 1097 1212 1162 dominus
1226 1097 1257 1162 in

133 1199 281 1284 euangeliis
319 1201 457 1266 ostendit
493 1201 618 1265 dicens:
652 1201 733 1264 uiri
767 1199 974 1266 Nineuitre
1011 1207 1181 1284 surgent
1219 1200 1257 1264 in

133 1304 268 1369 indicio
303 1315 341 1370 et
378 1305 623 1370 iudicabunt
659 1305 969 1389 generationem
1008 1303 1126 1378 hanc,
1165 1304 1259 1386 quie

133 1407 1087 1490 penitentiamegeruntinpraedicationelonrn;
1111 1417 1259 1472 etecce
1288 1433 1338 1504 to·

133 1512 239 1576 naior
274 1511 339 1578 hio
377 1532 493 1596 quam
535 1513 639 1577 Inna.
685 1513 832 1595 regine
862 1513 1004 1578 Austri
1042 1518 1184 1596 surget
1220 1512 1258 1577 in

132 1615 266 1680 iudicio
289 1625 327 1681 et
350 1616 557 1681 iudicabit
587 1617 901 1700 generationem
934 1617 1044 1690 hanc,
1075 1616 1170 1699 quia
1198 1636 1258 1681 ue·

131 1720 243 1784 nitab
272 1720 434 1784 ultimis
466 1721 656 1800 partibus
687 1727 803 1786 terrae
836 1721 979 1786 audire
1009 1719 1257 1802 sapientiam

132 1822 357 1900 Salomonis;
385 1833 422 1888 et
445 1845 538 1890 ecce
561 1825 687 1890 maior
710 1824 775 1889 hie
799 1823 1021 1889 Salomone.
1067 1824 1146 1890 tales
1169 1830 1258 1890 erunt

130 1927 231 1992 iudices
254 1935 353 2005 terrra
377 1949 507 2012 quorum
532 1928 710 2010 conparatio
739 1928 813 1994 fidei
839 1948 876 1994 ac
899 1929 1020 1994 timoris
1042 1929 1257 2009 inpendentes
1287 1952 1311 1992 a

130 2031 284 2114 inpiosque
309 2033 504 2098 condemnet.
550 2034 576 2098 si
599 2033 681 2098 enim
705 2033 885 2114 poenitentia
907 2032 1088 2098 Nineuituut
1110 2052 1148 2097 ex
1174 2032 1257 2098 Ionte

128 2136 330 2215 predicatione
354 2145 497 2216 suscepte
519 2137 653 2201 fructum
675 2137 787 2218 adepte
809 2143 858 2203 est
871 2137 1048 2217 paenitendi
1070 2143 1257 2202 nccesseeat

128 2239 270 2305 obediens
309 2260 414 2306 eorum
450 2241 628 2320 paenitentia
661 2239 846 2306 insolentem
875 2240 985 2306 horum
1014 2241 1257 2321 inpaenitentinrn

127 2341 265 2408 indicabit.
311 2351 364 2408 aut
386 2344 497 2428 regina
520 2345 626 2409 Austri
649 2365 687 2411 ex
709 2344 823 2410 ultimis
846 2345 986 2426 partibus
1015 2351 1107 2410 terrae
1136 2345 1258 2412 deside·

126 2453 211 2510 ratem
243 2447 418 2513 Salomonis
451 2449 634 2531 sapientiam
667 2449 796 2515 audiens
840 2468 943 2515 nonne
977 2447 1192 2516 infidelitatem
1225 2456 1256 2515 et
1282 2469 1307 2508 ao

127 2549 260 2616 incuriam
306 2553 507 2632 praesentium
551 2552 705 2619 auditione
749 2554 917 2637 peregrina
958 2553 1141 2620 damnabit?
1184 2573 1255 2620 cum

129 2659 217 2720 tumen
247 2655 478 2722 inoboedientiae
513 2667 605 2740 atque
644 2657 842 2722 inaudientiae
875 2658 1024 2722 iudicium
1057 2655 1205 2723 differens
1239 2677 1258 2721 a

129 2755 274 2824 Salomone
314 2765 409 2843 atque
447 2760 521 2824 lona
558 2758 700 2826 Christus
738 2769 846 2827 auctor
886 2761 1073 2826 adcumulet.
1118 2761 1257 2828 absolute

128 2868 217 2926 anum
238 2862 295 2929 hos
318 2883 388 2930 esse
412 2865 529 2930 iudices
553 2871 643 2930 terrac
666 2865 822 2946 apostolus
849 2865 1042 2931 demonstrat
1065 2866 1188 2932 dicens:
1210 2887 1257 2930 an

130 2967 1257 3051 nescitisquiasanctimundumiudicabuntetinuobis
1285 2990 1311 3026 a

129 3069 320 3136 iudicetur
372 3071 438 3138 hic
490 3073 681 3140 mundus?
732 3094 804 3138 cum
848 3093 904 3154 per
948 3074 1092 3138 meritum
1138 3075 1258 3156 udcptm

129 3171 309 3241 beatitudinis
334 3176 567 3244 criminosorum
589 3178 684 3242 uitam
707 3178 854 3242 sanctitas
877 3184 1043 3258 conparato
1065 3179 1258 3244 condemnet.

165 3322 288 3378 suaith.
308 3324 370 3392 XII,
388 3327 419 3377 41
442 3343 482 3393 sq.
517 3327 552 3380 25
570 3327 583 3378 Ι
604 3325 665 3380 Gor.
684 3329 708 3390 6,
726 3326 751 3379 2.

165 3485 240 3540 ltine
253 3488 332 3558 regni
345 3489 423 3543 cuin
443 3489 466 3542 V
515 3489 759 3558 deognnenimusc
811 3491 1040 3560 lquinregnum
1057 3491 1083 3545 V
1132 3491 1259 3546 dmodue

129 3570 160 3624 rit
175 3591 202 3626 ez
218 3575 312 3628 domus
331 3576 368 3630 sit
386 3577 459 3630 aa?
483 3577 559 3630 Veit
576 3577 704 3630 moduee
757 3577 985 3646 ‘liniquoruqu
1004 3597 1034 3631 ex
1057 3578 1216 3647 iniquorum
1234 3577 1259 3628 B

130 3656 322 3730 insnuaugeliis
337 3662 549 3732 VRctsicsnepe
595 3661 817 3718 attiniacense
870 3665 998 3719 1010nae
1009 3682 1067 3734 sup.
1079 3666 1222 3718 linum
1237 3665 1263 3719 V

131 3744 158 3795 ll
180 3762 255 3812 quum
277 3749 344 3802 lona
368 3749 414 3802 hic
438 3769 451 3801 r
522 3752 555 3805 13
580 3750 712 3805 obaudire
736 3751 931 3820 sapientium·
1002 3754 1036 3806 lt
1054 3750 1209 3806 Solomonis
1237 3751 1263 3806 V

132 3826 260 3888 Solomone
277 3854 307 3888 a
326 3835 482 3890 Solomonis
500 3853 532 3890 m.
552 3835 572 3890 2
596 3838 620 3890 V
671 3839 704 3890 to
725 3836 793 3892 fides
812 3854 845 3891 ec
862 3837 947 3892 timor
964 3838 991 3891 R
1008 3837 1072 3892 iidie
1089 3855 1122 3892 uc
1139 3855 1215 3893 more
1237 3839 1263 3894 V

134 3915 161 3968 18
170 3921 358 3984 paenitentiam
370 3941 402 3976 ct
412 3925 585 3992 prenitentes
598 3943 630 3977 ra.
644 3923 663 3976 2
679 3925 703 3977 V
752 3923 916 3979 Nineuitum
928 3943 958 3978 er
969 3924 1150 3980 Nincnietnm
1162 3945 1195 3979 m.
1205 3925 1223 3978 1
1237 3927 1263 3980 V

134 3998 267 4061 limniuetd
290 4009 316 4062 R
339 4008 561 4064 Niniuiternme
614 4013 648 4066 ts
670 4011 822 4080 oboydiens
846 4011 871 4066 V
920 4012 1094 4080 poenitentia
1116 4031 1147 4066 cr
1163 4013 1259 4081 poeni·

136 4087 200 4141 tendi
220 4110 249 4146 m.
273 4094 293 4148 2
321 4096 347 4149 V
398 4098 430 4148 ltt
453 4096 559 4151 iudicet
588 4097 622 4152 Vc
645 4099 680 4168 cs.
706 4099 783 4151 Arria
808 4098 848 4164 II,
871 4097 942 4166 3183
966 4101 1039 4152 Sturl
1064 4098 1138 4153 1889
1151 4119 1180 4170 p.
1198 4097 1260 4153 322

139 4174 218 4240 ”tim
231 4197 259 4234 erc
273 4199 360 4251 regns
377 4201 410 4236 m.
429 4182 491 4236 21⁷
545 4185 581 4238 20
598 4183 753 4239 Solomonis
771 4185 797 4239 V
845 4187 880 4239 dl
898 4185 1003 4240 auditio
1016 4186 1043 4238 R
1094 4189 1130 4240 22
1147 4202 1163 4239 a
1182 4186 1259 4240 Solo·

142 4271 206 4314 none
221 4265 241 4318 V
285 4269 630 4325 aeiudicmiturmundue
643 4271 693 4324 Re
745 4273 780 4326 27
798 4271 881 4326 scitas
899 4271 932 4326 B.
