3075 4967
279 279 341 345 232
625 279 744 333 sancti
761 279 893 334 Hilarii
912 281 1077 352 episcopi

279 471 394 535 homo
418 476 456 535 et
477 490 545 535 cor
567 468 700 547 altum,
725 474 763 534 et
787 469 1042 537 exaltabitur
1064 472 1172 538 deus.
1195 475 1320 558 cognita
1340 476 1420 539 onim

280 575 483 640 scrutantium
506 573 680 639 defectione
703 578 735 638 et
756 575 925 640 accedente
949 575 1076 642 homine
1098 577 1201 644 cordis
1225 576 1279 642 alti
1302 579 1421 663 magni·

279 678 404 744 licentia
447 679 559 743 diuinae
608 678 754 742 bonitatis
798 679 984 762 agnoscitur.
1041 688 1174 764 quantus
1219 687 1325 746 autem
1368 681 1425 748 fiet

279 783 426 849 doctrinae
463 779 609 863 spiritalis
645 781 819 864 proiectus!
887 803 961 848 nam
1005 784 1075 868 quis
1110 805 1171 850 uon
1210 785 1425 869 magnificabit

238 911 251 946 r
278 887 381 964 deum,
404 905 498 971 quem
522 885 629 950 mundi
658 884 749 950 huius
779 887 961 970 cognouerit
993 887 1210 954 conditorem?
1259 889 1329 974 quis
1362 909 1426 954 non

278 995 398 1056 metuet
431 1008 526 1072 quem
551 989 687 1054 iudicem
710 988 811 1054 sciet?
857 991 926 1074 quis
961 1011 1022 1056 non
1056 994 1176 1058 renasci
1211 994 1244 1058 in
1277 994 1429 1059 innocen-

280 1095 353 1159 tiam
374 1093 464 1170 uolet
494 1113 567 1159 cnm
589 1095 709 1175 peccati
739 1095 881 1160 remissio
910 1103 1106 1161 sacramento
1137 1117 1224 1162 nouae
1254 1098 1427 1162 natiuitatis

279 1197 500 1282 indulgeatur?
544 1197 614 1280 quis
636 1217 698 1262 non
728 1203 896 1279 opeccato
927 1189 1049 1264 desinat
1078 1200 1141 1264 iam
1171 1205 1298 1268 renatus
1327 1207 1360 1266 et
1391 1202 1423 1266 in

278 1303 453 1366 innocentia
467 1301 543 1367 uelit
557 1300 676 1382 paruuli
691 1321 884 1383 permanere,
899 1322 970 1368 cum
987 1303 1130 1370 talium
1152 1305 1231 1370 sciat
1253 1323 1425 1390 regnum

226 1429 251 1465 ιο
279 1426 369 1471 esee
383 1404 594 1471 calorum?
638 1405 705 1471 haec
721 1405 872 1487 professio
886 1413 992 1472 nostra
1008 1409 1212 1475 scrutantium
1227 1409 1354 1492 ingenie
1370 1409 1427 1474 de-

278 1509 387 1592 bilior,
420 1509 490 1574 haec
520 1511 668 1576 doctrinae
698 1516 812 1576 nosbae
842 1509 967 1593 spicula,
998 1531 1067 1594 quaa
1090 1533 1146 1594 per
1169 1519 1424 1597 regeneratorum

278 1615 438 1681 exordium
461 1615 583 1698 sagittae
606 1619 679 1678 sunt
700 1613 906 1695 paruulorum,
929 1615 1039 1682 stultas
1054 1616 1279 1698 disputationes
1302 1623 1334 1682 et
1348 1617 1427 1682 ridi·

278 1718 347 1784 cula
369 1719 409 1784 de
432 1719 491 1783 deo
514 1719 662 1803 dogmata
684 1718 856 1784 uoluerant.
900 1718 950 1785 his
973 1721 1132 1786 aduersari
1155 1720 1292 1802 profana
1306 1720 1427 1804 linguae

277 1821 479 1887 contradictio
508 1842 570 1888 nou
600 1828 709 1904 potest
745 1823 912 1888 aduersum
941 1825 1081 1890 omnium
1115 1825 1358 1906 disputationum
1396 1835 1428 1890 et

225 1946 250 1984 1⁵
277 1926 526 1992 adhortationum
560 1933 735 1993 nostrarum
768 1926 863 1992 fidem
898 1937 930 1993 et
962 1929 1125 2010 trepidatio
1158 1929 1358 1994 abnuentium
1394 1943 1428 1994 et

277 2037 377 2097 metus
400 2036 450 2096 est
470 2030 670 2097 audiemium.

322 2135 373 2202 12.
395 2136 596 2200 Adnuntiatis
619 2136 703 2201 enim
726 2136 870 2218 operibns
894 2138 943 2203 dei
967 2143 1040 2203 tnnc
1062 2137 1211 2218 incipient
1242 2136 1323 2202 facta
1356 2137 1427 2202 eius

277 2238 426 2324 intellegi,
461 2251 533 2305 tunc
555 2241 587 2304 in
611 2239 662 2305 bis
683 2239 838 2306 letabitur
860 2242 967 2318 iustus,
1002 2249 1074 2307 tunc
1105 2261 1176 2307 eum
1206 2260 1314 2306 omnes
1344 2242 1427 2307 recti

276 2344 370 2410 corde
392 2343 569 2410 laudabunt
613 2350 645 2410 et
668 2343 726 2409 hoc
747 2345 850 2426 ipsum
872 2344 1011 2427 psalmus
1033 2346 1077 2410 ita
1099 2346 1223 2410 edocet:
1250 2347 1428 2414 accedet

225 2473 229 2483 ·
276 2446 403 2512 homo·
423 2453 462 2512 et
489 2467 558 2514 cor
588 2448 722 2524 altum,
752 2455 792 2514 et
826 2448 1080 2514 exaltabitur
1103 2451 1209 2514 deus.
1255 2449 1427 2532 sagittae

277 2549 537 2632 paruulorum
569 2552 689 2617 factae
723 2557 817 2617 sunt
845 2552 975 2637 plagae
999 2573 1142 2632 eorum,
1166 2559 1205 2619 et
1228 2553 1336 2619 nihil
1360 2553 1427 2619 ha-

276 2656 452 2721 bueruut
485 2663 627 2721 contra
660 2657 773 2738 ipsos
806 2656 956 2741 linguae
987 2675 1129 2723 eorum.
1182 2657 1427 2723 conturbati

276 2765 372 2825 sunt
407 2778 552 2837 omnes,
589 2761 657 2844 qui
694 2761 893 2826 uidebant
929 2781 1005 2840 eos,
1043 2767 1081 2827 et
1117 2762 1255 2826 timuit
1291 2762 1426 2828 omnis

320 2901 337 2952 8
355 2898 453 2952 Matth.
472 2899 545 2961 xlx,
565 2902 606 2954 14.

321 3020 390 3074 lad
408 3037 457 3074 cor
475 3021 594 3074 altume
646 3021 822 3075 ihomiuem
842 3021 868 3074 P
917 3021 1312 3078 4doctrinaeardoctrinalt
1366 3035 1427 3091 porr

275 3107 497 3174 profectuseroa.
510 3105 586 3160 2-3
597 3109 644 3161 ror.
657 3109 684 3162 R
735 3113 772 3162 nd
785 3125 815 3162 ar
832 3125 868 3162 na
886 3125 952 3163 corr.
971 3127 1004 3163 m.
1022 3107 1085 3162 312
1138 3109 1187 3178 qui
1206 3108 1232 3160 P
1282 3109 1426 3178 boogno·

275 3247 318 3299 uit
337 3246 363 3298 P
412 3193 644 3328 cin¹l30mnttam
662 3247 688 3300 P
738 3248 901 3302 'tremissio
919 3248 946 3302 R
963 3247 1125 3302 remissione
1144 3249 1170 3301 P
1185 3247 1381 3302 remissionom
1399 3249 1429 3302 E

275 3341 435 3438 :ammento
444 3385 470 3436 P
477 3390 680 3440 sacramentum
689 3382 885 3452 (sacramenti)
897 3385 952 3438 RE
1001 3388 1019 3439 8
1033 3385 1213 3454 indulgeatur
1224 3379 1406 3455 (indulgeat')

275 3525 339 3578 roni.
353 3523 450 3576 Bened.
468 3525 497 3577 io
514 3526 575 3577 adn.
587 3523 733 3591 indulgeat
745 3523 826 3576 RPE
887 3527 916 3578 et
933 3469 1160 3578 inbooentiamli
1178 3529 1207 3579 et
1224 3523 1388 3580 innocentia
1400 3527 1429 3580 P

276 3609 513 3679 loprcpbossiolt
565 3610 835 3678 ligsueratcrumP
879 3609 1282 3680 lisagittasdisputationeslt
1319 3613 1424 3668 lanul-

274 3702 405 3751 nerantes
422 3696 465 3750 his
483 3697 634 3752 aduersarii
654 3697 681 3750 P
731 3699 765 3752 14
782 3699 931 3752 aduersum
949 3695 1120 3764 (aduorsum)
1139 3700 1235 3752 conieci
1259 3701 1378 3755 odorum
1398 3702 1425 3754 li

275 3785 310 3837 ad
321 3783 422 3838 horum
440 3784 493 3836 PE
508 3785 543 3854 cs.
556 3787 630 3839 stoc.
643 3782 715 3839 1889
728 3803 758 3856 p.
768 3782 827 3838 315
840 3794 864 3838 ct
876 3784 939 3854 infr.
948 3802 977 3855 p.
997 3781 1095 3853 233,4
1147 3789 1176 3838 et
1194 3785 1423 3841 adhortationum

274 3884 323 3923 om.
334 3871 386 3923 ΕΡ
397 3873 444 3924 red
456 3873 491 3940 cs.
507 3871 552 3925 Pr.
564 3871 688 3925 CXLIII
691 3889 748 3943 cap.
764 3869 801 3924 13
807 3872 859 3941 fin.
915 3874 948 3926 15
966 3870 1049 3925 fidem
1060 3873 1145 3924 orml’
1191 3884 1251 3944 poet
1269 3874 1424 3942 trepidatio

275 3956 362 4010 2b'tt.
381 3975 447 4010 erac
465 3958 492 4011 R
544 3957 726 4013 abnuentium
744 3957 874 4023 (nueutiu
893 3957 1045 4024 terualli
1063 3959 1244 4014 abnuentium
1262 3964 1304 4014 est
1315 3959 1342 4012 P
1393 3966 1425 4015 et

326 4055 338 4082 ι
351 4047 386 4083 est
397 4044 453 4083 sudi
915 4045 917 4048 '

274 4096 608 4152 monendomum?
659 4100 693 4154 18
704 4103 824 4153 tun÷c
879 4115 942 4153 eum
956 4099 981 4151 R
1034 4101 1067 4153 19
1080 4095 1279 4168 ἰρεῦεκίρευᾱ
1298 4099 1422 4168 Pipsud

274 4235 301 4287 R
324 4237 371 4288 aed
393 4236 427 4305 cs.
447 4236 528 4290 Acad.
549 4256 578 4307 p.
597 4235 636 4290 28
688 4239 719 4290 21
747 4183 836 4290 nihil1¹
848 4213 977 4318 abierunt
993 4238 1018 4290 R
1035 4255 1086 4307 pro
1105 4237 1193 4292 nihilo
1210 4237 1367 4293 babuerunt
1389 4240 1422 4293 P.
