3075 4967
299 255 361 320 124
645 255 764 309 saneti
781 253 920 308 Hilarii
937 252 1101 322 epiceopi

298 445 438 511 homines
469 446 568 511 bonus
602 443 704 510 nullus
728 445 775 510 sit.
821 444 944 508 bonitas
973 461 1110 526 namque
1139 442 1275 522 primurn
1303 439 1429 522 perlaeta

296 570 334 614 ea
357 559 413 626 est,
447 569 517 634 quae
539 548 771 616 indemutabilis
793 556 913 614 namra
934 547 1048 612 ubtute
1071 546 1244 616 consistens
1267 546 1364 611 neseit
1382 544 1430 609 ali·

297 655 421 737 quando
444 653 620 719 aliudesse
654 674 750 736 quarn
780 652 881 730 suerit,
910 672 969 718 neo
991 659 1092 732 potest
1119 670 1181 715 non
1203 650 1236 715 id
1258 650 1430 733 essequod

297 778 422 839 semper
444 766 505 824 est..
546 758 674 823 hnmani
708 762 793 822 uaro'
817 764 919 822 motus
952 756 1022 836 ipsa
1054 754 1240 838 plerumque
1258 753 1430 822 ¹niutan'one

257 892 270 928 a
297 862 412 927 diuersi
435 870 516 941 sunt,
538 869 570 927 et
591 871 722 928 terrenae
744 862 824 946 legis
846 860 1019 941 inperfecta
1039 866 1151 926 namra
1173 859 1209 923 lit
1231 858 1300 936 alia,
1321 880 1359 924 er
1379 856 1432 922 alio

296 967 443 1032 instinotu
457 985 500 1032 se
523 967 722 1046 perturbante
753 966 933 1030 demutans:
965 973 997 1030 et
1027 965 1067 1028 ad
1098 963 1131 1029 id
1160 983 1216 1030 nos
1247 963 1431 1028 diuersarum

297 1069 506 1135 adfectionum
541 1077 641 1135 motans
675 1069 804 1150 inpellit,
838 1071 928 1134 dum'
947 1067 1135 1134 contumelia
1163 1067 1336 1146 irascimur,
1365 1068 1431 1132 dum

298 1175 411 1238 damno
434 1195 603 1247 monemur,
627 1176 702 1239 dum
718 1175 765 1240 ira
781 1173 988 1248 accendimur,
1011 1174 1087 1237 dnm
1109 1178 1192 1237 metra
1216 1171 1433 1252 perturbamur.

298 1279 371 1342 dnm
410 1299 516 1343 amore
553 1277 751 1354 inflectimur,
789 1279 865 1343 dum
898 1277 969 1342 odio
988 1275 1188 1356 inpellimur,
1223 1276 1299 1341 dum
1328 1274 1433 1358 gaudio

247 1411 272 1448 ro
298 1379 465 1460 efferimur,
490 1383 564 1446 dum
588 1382 692 1446 dolore
707 1381 912 1460 stimulamur,
936 1382 1011 1446 dum
1026 1380 1139 1446 indicio
1154 1379 1352 1456 dissidemus,
1366 1379 1435 1442 dum

297 1491 387 1550 aetate
421 1490 586 1551 mutamur.
632 1484 683 1551 his
717 1506 793 1569 ergo
827 1485 942 1551 subditi
980 1489 1107 1549 naturae
1134 1483 1268 1548 infirmis
1309 1481 1435 1548 motibus

297 1588 434 1674 aequales
457 1609 527 1656 esse
550 1610 610 1655 non
635 1609 812 1670 possumus,
834 1591 910 1654 dum
926 1597 957 1654 et
972 1589 1096 1654 adfectu
1114 1586 1319 1654 demutabiles
1334 1605 1436 1652 sumas

298 1701 328 1757 et
349 1701 496 1774 tompore.
541 1701 572 1758 et
593 1693 708 1759 ideireo
731 1695 870 1774 perlaeta
891 1693 1014 1758 bonitas
1036 1693 1068 1756 in
1091 1692 1174 1758 nullo
1196 1698 1253 1770 est,
1276 1691 1350 1775 quia
1371 1709 1437 1756 eam

297 1797 484 1862 naturalium
507 1799 771 1878 perturbationum
796 1798 953 1863 intentius
967 1799 1135 1862 demutent
1180 1797 1237 1862 sed
1252 1803 1358 1862 tannen
1371 1813 1438 1860 eum

247 1931 272 1970 aa
297 1901 329 1964 in
352 1901 498 1967 bonitatis
521 1923 629 1967 sumus
653 1902 703 1967 uel
725 1901 882 1966 uoluntate
904 1901 955 1967 nel
978 1902 1085 1985 gestis,
1120 1922 1182 1966 non
1204 1896 1439 1981 possumusne}

298 2012 372 2070 tune
395 2025 456 2071 non
479 2005 539 2071 hoe
563 2028 640 2084 esse,
668 2007 751 2089 quod
775 2026 894 2072 sumus.
937 2013 969 2071 et
991 2005 1136 2089 quamuis
1157 2004 1321 2086 inperfecti
1343 2004 1382 2068 ad
1407 2003 1440 2066 id

299 2109 405 2186 simus,
440 2129 478 2176 ne
502 2131 627 2191 semper
649 2111 680 2174 id
703 2111 812 2187 simne,
846 2111 930 2192 quod
960 2117 1064 2174 tamen
1094 2129 1203 2174 sumna
1232 2109 1264 2173 in
1296 2115 1439 2189 tempore,

298 2213 370 2278 lieet
392 2233 448 2294 per
470 2222 588 2280 naturae
610 2213 824 2280 infirmitatem
839 2214 1040 2279 demutationi
1055 2213 1201 2279 bonitatis
1227 2212 1367 2279 obnoxiis
1380 2230 1441 2276 non

300 2317 446 2382 adimitur
468 2318 566 2396 nobis,
590 2319 686 2383 bonos
709 2339 766 2384 nos
787 2318 840 2384 uel
862 2326 929 2383 tum
951 2338 1032 2396 esse,
1055 2337 1128 2383 eum
1151 2337 1269 2382 sumus.

247 2450 272 2490 ao
345 2420 393 2484 12.
422 2423 525 2487 Bonus
556 2429 659 2486 autem
690 2421 774 2488 solus
802 2442 859 2503 per
889 2429 1032 2486 naturam
1066 2419 1324 2487 indemutabilem
1353 2439 1442 2486 suam

299 2545 423 2605 semper
447 2527 523 2591 deus
556 2527 616 2590 non
641 2523 918 2607 praedums'huius
941 2525 1160 2592 demutationis
1193 2534 1307 2590 nostrae
1330 2523 1443 2590 arbiter

299 2628 363 2698 luit.
387 2628 611 2715 indulgentiam
629 2629 800 2695 infirmitati
823 2638 946 2709 nostrae,
969 2651 1033 2714 qua
1053 2651 1116 2695 non
1139 2649 1263 2710 semper
1285 2628 1358 2694 boni
1374 2647 1443 2710 par·

298 2752 471 2812 manemus,
494 2755 533 2798 er
555 2734 664 2799 merito
686 2733 854 2800 uoluntatis
875 2735 1056 2815 inpediens,
1089 2754 1153 2817 qua
1174 2733 1271 2798 bonos
1294 2753 1352 2798 nos
1375 2753 1443 2798 esse

299 2836 445 2902 delectat:
469 2839 635 2922 magisque
651 2837 710 2908 his,
727 2859 797 2922 quae
813 2837 973 2916 nollemus
994 2837 1176 2919 propitiatus
1192 2845 1240 2903 ast
1265 2857 1363 2921 quam
1386 2836 1443 2910 his,

246 2969 272 3008 aa
299 2961 369 3023 quae
392 2961 452 3006 noa
476 2963 648 3022 possamus
672 2944 769 3008 iratus
789 2951 845 3008 ost.
890 2963 1026 3026 namque
1049 2961 1120 3008 oum
1145 2941 1256 3026 Moysi.
1279 2941 1366 3006 fideli
1388 2940 1443 3007 uti·

297 3064 359 3127 que
383 3047 482 3110 amieo
506 3067 569 3124 sno,
593 3055 731 3131 atquem
748 3049 780 3111 in
797 3049 891 3113 deum
907 3047 1058 3128 pharaoni
1074 3047 1283 3125 constituerat,
1300 3045 1444 3112 dixisset:

298 3149 393 3232 qnia
415 3169 491 3214 non
513 3149 775 3234 gloril‘ieasti
805 3173 864 3216 me
895 3152 933 3214 in
965 3171 1078 3234 aquae
1100 3151 1445 3228 contradietione,

299 3254 476 3320 aistands
512 3253 551 3318 in
589 3263 762 3320 montem
809 3264 845 3321 et
882 3276 1055 3333 morere,
1106 3255 1189 3321 hune
1230 3255 1288 3320 sibi
1328 3262 1444 3335 postea

340 3359 374 3412 27
394 3357 474 3412 Deut.
493 3359 606 3427 XXXII,
625 3363 668 3414 49.

342 3464 354 3516 1
375 3478 457 3516 nemo
475 3461 512 3516 sit
523 3463 550 3515 Ε
600 3463 710 3518 bonitas
726 3483 756 3518 aa
773 3464 980 3520 bonitatam?
995 3464 1021 3517 V
1069 3465 1086 3519 d
1105 3481 1139 3518 aa
1155 3481 1204 3518 om.
1223 3464 1300 3518 RPT
1317 3469 1365 3518 eat
1382 3477 1446 3518 aaa

296 3548 522 3603 ddamutationa
546 3549 571 3603 V
620 3551 755 3605 enatura
782 3570 813 3604 ex
838 3557 949 3606 matura
967 3549 1039 3605 m?
1061 3550 1086 3604 V
1136 3551 1186 3604 liat
1210 3551 1258 3603 ΥΡ
1307 3551 1445 3605 8damno

296 3651 441 3689 monemur
468 3635 534 3690 dnm
551 3655 608 3706 sup.
628 3639 673 3690 lin.
692 3655 710 3690 a
727 3655 760 3691 m.
780 3635 801 3690 2
824 3637 850 3692 V
898 3637 1001 3692 lidum
1025 3655 1120 3692 amora
1137 3665 1171 3675 —
1190 3637 1334 3691 efferimur
1352 3657 1403 3693 om.
1426 3638 1449 3691 V

300 3724 329 3776 ll
349 3721 472 3776 infirmes
489 3723 513 3776 V
564 3725 597 3778 12
615 3729 643 3777 at
661 3741 717 3794 sap.
736 3726 782 3778 lia
800 3725 935 3779 am.2V
987 3728 1020 3780 le
1037 3725 1134 3779 aaVP
1185 3727 1218 3778 15
1236 3725 1281 3778 uel
1299 3725 1446 3780 uoluntate

296 3835 330 3844 —
355 3823 500 3876 possumus
526 3828 597 3880 supr.
626 3813 686 3864 add.
713 3829 746 3865 m.
775 3809 796 3864 2
819 3811 844 3866 V
894 3814 928 3866 16
948 3811 1002 3866 hoa
1028 3829 1077 3865 om.
1104 3810 1129 3859 P
1164 3809 1449 3866 indemnatione?

297 3895 409 3948 obnoxii
428 3895 496 3947 l‘Ta
551 3899 582 3951 19
600 3914 650 3952 nos
667 3917 724 3968 ευρ.
743 3900 788 3951 lia.
809 3917 826 3952 a
844 3917 877 3954 m.
903 3899 924 3951 2
947 3899 972 3953 V
1020 3900 1053 3952 21
1073 3898 1226 3967 praedurus
1245 3915 1275 3951 ex
1292 3900 1446 3966 praeduro·

298 3999 330 4032 m.
358 3979 426 4033 2V
475 3983 509 4035 211
535 3983 601 4036 1)ουί
627 4001 676 4037 om.
710 3985 735 4038 V
783 3987 818 4038 23
846 4003 900 4053 qua
926 3985 1000 4040 bono
1027 4001 1087 4040 ease
1112 3985 1137 4039 V
1185 3985 1221 4039 24
1248 3984 1373 4042 uelimus
1399 3987 1447 4040 Pr

296 4067 332 4120 25
357 4083 505 4136 possumus
533 4069 582 4121 PT
642 4071 755 4139 utiquaa
784 4073 841 4126 iam
867 4073 957 4126 amieo
986 4089 1037 4126 suo
1073 4070 1107 4124 Υι
1168 4074 1204 4127 26
1229 4071 1339 4126 faraoni
1376 4072 1449 4128 VRP

297 4153 385 4294 2r7adin
408 4169 495 4222 aquae
519 4155 738 4212 aontradiotioni
757 4159 784 4211 R
809 4159 840 4212 in
863 4176 935 4227 aqna
952 4158 1174 4213 contradictione
1192 4159 1219 4212 P
1233 4159 1262 4213 in
1280 4161 1365 4229 aquia
1383 4177 1445 4215 oon·

296 4246 309 4293 t
361 4239 473 4294 lotionis
487 4241 524 4294 ·E.
