3075 4967
414 251 594 299 tractatus
614 248 647 298 in
666 248 838 314 psalmum
857 246 976 297 exunt.
1208 242 1271 306 823

171 438 219 501 16.
244 436 304 501 Sed
340 456 399 500 non
433 435 534 501 solum
569 436 624 499 lilii
657 436 750 501 alieni
786 443 859 501 sunt
892 435 1051 499 domiuum
1082 452 1171 499 snum
1208 456 1272 498 nou

125 542 311 621 recipiendo,
323 542 379 605 sed
395 541 488 604 etiam
507 541 548 616 id,
563 542 646 622 quod
662 540 816 624 sequitur:
841 560 1007 623 quorum
1029 560 1071 605 os
1094 539 1273 605 loentum

125 654 188 710 est
221 646 453 709 uanitatem.
501 644 619 708 nouitas
653 644 714 709 oris
737 653 768 709 et
791 644 997 709 confessionis
1031 644 1089 708 fuit
1120 643 1182 722 illa,
1213 664 1274 727 qua

125 750 243 813 dietum
267 755 327 813 est:
360 769 430 813 uos
463 768 537 811 non
569 747 764 813 habemus
787 768 934 832 regem,
958 749 1039 812 uisi
1064 746 1273 813 Caesarem.

125 873 234 936 negem
258 853 343 917 enim
365 851 479 926 saeouli,
503 853 534 916 id
553 860 600 917 est
615 852 759 917 uanitatis
775 852 906 934 populus
921 853 952 915 iu
970 872 1102 935 regnum
1119 863 1269 917 aternum
1313 874 1325 911 a

124 957 241 1023 electus
265 958 368 1039 elegit..
415 962 452 1020 et
476 958 645 1021 dextera
668 978 801 1021 eorum
826 961 994 1022 dextera
1021 958 1272 1041 iniquitatis,

122 1062 233 1144 iniqua
256 1063 379 1126 dextera
404 1068 458 1133 est,
482 1079 551 1125 oum
575 1061 686 1143 palmis
710 1062 807 1136 eadit,
832 1082 902 1126 oum
932 1062 1030 1145 uirgis
1062 1061 1166 1134 laniat,
1201 1084 1273 1127 oum

123 1165 243 1229 oalamo
277 1164 410 1241 conlidit,
448 1184 517 1229 enni
556 1184 700 1229 eoronam
738 1166 878 1245 spineam
912 1177 1043 1245 coaptat,
1078 1185 1149 1230 oum
1186 1175 1273 1231 elauo

125 1289 236 1333 suanus
259 1290 294 1333 ao
316 1272 412 1349 pedes
435 1268 512 1351 figit.
536 1288 606 1333 num
630 1268 671 1333 iel
694 1278 780 1334 aneto
804 1269 962 1344 admiscet,
991 1289 1061 1334 oum
1089 1270 1194 1333 omnia
1217 1270 1272 1333 ini-

124 1373 276 1455 quitatum
301 1393 393 1453 opera
416 1382 619 1437 consummat.
1297 1394 1320 1429 to

174 1477 222 1540 17.
245 1476 320 1541 Post
342 1497 411 1560 qum
434 1484 575 1556 potenter
598 1498 616 1539 a
639 1477 762 1541 domiuo
785 1485 874 1561 gesta
896 1483 988 1559 alque
1018 1478 1155 1558 pellecta
1192 1498 1273 1541 imno

125 1582 216 1646 nobis
250 1580 390 1664 gloriosa
426 1581 562 1645 uictoria
597 1582 655 1645 erit
685 1582 805 1646 eantioo
829 1582 1063 1647 concinendum.
1110 1582 1152 1645 ait
1175 1582 1272 1648 enim:

125 1686 233 1761 denis,
265 1686 499 1749 santionem
536 1705 676 1749 nouam
723 1687 896 1750 cantabo
941 1686 1032 1761 tibi,
1072 1685 1273 1764 psalterio

125 1788 383 1853 decachordo
406 1788 584 1869 psallam
609 1789 691 1854 tibi.
738 1796 768 1853 et
791 1791 873 1873 quod
903 1790 959 1854 hoo
983 1809 1093 1853 nonum
1118 1790 1271 1854 cauticum

125 1894 174 1967 sit,
199 1894 405 1957 contuendum
441 1901 495 1958 est.
543 1892 646 1975 plures
669 1896 771 1957 aulem
794 1913 908 1961 nouum
931 1894 1085 1958 eant-ioum
1111 1900 1272 1959 cantantes
1301 1912 1325 1949 1⁶

126 1996 238 2077 psalmi
261 1997 461 2076 reperiuntur.
508 1998 730 2080 nonagesimus
765 1998 846 2061 enim
871 2005 900 2062 et
922 1999 1046 2081 quintus
1069 1996 1207 2078 psalmus
1231 1999 1273 2061 ita

125 2102 237 2184 lsoepit:
279 2108 448 2165 oantate
488 2102 646 2165 domino
685 2102 886 2166 cauticum
925 2122 1074 2172 nouum.
1112 2110 1273 2167 cantate

128 2205 292 2269 donnino
330 2206 461 2269 omnia
499 2212 607 2269 terra
644 2212 673 2269 et
709 2225 849 2269 rursum:
887 2206 1129 2270 adnuntiate
1166 2206 1274 2270 int-ei·

95 2309 578 2393 'genlesgloriameins
596 2310 633 2373 in
654 2310 758 2373 omui
783 2309 930 2393 populo
954 2310 1164 2373 mirabilia
1187 2312 1273 2374 eins

126 2430 156 2478 et
188 2433 325 2477 rursum:
360 2421 663 2477 noinmoueatur
686 2436 702 2477 a
727 2414 836 2479 faeie
870 2414 956 2479 eius
991 2415 1119 2478 omnis
1154 2422 1271 2494 terra,
1301 2432 1325 2467 ²⁰

127 2518 255 2581 dieite
279 2518 317 2581 in
342 2517 599 2587 nationibus:
617 2518 1020 2601 dominusregnabit.
1046 2518 1273 2583 hoeoauticnm

125 2642 250 2699 nouum,
284 2623 367 2705 quod
400 2622 500 2686 omnis
534 2632 613 2686 terra
647 2629 757 2699 cantat,
781 2623 863 2705 qnod
886 2624 949 2687 iam
971 2643 1033 2686 non
1057 2623 1137 2688 intra
1161 2622 1273 2687 Iudaeae

126 2728 221 2790 libros
245 2734 337 2809 atque
357 2726 438 2801 ¹fines
463 2726 597 2808 cognitio
628 2727 701 2803 eius,
732 2724 785 2809 qui
815 2728 919 2790 omnia
941 2727 1065 2802 creauit,
1101 2746 1169 2792 esse
1192 2728 1271 2793 eele-

126 2832 250 2908 b1·atnr;
274 2830 429 2913 quodiam
443 2830 522 2895 iuter
534 2840 642 2913 gentes
655 2830 754 2913 gloria
770 2832 817 2895 dei
832 2831 995 2897 inuisibilis
1007 2832 1174 2907 nuntiatum
1188 2835 1271 2915 qnod

59 2995 60 2998 ,
127 2954 236 2999 omnes
266 2934 373 3017 patriae
405 2935 543 3017 gentium
579 2934 788 2999 laudationem
813 2935 935 3001 honoris
959 2936 1053 3000 debili
1078 2937 1272 3013 confitentur,
1300 2950 1324 2988 2⁶

127 3039 211 3121 quod
245 3038 276 3101 in
311 3039 487 3103 nationibus
520 3040 597 3103 dens
620 3044 806 3122 regnaturus
840 3041 1020 3104 ostenditur.
1066 3060 1178 3104 nouum
1214 3040 1273 3106 hoo

127 3145 208 3207 inter
231 3148 274 3206 tot
295 3162 414 3207 errores
438 3141 542 3207 saeouli
558 3143 710 3207 nauticum
722 3150 769 3207 est
785 3152 815 3207 et·
831 3144 1003 3208 errantibus
1020 3152 1112 3209 autea
1127 3146 1272 3227 gentibus

127 3246 304 3326 inopinatus
327 3245 377 3309 hie
400 3245 534 3329 hymnus
558 3252 612 3319 ast
647 3267 703 3329 per
737 3266 830 3329 quem
860 3249 938 3311 deus
969 3248 1143 3323 inuisibilis,
1174 3249 1273 3311 luem·-

128 3370 247 3430 poreus,
278 3357 410 3415 aternus
442 3358 472 3414 et
506 3350 576 3415 iusti
600 3350 701 3413 iudinii
726 3350 818 3415 iudex
841 3358 872 3415 et
894 3352 993 3415 beatae
1016 3352 1196 3415 aternitatis
1219 3373 1272 3415 rex

128 3474 197 3518 esse
221 3460 369 3518 cantatur.
1299 3470 1324 3504 ³0

171 3592 263 3646 410h.
283 3594 354 3661 xix,
376 3596 415 3647 15.
454 3596 485 3646 n
504 3593 546 3645 Po.
567 3593 647 3661 xcv,
668 3597 690 3647 1.
729 3596 760 3647 ia
781 3593 823 3645 a.
842 3594 889 3660 iu,
909 3596 948 3647 12.
985 3596 1020 3647 ao
1037 3594 1079 3646 ea.
1098 3594 1179 3660 anv,
1198 3598 1222 3647 a

171 3689 358 3800 asequilrd
410 3735 428 3784 4
451 3738 493 3785 est
516 3750 564 3785 om.
590 3732 628 3785 Ga
681 3736 697 3786 6
721 3690 806 3786 eleale
834 3732 859 3784 G
912 3735 927 3785 7
952 3735 1113 3785 uerbosum
1132 3733 1219 3801 uirgis
1238 3762 1272 3770 -

128 3820 245 3873 nonlidit
264 3837 312 3873 om.
333 3819 358 3871 G
375 3818 408 3881 cf.
429 3820 509 3872 sicud.
525 3838 553 3888 p.
572 3818 659 3887 39⁸1).
713 3819 877 3872 saumisoit
895 3820 921 3872 R
979 3818 1157 3887 iniquit-atum
1178 3822 1202 3873 R
1221 3822 1272 3874 ini·

128 3907 245 3975 quilatis
273 3907 301 3958 E
355 3908 385 3960 tu
412 3908 568 3959 cantionem
595 3923 695 3959 nouam
723 3907 749 3959 R
775 3909 808 3968 ef.
837 3908 956 3959 Subotier
983 3907 1021 3973 II,
1050 3906 1105 3959 278
1132 3908 1272 3960 nauticum

128 4010 232 4046 nonum
256 3994 284 4045 E
335 3994 412 4045 uerbo
431 3992 563 4061 psalterio
589 4021 621 4029 -
645 3993 706 4061 tibi,
725 4011 833 4062 qnorum
850 3996 959 4063 uestiqiu
977 3996 1004 4046 in
1025 3994 1050 4044 G
1068 4003 1161 4058 cuturn,
1180 4014 1228 4047 orn.
1248 3998 1272 4047 R

130 4136 162 4186 16
190 4132 387 4200 repperiuntur
417 4132 468 4184 GR
539 4132 612 4185 enim
639 4134 676 4183 llis
702 4152 751 4185 scr.
777 4135 801 4181 (ι’
872 4134 905 4186 19
923 4090 962 4186 eiua
984 4134 1009 4181 (ι’
1075 4128 1113 4186 ’22
1130 4133 1228 4186 indeae
1246 4135 1272 4185 R

128 4222 163 4273 23
175 4220 261 4271 libros
274 4220 325 4270 GR
334 4218 432 4272 limbos
444 4220 471 4269 J
521 4220 555 4272 24
568 4218 641 4286 qnod
654 4219 709 4271 iam
722 4236 778 4271 nou
789 4220 814 4271 R
866 4222 900 4273 25
913 4236 1007 4272 omnes
1020 4236 1049 4272 ea
1063 4220 1152 4272 omnis
1167 4240 1199 4271 m.
1212 4220 1228 4272 1
1238 4220 1270 4274 R.
