3075 4967
370 294 552 343 tractatus
576 289 613 342 in
636 289 809 357 psalmum
834 288 928 341 LXIV.
1157 287 1220 353 245

95 485 192 549 cotidie
212 482 381 548 eaelestium
406 482 554 551 bonorutn
577 499 689 544 munus
709 478 867 544 haurimus
891 477 973 562 pleni
990 477 1102 544 diuinis
1125 479 1220 560 eopiis

95 595 174 670 etque
194 587 279 652 ebrii,
325 584 520 665 locupletatio
543 584 625 648 enirn
642 592 765 648 ostensa
782 589 829 647 est
845 601 912 647 esse
928 601 972 653 ea.
996 584 1220 665 quiasuperius

94 691 307 772 nuncupabatur
328 689 471 754 ebrietas.

130 795 175 858 rt.
197 794 237 858 Et
258 793 504 875 locupletationis
525 797 617 875 atque
641 791 797 856 ebrietatis
821 790 910 855 huius
934 789 1049 856 fruetus
1080 799 1126 856 est
1148 811 1220 855 oon·

93 901 216 964 tuendus.
259 909 290 962 et
320 899 374 981 qui
407 896 458 962 hie
489 896 612 961 tandem
637 895 685 971 sit,
717 914 778 958 non
809 902 941 960 tacetur:
974 894 1123 960 flumen
1155 895 1218 960 dei
1259 923 1273 960 e

93 1002 276 1084 repletum
301 1009 364 1067 est
385 1021 497 1084 aqua,
522 999 823 1082 parastieibum
841 998 1014 1073 illorum,
1032 1000 1218 1083 quonium

93 1107 141 1171 ita
167 1113 226 1172 est
254 1105 502 1188 praeparatio
534 1110 608 1168 tua.
653 1104 745 1169 etde
769 1103 895 1168 flumine
925 1103 1105 1186 ambigendi
1134 1103 1219 1168 loeus

93 1210 179 1276 nuilus
208 1220 262 1277 est.
308 1213 351 1276 ait
381 1212 463 1275 eninr
497 1207 665 1290 prophete:
695 1207 883 1272 fluminis
914 1209 1090 1288 impetus
1121 1207 1219 1272 loeti·

94 1317 179 1380 iieot
206 1317 423 1380 ciuitatem
454 1314 527 1378 dei.
573 1320 603 1377 et
631 1313 699 1392 ipse
730 1313 875 1377 domiuus
905 1313 938 1376 iu
966 1311 1136 1396 euangeliis
1159 1312 1217 1376 ait:

93 1421 149 1500 qui
170 1420 327 1486 biberit
349 1439 395 1484 er
417 1437 527 1502 aqua,
550 1437 664 1500 quam
688 1436 764 1498 ego
789 1418 945 1492 dedero,
978 1415 1149 1480 fiumina
1172 1416 1217 1480 de
1246 1441 1270 1478 ro

92 1531 219 1588 uentre
248 1524 337 1590 eius
367 1523 639 1606 fluentaque.
669 1523 768 1586 uiuae
799 1520 993 1586 salientis
1025 1522 1061 1585 iu
1094 1520 1215 1585 uitam

92 1635 274 1692 aternam.
322 1634 354 1692 et
385 1629 510 1692 iteruin:
549 1627 615 1710 qui
655 1625 888 1691 crediderit
924 1625 962 1689 iu
1001 1645 1067 1700 me,
1110 1627 1216 1689 sieut

91 1733 365 1812 scriptumest,
391 1730 562 1795 flumine
592 1731 638 1794 de
669 1736 812 1795 uentre
841 1731 928 1794 eius
952 1731 1097 1796 exient.
1144 1728 1216 1793 hoo

91 1845 206 1898 autern
228 1835 396 1918 dicebat
426 1837 473 1900 de
500 1835 651 1916 spiritu
675 1843 824 1910 saneto,
857 1853 972 1916 quem
1003 1835 1215 1914 accepturi

90 1946 192 2003 eraut
227 1941 444 2005 eredentes
483 1940 520 2004 in
559 1959 651 2003 eum.
697 1937 757 2002 hoo
787 1957 863 2022 ergo
901 1938 1015 2003 flurnen
1053 1937 1102 2002 dei
1133 1956 1213 2020 aqua
1243 1961 1265 1996 ro

90 2043 218 2122 repletur.
265 2044 392 2125 spiritus
415 2044 499 2108 enim
522 2044 621 2108 saneti
644 2041 825 2107 muneribus
847 2042 1042 2120 inundamur,
1066 2041 1142 2106 etin
1159 2061 1215 2106 uos

90 2166 120 2209 er
138 2145 186 2210 illo
206 2149 277 2211 uita
301 2147 387 2212 sonte
421 2146 530 2211 fluuius
555 2147 603 2211 dei
627 2165 707 2229 aqua
731 2143 870 2225 repletus
893 2145 1072 2210 infunditur.
1119 2143 1214 2211 ,habe-

89 2269 148 2314 nus
177 2252 268 2316 etiarn
303 2257 335 2317 et
369 2251 472 2316 eibum
506 2257 655 2330 paratum.
701 2251 826 2333 etquis
857 2250 908 2315 hie
939 2250 1025 2316 oibus
1049 2249 1119 2314 est?
1163 2249 1214 2314 ille

6 2362 7 2441 ᾗ
89 2354 199 2430 sedicet
214 2356 245 2419 in
261 2376 323 2439 quo
339 2356 379 2418 ad
395 2355 445 2419 dei
461 2355 648 2420 consortium
665 2373 875 2434 praeparamur
891 2375 947 2434 per
964 2354 1213 2419 communionem

6 2485 7 2488 ¹
90 2459 174 2523 saneti
195 2459 331 2540 eorporis
354 2459 386 2523 iu
409 2458 625 2524 commuuione
656 2458 804 2538 deinceps
827 2459 925 2523 saneti
949 2459 1084 2539 corporis
1108 2456 1212 2524 eonio·
1240 2475 1265 2515 uo

6 2560 7 2593 ³
89 2564 175 2626 teudi.
216 2564 247 2629 id
271 2563 355 2628 enirn
380 2582 518 2644 praeseue
541 2561 678 2642 psalmus
713 2561 869 2646 signifieat
899 2562 1021 2628 dicens:
1056 2563 1213 2642 parasti

89 2666 205 2731 eibum
237 2667 411 2741 illorum,
446 2667 633 2750 quoniam
668 2667 726 2730 ita
760 2673 822 2732 est
854 2667 1098 2747 praeparatio
1133 2672 1213 2735 tua:

89 2770 149 2851 qnia
169 2772 234 2836 oibo
256 2771 308 2836 illo
331 2771 474 2854 quamuis
489 2771 520 2834 in
537 2789 675 2851 praesens
698 2768 862 2846 solemur,
888 2777 992 2834 tannen
1008 2771 1038 2834 in
1057 2779 1212 2851 posterum

6 2914 7 2945 p
88 2892 289 2952 preparemur.

122 2977 168 3041 15.
190 2979 299 3044 Sennat
322 2984 426 3044 autem
450 2979 705 3044 cousuetudinem
730 2999 817 3044 suam
835 2976 996 3060 propheta,
1014 2985 1047 3044 ut
1062 2985 1211 3060 tempora.
1239 2996 1264 3034 ²⁶

6 3078 7 3087 ’
89 3079 243 3163 dequibus
266 3083 409 3167 loquitur,
439 3082 617 3167 distinguat
662 3083 803 3163 superior
833 3102 968 3165 nemque
999 3102 1102 3148 sermo
1133 3089 1211 3147 tum·

6 3268 7 3273 ¹
88 3203 166 3266 quarn
198 3187 235 3251 de
267 3185 427 3267 praeterito
456 3187 528 3263 tutte
565 3205 634 3270 quae
668 3193 771 3253 autem
807 3185 908 3252 adhue
942 3187 1081 3270 gerendo
1115 3193 1210 3254 eraut.

6 3350 7 3385 3
89 3291 291 3368 gerendorum
312 3289 376 3355 fide
399 3295 431 3356 et
454 3290 582 3368 seientia
613 3297 772 3373 tamquam
803 3291 865 3354 ianr
896 3297 986 3374 gesto
1017 3291 1210 3356 memorauit.

88 3401 229 3458 utentem
253 3415 289 3460 ea
311 3393 416 3458 omnio
440 3394 531 3458 futuri
564 3395 712 3474 temporis
744 3397 871 3460 doceret
901 3415 980 3472 esse,
1012 3395 1069 3459 ait:
1100 3394 1210 3459 riuos

121 3549 192 3604 ans.
209 3551 289 3616 run,
308 3552 334 3604 o.
372 3553 405 3604 ro
423 3549 478 3604 loh.
497 3551 543 3617 nn,
564 3554 596 3605 re
614 3568 654 3619 sq.
691 3554 724 3605 ra
742 3550 798 3604 roe.
818 3551 877 3618 vn,
896 3555 930 3607 ee
949 3569 988 3618 sq.

124 3669 278 3779 thaurimus
295 3742 362 3778 corr.
381 3743 413 3776 m.
437 3725 495 3792 113
510 3724 632 3778 aurimus
645 3725 670 3777 R
723 3726 894 3806 aaebrietos
913 3726 939 3778 P
989 3725 1053 3780 sin
1072 3741 1209 3794 euuange-

6 3798 7 3873 ζ
88 3823 213 3890 liisRfiu
231 3827 427 3898 euangelioV)
483 3831 516 3881 10
534 3845 569 3882 ex
588 3828 721 3895 (riorus.
733 3829 803 3895 ΟΒ
857 3829 1051 3884 &Ruminali
1107 3831 1138 3884 18
1156 3828 1209 3883 hoo

6 3930 7 3981 ζ
87 3927 141 3979 ergo
169 3915 246 3984 Vcs.
274 3917 382 3985 Epdem.
408 3915 495 3968 Auno.
519 3915 594 3969 1889
618 3935 645 3986 p.
672 3914 729 3970 984
784 3919 817 3970 18
844 3916 888 3969 hic
915 3915 1023 3982 (V)PE
1046 3915 1091 3970 hic
1117 3915 1164 3969 ille
1183 3916 1208 3968 R

6 4018 7 4067 ς
89 3999 114 4050 tt
128 4016 143 4050 a
157 4017 233 4068 quoe
284 4020 335 4070 per
353 4001 573 4056 communionem
592 4001 650 4068 (em
669 4021 699 4056 ea
716 4021 782 4056 corr.
799 4003 826 4070 I)
841 4005 867 4057 R
919 4005 1022 4074 20post
1035 4003 1208 4056 sauotiii-t‘

6 4080 7 4089 ’
88 4084 123 4136 tto.
138 4105 198 4139 eros.
216 4089 241 4141 R
292 4089 323 4141 iu
347 4089 539 4142 commuuione
558 4089 585 4141 Ρ
634 4091 669 4143 28
693 4090 884 4144 saluzemur
909 4091 937 4156 (e
962 4108 992 4144 aa
1015 4107 1032 4143 a
1056 4101 1084 4142 ut
1108 4092 1208 4144 uidetur

88 4171 154 4238 corr.)
170 4175 195 4227 R
210 4175 379 4228 saluemure
431 4177 465 4228 25
484 4175 683 4244 epphaau-zt
702 4175 782 4239 (eras.
802 4176 824 4242 i)
845 4177 1013 4246 temporaR
1065 4179 1099 4230 26
1118 4175 1208 4245 nique

88 4263 311 4325 ocpr.ocr.m.11t
363 4264 397 4314 27
415 4262 505 4316 adhuc
522 4281 593 4332 supr.
610 4281 658 4318 sur.
671 4282 704 4317 m.
717 4263 736 4315 3
749 4265 775 4317 R
830 4272 906 4317 erant
925 4281 997 4334 supr.
1016 4282 1064 4317 scr.
1084 4282 1116 4317 m.
1135 4263 1155 4317 3
1173 4265 1206 4318 R.
