3075 4967
392 291 572 340 tractatus
592 287 626 339 18
649 287 822 356 psalmum
842 287 921 341 CXL.
1161 286 1223 353 793

87 476 289 542 inexcusabile
320 483 368 542 est
397 515 437 523 -
469 478 525 542 sed
559 484 592 541 nt
625 477 837 542 excusationes
871 495 1062 542 excusemus,
1106 477 1223 542 crimen

86 581 163 646 enim
186 581 281 646 caedis
310 587 402 664 atque
425 580 565 646 adulterii
590 587 620 644 et
643 580 749 645 181188
783 587 957 646 ceterorum
992 601 1047 662 per
1081 587 1222 646 naturam

85 691 170 768 atque
193 685 412 769 indignitatem
436 683 509 750 sacti
532 684 740 750 inexcusabile
774 692 828 750 est.
873 687 930 750 sed
961 687 1014 769 qui
1044 685 1075 749 in
1099 705 1135 750 eo
1166 687 1225 750 erit

85 787 302 871 deprehensus
318 809 380 854 non
395 789 490 854 dicet:
515 787 702 854 adulterium
717 794 769 854 881
785 790 887 856 caedes
901 810 963 854 non
978 789 1075 856 habet
1097 791 1224 866 crimen,

84 895 135 958 scd
157 893 256 959 dicet:
286 893 397 958 mulier
427 894 598 974 inportuna
629 893 833 969 incontinens,
863 893 1070 960 adblandiens
1099 893 1264 976 1181181111

84 998 163 1062 8118
186 996 373 1078 uoluptatem
397 997 507 1082 coegit.
551 996 601 1062 uel
632 996 709 1062 alius
740 995 792 1062 ille
815 998 911 1063 dicet:
945 999 1095 1063 conuiciis
1129 997 1225 1063 mouit

83 1101 165 1178 iram,
190 1101 310 1166 iniuriis
333 1101 463 1166 armauit
493 1099 640 1178 dolorem,
672 1119 762 1166 casus
792 1100 854 1165 litis
877 1101 994 1166 caedem
1017 1102 1147 1186 peregit.
1192 1103 1225 1165 in

82 1203 145 1270 haec
168 1205 266 1270 uerba
288 1224 341 1270 cor
370 1223 447 1280 sese,
479 1215 644 1288 postquam
672 1205 710 1269 ab
735 1225 772 1268 eo
794 1210 957 1286 peccatum
990 1211 1046 1283 est,
1080 1204 1224 1280 declinat,

81 1317 112 1372 81
126 1310 337 1374 excusationes
352 1310 479 1390 peccati,
497 1310 578 1392 quod
594 1309 730 1385 admisit,
749 1317 883 1375 excuset.
919 1315 1089 1375 cornutam
1105 1314 1224 1374 rectum

82 1418 170 1496 etque
195 1433 305 1493 purum
329 1413 361 1476 in
384 1413 479 1478 uerba
502 1413 733 1478 excusationum
763 1434 825 1478 nou
856 1413 1000 1491 declinat,
1030 1415 1086 1478 sed
1117 1421 1225 1479 manet
1252 1441 1276 1476 11

82 1517 261 1582 1881818188
284 1523 376 1600 atque
400 1528 544 1582 constans
568 1517 634 1582 sine
658 1517 864 1584 sollicitudine
882 1518 1045 1583 nerbornm
1069 1519 1108 1582 ad
1132 1538 1224 1583 excu-

82 1624 192 1687 sandas
217 1621 429 1687 excusationes
454 1621 700 1704 quaerendorum,
723 1641 795 1686 cum
818 1623 891 1688 uitae
912 1622 1088 1686 innocentia
1105 1622 1224 1706 peccati

83 1725 276 1791 excusatione
305 1745 367 1790 non
399 1731 498 1808 egeat.
543 1731 574 1790 et
606 1724 673 1791 haec
697 1726 824 1810 quidem
846 1727 877 1789 in
901 1725 1109 1806 corporalibus
1131 1727 1225 1791 rebus

82 1829 120 1892 ite
142 1836 223 1894 sunt.
267 1831 299 1894 in
331 1829 381 1894 1118
408 1849 489 1906 uero,
520 1849 589 1913 quse
620 1829 769 1910 spiritalia
799 1830 1022 1907 existimantur,
1052 1830 1085 1895 id
1115 1837 1163 1895 est
1191 1831 1223 1894 in

82 1932 233 2000 hereseos
256 1935 406 2010 doctrina,
428 1933 609 1999 incredibile
639 1941 687 2000 est
715 1954 776 2017 qno
811 1934 912 2000 cordis
934 1934 1047 2012 labore,
1071 1954 1132 2018 qua
1154 1954 1223 2000 uer·
1252 1965 1276 2000 18

83 2037 187 2102 borum
223 2037 427 2121 exquisitione
462 2038 675 2103 excusationes
708 2057 780 2103 suas
814 2037 954 2104 haretici
988 2045 1145 2104 excusent.
1191 2039 1223 2103 in

82 2161 146 2224 quac
169 2143 275 2208 88818
297 2162 337 2207 88
359 2141 531 2208 declinetur
564 2162 617 2208 cor
651 2162 748 2220 suum,
784 2143 881 2208 iustus
916 2143 1060 2223 exposcit,
1098 2163 1138 2208 ne
1168 2163 1224 2224 per

82 2243 158 2310 11888
182 2245 328 2312 declinati
352 2246 452 2311 cordis
475 2247 514 2310 ed
538 2247 729 2312 excusandas
763 2247 976 2312 excusationes
1005 2247 1224 2312 necessitatem

82 2369 147 2414 curn
170 2348 278 2415 electis
302 2370 410 2416 eornm
433 2350 623 2416 combinetur.

122 2454 223 2520 881
257 2475 332 2519 non
367 2454 605 2532 combinabo,
640 2454 748 2538 inquit,
782 2473 866 2519 cum
900 2454 1045 2520 electis
1076 2475 1221 2520 eorum.
1250 2483 1275 2522 18

81 2559 237 2624 conbinari
262 2578 331 2624 curn
357 2559 462 2624 electis
485 2559 658 2643 iniquorum
693 2578 754 2622 non
785 2557 851 2622 nnlt
878 2557 1037 2639 propheta.
1081 2560 1225 2624 meminit

81 2662 159 2726 enim
184 2683 346 2728 nnmerum
371 2662 454 2727 bunc
477 2664 570 2728 rebus
592 2663 750 2728 inmundis
774 2663 963 2743 deputatum,
993 2682 1062 2727 cum
1092 2664 1132 2727 ad
1155 2663 1224 2728 Noe

82 2766 118 2830 de
140 2767 346 2832 recondendis
369 2767 400 2832 18
429 2787 501 2832 8188
531 2766 716 2832 animalibus
746 2766 939 2832 constituitur
969 2774 1174 2848 preceptum:
1204 2789 1224 2832 a

80 2871 299 2948 pecoribus
330 2877 463 2937 88188
498 2871 658 2937 mundis
692 2871 862 2936 induces
885 2873 932 2936 ad
956 2877 1162 2952 teseptem
1185 2877 1225 2937 et

81 2982 235 3055 septem
258 2985 295 3040 81
319 2975 578 3056 apecoribns
609 2975 817 3040 inmundis
848 2975 941 3039 bina
968 2983 1006 3041 et
1027 2976 1130 3041 bina
1177 2985 1225 3042 est
1251 3002 1276 3040 11

81 3089 110 3142 81
131 3079 232 3144 maius
255 3079 357 3145 8111188
381 3089 410 3144 81
434 3078 602 3144 absolutius
625 3077 739 3145 inutilis
770 3077 861 3144 huius
890 3081 1009 3143 numeri
1040 3079 1223 3153 exemplum

82 3182 221 3249 dominns
244 3185 328 3249 enim
341 3190 447 3249 noster
462 3182 550 3248 Iesus
564 3182 703 3248 Christus
718 3203 828 3247 omnes
843 3183 1044 3248 inmunditias
1060 3192 1180 3248 nostras
1193 3192 1224 3249 et

81 3295 204 3366 peccato
216 3288 359 3354 auferens
379 3287 395 3352 f
400 3289 480 3354 8811
496 3289 667 3353 secundum
680 3286 850 3368 apostolum
865 3294 997 3352 81188
1008 3307 1082 3370 que
1097 3307 1223 3364 unum,

81 3399 110 3456 81
131 3393 301 3458 secundum
325 3393 467 3468 eundem,
498 3399 531 3456 ut
554 3393 628 3456 duos
652 3392 800 3474 conderet
821 3391 853 3456 18
877 3411 911 3455 se
934 3392 965 3455 in
988 3410 1084 3456 unum
1107 3411 1222 3456 nouum

120 3551 155 3601 23
173 3547 240 3603 Gen.
259 3547 318 3616 VII,
336 3551 361 3602 2.
396 3551 431 3602 28
450 3547 550 3616 Ephcs.
568 3549 603 3614 ΙΙ,
623 3551 663 3602 14.
699 3547 820 3602 29111111.
841 3549 880 3602 16.

120 3690 184 3740 281
213 3687 312 3741 talium
342 3703 393 3755 per
421 3692 550 3740 8818188
580 3691 736 3740 ceterorum
765 3687 792 3738 11
856 3688 872 3737 4
897 3685 1085 3753 deprehensus
1116 3688 1170 3739 erit
1197 3687 1226 3739 E

80 3774 169 3826 caedis
190 3793 219 3826 cc
237 3774 334 3828 caedes
353 3791 385 3826 m.
404 3775 424 3826 3
442 3775 468 3826 11
520 3775 537 3826 9
556 3781 587 3827 81
603 3773 793 3826 excusationes
803 3772 900 3825 Bened.
916 3774 943 3824 18
955 3773 1058 3835 crimes.
1068 3791 1140 3844 supr.
1150 3774 1223 3826 lim]

79 3871 101 3913 et
119 3863 183 3930 infr.
203 3863 246 3915 1111.
269 3863 302 3915 ld
320 3866 352 3914 ut
370 3860 547 3914 excusatione
568 3860 593 3913 R
611 3864 642 3913 nt
660 3860 920 3927 perexcusationes
938 3860 967 3911 E
1018 3875 1048 3914 se
1065 3865 1180 3914 excuset
1198 3861 1226 3912 E

82 3950 112 4000 10
129 3965 231 4016 purum
249 3949 278 4002 111
297 3966 346 4002 881
364 3946 383 4014 (i
390 3946 413 4007 11
426 3947 451 3999 G
469 3964 570 4015 purum
589 3947 617 3999 in
636 3946 705 4000 haec
717 3947 804 3999 uerba
813 3947 868 3999 RE
920 3950 950 4001 ll
971 3947 1183 4001 constantissi„
1198 3948 1224 3999 G

80 4037 123 4093 (88
142 4035 396 4089 constantissimum
424 4032 514 4100 81881)
569 4033 647 4087 1418
672 4033 800 4086 hereseos
819 4034 845 4085 11
899 4036 931 4088 16
949 4034 1135 4101 exquisitione
1152 4053 1223 4103 supr.

79 4139 124 4176 scr.
145 4140 178 4174 m.
198 4121 214 4173 1
233 4122 258 4175 R
311 4120 428 4176 heretici
446 4121 472 4173 R
524 4123 559 4175 20
578 4120 756 4174 combinabor
775 4121 826 4172 Ed.
845 4120 909 4173 Bes.
925 4120 999 4173 1550
1018 4121 1137 4174 etPcris.
1150 4120 1223 4174 1172

79 4261 111 4314 211
128 4260 158 4313 18
176 4259 317 4314 1118118118
371 4262 405 4312 24
424 4211 609 4327 vll-Septen
656 4261 690 4312 26
703 4215 834 4312 iletiliert
877 4248 1178 4328 28etpeccatanoslra
1188 4261 1225 4313 E.
