3075 4967
285 276 348 341 446
592 261 596 268 Ι
627 278 744 331 sancti
768 276 904 331 Hilarii
931 276 1094 346 episcopi

284 468 523 533 insectationum
538 467 617 545 odia,
641 486 749 533 omues
767 466 1013 549 persecutionum
1029 466 1244 531 infestationes
1259 486 1298 531 er
1319 465 1423 530 iudicio

285 573 317 637 in
334 570 433 637 sedai
455 571 572 650 adesse,
595 580 629 637 ut
651 591 708 652 per
731 571 798 636 hmo
822 570 1001 651 probabilis,
1024 582 1059 634 ut
1082 590 1138 651 per
1159 569 1228 635 haec
1250 570 1424 635 emendatus

287 684 317 743 ct
339 683 501 762 tamqnam
524 696 580 758 per
602 676 708 761 ignem
732 676 925 741 examinatus
948 683 1042 760 atque
1065 681 1215 760 purgatus
1238 675 1287 740 sit.

332 780 383 844 12.
408 779 481 845 Plus
505 788 678 845 astantem
702 778 806 845 nescio
830 779 903 862 quid
937 778 968 844 in
999 779 1175 864 cognitione
1198 798 1293 863 quarn
1314 777 1346 842 in
1368 777 1426 842 fide

248 911 261 949 a
287 885 405 965 operis:
440 892 470 949 et
500 884 613 949 idcirco
646 883 697 949 hic
726 902 787 947 nou
818 883 958 949 credidit.
989 886 1045 949 sed
1067 884 1225 968 cognouit,
1258 882 1331 965 quis
1352 882 1427 947 tides

287 986 384 1055 habet
406 988 603 1055 oboedientiae
627 987 780 1065 meritum,
804 1006 865 1052 non
889 986 1109 1053 hebetantem
1132 987 1266 1071 cognitae
1293 986 1428 1052 ueritatis

287 1092 443 1158 fiduciam.
488 1092 628 1157 distinxit
651 1091 806 1175 apostolus
823 1091 990 1172 plurimum
1006 1092 1087 1156 inter
1101 1091 1309 1175 cognitionem
1324 1090 1429 1155 fidem·

288 1216 349 1281 que
373 1194 506 1272 differre,
543 1197 805 1276 posterioreeam
828 1195 895 1261 loco
917 1196 998 1261 inter
1019 1195 1191 1280 gratiarum
1214 1196 1295 1261 dona
1317 1214 1429 1260 connu-

174 1363 178 1370 ,
289 1320 419 1366 memus.
465 1301 597 1381 primum
621 1300 704 1366 enim
728 1300 921 1381 sapientiam,
943 1300 1085 1385 sequenti
1101 1300 1322 1383 cognitionem,
1346 1300 1430 1363 tertio

237 1428 262 1466 10
288 1404 383 1471 fidem
407 1406 595 1485 praedicauit,
627 1405 700 1487 quia
723 1405 775 1489 qui
799 1405 907 1483 eredit,
930 1409 1032 1485 potest
1053 1404 1207 1488 ignorare,
1230 1422 1301 1469 cum
1321 1403 1431 1474 credita

289 1510 343 1594 qui
366 1516 469 1574 sutem
492 1510 555 1575 iam
580 1510 733 1594 cognouit,
762 1530 824 1574 non
848 1515 951 1590 potest
972 1507 1013 1586 id,
1036 1510 1120 1593 quod
1143 1509 1297 1593 cognonit,
1321 1508 1432 1589 adepta

289 1613 468 1698 cognitione
493 1634 554 1678 non
576 1616 713 1679 credere.

336 1716 384 1782 13.
413 1716 495 1802 Ergo
519 1717 752 1802 ambiguitatem
775 1716 827 1783 hio
851 1737 912 1783 non
927 1718 1063 1783 admittit
1077 1716 1237 1799 propheta,
1261 1716 1338 1801 quin
1362 1716 1434 1782 suist

288 1822 369 1887 iusta
393 1822 443 1887 dei
467 1841 536 1887 esse
558 1822 679 1899 iudicia,
709 1821 741 1885 id
764 1834 812 1887 est
835 1821 1059 1887 humiliationis
1088 1838 1152 1886 suae
1174 1832 1206 1886 ot
1227 1819 1434 1886 tribulationis

239 1946 264 1985 a
291 1933 328 1993 et
344 1931 541 2007 contemptus
564 1932 595 1991 et
617 1926 736 1990 iniuriae
760 1931 791 1991 et
814 1925 938 1991 doloris.
983 1925 1027 1990 ita
1049 1926 1133 1991 enim
1163 1924 1220 1990 ait:
1251 1925 1435 2009 cognoai,

291 2031 462 2106 domine,
497 2032 592 2114 quia
625 2030 799 2115 aequitas
834 2029 992 2095 iudicia
1026 2037 1100 2104 tua,
1131 2038 1168 2095 et
1197 2049 1294 2095 uere
1317 2029 1435 2094 humi·

291 2134 407 2200 liasti
442 2154 508 2199 me.
553 2153 615 2199 non
650 2134 716 2199 sine
751 2153 845 2199 eausa
879 2154 914 2199 se
949 2133 1067 2200 scilieet
1095 2153 1166 2199 esse
1190 2133 1436 2199 tribulationibus

292 2238 459 2315 subditum,
494 2257 556 2301 non
591 2238 659 2303 sine
693 2256 786 2303 eausa
819 2238 1015 2318 passionibus
1048 2239 1242 2319 permissum,
1278 2256 1341 2302 aon
1372 2238 1435 2303 sine

292 2362 386 2408 causa
416 2362 471 2423 per
501 2342 627 2407 iniamus
658 2340 862 2419 humiliatum,
898 2344 953 2407 sed
988 2345 1029 2407 ad
1060 2341 1265 2408 humanorum
1295 2343 1437 2407 uitiorum

240 2464 265 2503 Μ
292 2446 445 2527 expianda
468 2453 596 2527 peecata
619 2466 656 2511 ex
678 2446 767 2510 iustis
791 2465 825 2511 se
849 2466 885 2511 sc
907 2445 991 2511 ueris
1013 2446 1063 2511 dei
1085 2445 1208 2511 iudiciis
1235 2444 1437 2510 humiliationi

292 2569 362 2617 esse
385 2550 567 2616 subiectum.

337 2652 387 2717 14.
412 2654 475 2719 Sed
498 2654 571 2738 quis
593 2654 624 2718 in
655 2653 705 2718 his
735 2653 933 2735 passionibus
964 2673 1001 2718 es
1031 2654 1176 2737 aequitate
1205 2653 1304 2719 diuini
1335 2652 1438 2718 iudicii

292 2752 440 2836 uersatur,
473 2757 714 2823 exhortationem
745 2759 945 2839 praesontium
974 2757 1221 2824 humiliationum
1252 2778 1290 2823 er
1319 2758 1439 2823 miseri·

292 2862 399 2928 cordia
415 2862 464 2927 dei
483 2864 675 2941 deprecatur,
692 2862 762 2945 quia
779 2861 914 2927 humana
929 2861 1094 2927 infirmitas
1112 2863 1201 2943 inpar
1215 2862 1255 2927 sit
1271 2861 1440 2927 tolerantiae

241 2982 267 3021 ιι
292 2966 487 3048 passionum:
512 2964 591 3030 liat
614 2966 906 3031 misericordis
935 2974 1011 3043 tus,
1040 2975 1083 3031 ut
1112 2964 1357 3031 exhortetur
1386 2983 1441 3029 me

294 3072 516 3136 secundum
552 3069 756 3155 eloquium
794 3075 903 3134 tuum
940 3089 1059 3136 seruo
1089 3077 1166 3134 tuo.
1211 3072 1266 3135 sed
1297 3070 1443 3137 meminit

293 3174 409 3239 bonurn
434 3174 492 3239 sibi
517 3194 586 3240 esse
609 3173 775 3252 humiliari,
798 3174 915 3240 bonum
938 3173 997 3238 sibi
1021 3194 1090 3239 esse
1112 3174 1310 3259 passionibus
1341 3172 1441 3242 subdi,

293 3286 325 3345 et
347 3298 384 3343 ea
406 3280 519 3357 omnia,
543 3279 655 3361 quibus
678 3284 816 3360 uexatm,
839 3280 1057 3362 purgationem
1079 3278 1138 3343 sibi
1162 3285 1357 3345 terrenorum
1373 3296 1443 3344 esse

336 3484 668 3555 liutperhooprobsbilis
682 3486 705 3537 Γ
738 3485 910 3554 doognitsV
941 3486 1295 3555 ddifsrreetposterioret'
1327 3486 1444 3556 ltprimo

296 3574 349 3643 Cpb
359 3574 428 3643 sort.
448 3583 514 3627 recle
567 3576 701 3640 sequenti
721 3574 744 3625 C
760 3573 895 3633 scientem
919 3572 945 3625 1’
995 3574 1028 3626 10
1044 3572 1175 3641 ignorare
1192 3572 1266 3642 quod
1288 3574 1381 3628 credit
1397 3573 1447 3643 pE

396 3658 403 3697 t

296 3714 326 3766 11
346 3728 412 3793 qum
437 3717 502 3765 ante
527 3710 583 3764 iam
606 3712 631 3764 V
683 3713 717 3765 14
734 3728 793 3767 esse
820 3712 894 3766 iusto
920 3703 952 3765 di
964 3730 986 3781 p
1005 3712 1078 3766 iustu
1103 3727 1163 3766 esse
1190 3711 1235 3766 dei
1254 3712 1282 3764 Ε
1296 3711 1373 3767 iusta
1400 3709 1446 3766 dei

295 3814 355 3883 (om.
374 3816 443 3879 esse)
463 3817 489 3868 R
543 3831 607 3869 suae
634 3820 661 3870 et
688 3815 878 3871 tribulationis
906 3833 955 3869 om.
983 3816 1010 3868 V
1059 3816 1092 3870 ld
1111 3816 1229 3885 eognoui
1255 3808 1304 3869 sni
1331 3816 1400 3884 quis
1424 3815 1448 3865 l·

296 3906 329 3958 16
347 3907 376 3957 ot
402 3902 433 3957 in
460 3902 579 3955 ueritate
597 3906 647 3956 tus
663 3901 818 3957 humiliasti
837 3919 881 3957 me
899 3903 926 3956 R
985 3906 1019 3958 19
1045 3902 1154 3957 iniuriis
1175 3904 1228 3973 Cpb
1281 3902 1331 3957 sed
1348 3920 1401 3955 om,
1420 3902 1468 3967 R,

294 3992 330 4045 20
348 3988 493 4059 expuenda
517 3988 564 4041 VC
613 3989 787 4044 suerin—:dei
811 3990 838 4043 R
891 3988 1086 4043 humiliatione
1109 3991 1133 4043 C
1181 3992 1217 4045 23
1231 4000 1292 4060 post
1315 3995 1446 4043 uersatur

295 4078 484 4147 subsequentem
493 4078 594 4147 psalmi
604 4094 706 4129 uersum
718 4078 823 4146 culpari
835 4094 924 4131 errore
937 4079 1099 4130 insonarunt
1113 4077 1196 4130 VR&
1230 4077 1265 4131 no
1283 4076 1446 4145 passionum

295 4164 391 4219 diosas
414 4164 451 4234 pb
504 4169 647 4219 exortatur
680 4164 753 4217 l'RC
804 4166 838 4216 27
856 4164 911 4217 sibi
940 4180 1001 4218 esse
1029 4163 1171 4217 humiliari
1200 4165 1305 4217 bonum
1335 4180 1386 4215 om.
1423 4161 1449 4214 Γ

296 4250 377 4304 subdi
395 4255 423 4304 et
441 4266 473 4303 ea
492 4268 522 4304 ex
540 4250 665 4305 subiecta
682 4268 749 4304 corr.
768 4269 801 4304 m.
820 4248 841 4303 2
863 4250 890 4304 V
938 4252 973 4305 28
990 4266 1007 4304 s
1024 4250 1124 4319 quibus
1138 4250 1193 4320 pE.
