3075 4967
416 305 597 354 tractatus
616 299 650 353 in
669 301 841 368 psalmum
861 299 969 353 van.
1201 298 1263 362 299

135 497 262 566 aternus,
301 499 330 556 et
367 510 492 556 ornnem
530 509 654 571 poenam
695 489 839 571 humanae
876 489 982 554 mortis
1020 490 1196 570 exciperent
1232 497 1266 554 ut

135 601 270 670 auctores,
301 614 372 659 curn
402 595 434 659 iu
464 594 645 661 aeternitatis
674 595 834 659 dominnm
857 601 996 660 auctores
1019 593 1125 658 mortis
1148 613 1204 673 per
1226 594 1267 664 id,

135 699 204 782 quod
240 701 368 764 uerbum
406 719 479 765 caro
510 699 624 763 sactum
655 705 710 772 est
741 699 923 764 extitissent.
969 697 1036 763 baeo
1069 698 1194 781 quidem
1224 697 1267 761 ita

134 801 284 884 apostolus

171 905 215 970 24.
240 907 303 972 Sed
325 907 478 992 propheta
502 907 648 972 breuibus
670 905 750 984 licet,
782 908 838 972 sed
860 907 989 972 eandem
1020 905 1265 990 intellegentiam
1305 934 1318 968 a

134 1011 226 1076 uerbis
264 1011 513 1096 significantibus
550 1011 659 1076 oedem
699 1011 757 1075 ista
794 1009 960 1092 conplexus
997 1022 1052 1076 est.
1104 1031 1177 1074 nam
1215 1009 1266 1074 ubi

134 1115 284 1180 dominum
307 1115 469 1180 inanitum
485 1115 594 1180 mortis
610 1116 796 1194 ostenderat
820 1114 965 1180 subiecit:
989 1121 1266 1179 uerumtarnen

134 1220 418 1303 conquassauit
440 1219 576 1300 capita
599 1219 859 1284 inimicorum
882 1238 1050 1292 suornm,
1072 1219 1266 1283 uerticem

135 1323 267 1404 capilli
292 1322 643 1389 deambulantium
673 1322 710 1386 ln
739 1323 911 1388 delictis
941 1324 1034 1388 suis.
1080 1322 1267 1406 principatus

135 1427 206 1492 enim
229 1447 266 1492 ao
292 1433 467 1509 potestates,
490 1426 521 1492 io
546 1427 657 1510 quibua
688 1427 789 1508 capita
818 1427 1015 1492 inimicorum
1044 1426 1267 1511 significantur,
1294 1453 1320 1486 ιο

135 1531 198 1596 fecit
218 1532 359 1598 ostentui.
406 1530 474 1597 brec
498 1533 592 1616 igitur
614 1532 645 1596 iu
669 1530 779 1598 mortis
802 1532 886 1596 exitu
916 1539 1108 1615 conquassat.
1138 1551 1268 1615 quorum

134 1634 294 1714 spiritalem
318 1636 485 1721 nequitiam
510 1644 603 1720 atque
625 1643 764 1702 naturam
786 1636 819 1700 in
833 1656 881 1708 eo,
905 1637 987 1719 quod
1003 1635 1105 1716 capilli
1119 1636 1270 1702 uerticem

134 1739 346 1819 perambulent,
377 1741 475 1809 docet.
507 1741 580 1806 dnm
611 1748 642 1806 et
679 1753 840 1822 tamqnam
876 1739 1071 1805 dominantes
1108 1739 1268 1805 bominum

134 1845 276 1926 capitibus
298 1845 445 1910 insistunt
479 1853 509 1910 ot
532 1853 690 1928 tamquam
721 1844 869 1928 nequitiae
899 1844 1053 1926 spiritales
1082 1845 1150 1910 sine
1176 1863 1269 1910 sensu

135 1967 240 2024 sorum,
263 1949 375 2032 quibus
398 1949 552 2024 insistunt,
574 1949 674 2030 ipsum
689 1946 777 2013 illum
794 1947 895 2030 capilli
911 1949 1059 2014 uerticem
1076 1948 1268 2028 proculcent;
1296 1971 1321 2007 ra

135 2053 199 2135 quia
222 2063 251 2117 et
273 2053 342 2133 ipsa
364 2053 483 2118 scilicet¹
505 2072 635 2134 corpora
657 2071 757 2136 usquo
781 2053 821 2117 ad
842 2052 954 2116 animae
971 2051 1145 2136 ment-isque
1161 2054 1268 2118 sedem

135 2157 194 2222 sine
232 2177 325 2223 sensu
363 2157 498 2223 adeundi
534 2157 761 2222 interlabantur
794 2167 826 2223 et
859 2163 1027 2237 penetrent.
1074 2156 1157 2222 aeris
1186 2157 1270 2221 enim

135 2258 218 2326 buius
242 2269 312 2326 sunt
334 2267 518 2342 potestatem
542 2267 572 2326 et
593 2261 662 2326 ideo
685 2259 789 2340 capilli
808 2261 957 2326 uerticem
981 2260 1198 2342 perambulant
1220 2259 1269 2325 uel

135 2364 288 2432 insistendi
319 2365 445 2432 leuitate
468 2365 517 2431 uel
540 2372 691 2447 potestate
715 2365 895 2431 dominandi
927 2372 958 2430 et
980 2371 1042 2430 toto
1064 2366 1094 2429 in
1118 2366 1193 2430 orbe
1215 2386 1272 2447 per

137 2477 282 2536 momenta
294 2469 420 2555 singula
435 2477 655 2536 commeantes.
701 2470 755 2535 sed
769 2469 837 2536 baec
849 2470 881 2535 in
894 2469 1014 2536 delictis
1026 2469 1091 2535 suis
1107 2475 1268 2555 peragunt,
1297 2490 1322 2526 ao

136 2574 202 2638 dum
223 2574 391 2658 unicnique
414 2574 445 2639 iu
469 2593 514 2649 eo,
538 2575 621 2658 quod
644 2573 814 2657 delinquat,
838 2583 980 2640 auctores
1003 2581 1076 2640 aunt
1097 2575 1269 2639 secundum
1362 2582 1367 2593 ’

136 2675 359 2759 illudapostoli:
383 2677 631 2744 deuslilium
655 2698 767 2744 suum
793 2678 905 2744 misit
926 2678 965 2744 in
988 2677 1269 2745 similitudino

137 2783 1267 2866 carniepeccatietdepeccatocondemnauitpeccatum

173 2975 435 3044 wmma

176 3133 345 3201 lexciperet
363 3131 399 3186 Vc
451 3137 483 3187 ut
501 3133 622 3186 auctoris
642 3131 668 3184 P
684 3149 732 3184 om.
752 3132 778 3184 T
828 3093 1038 3184 &cumomV
1087 3131 1274 3187 tbrebib.V

140 3215 244 3271 001010.
264 3219 292 3272 E
342 3219 457 3274 eandem
476 3218 530 3272 ista
547 3219 572 3273 V
587 3217 672 3308 cande
691 3216 788 3272 eadem
806 3216 860 3270 1010
878 3217 905 3269 P
953 3221 971 3272 8
989 3217 1184 3286 conquassabit
1193 3219 1273 3271 RTE

139 3339 240 3420 capitur}
262 3358 328 3395 corr.
353 3359 386 3394 m.
408 3339 429 3394 2
455 3341 481 3394 V
531 3343 565 3394 10
583 3345 611 3392 et
637 3343 758 3408 potestas
782 3338 809 3392 V
857 3337 1030 3407 significatur
1053 3339 1079 3393 V
1129 3341 1160 3393 ll
1180 3339 1271 3394 exitus

140 3502 320 3564 uumqunssatu
347 3496 440 3550 sorum
462 3495 488 3549 V
539 3497 572 3550 19
589 3495 673 3564 adqui
700 3452 826 3577 ratarum
858 3496 884 3547 V
934 3496 967 3550 18
985 3453 1178 3578 perambulant
1204 3513 1271 3548 corr.

140 3667 168 3702 m.
185 3649 204 3703 2
217 3651 241 3705 V
255 3653 429 3720 perambulet
448 3653 474 3705 R
527 3651 564 3705 du
582 3657 724 3720 tamquam
738 3651 763 3705 V
815 3653 848 3706 lt
867 3607 998 3706 insistunt
1017 3653 1043 3703 Τ
1058 3649 1271 3713 (insistantsort.

140 3789 297 3856 amibenduml
352 3747 565 3860 proculcentT
618 3793 650 3845 16
669 3789 761 3844 anima
786 3797 925 3858 mentesq:
953 3791 1045 3844 sedem
1073 3788 1109 3842 Ρι
1163 3793 1195 3843 11
1213 3789 1272 3844 sine

141 3891 240 3930 sensnm
271 3879 295 3930 V
345 3882 509 3948 paeuetreut
541 3875 604 3932 V‘R
629 3879 772 3948 poenitent
805 3877 838 3930 V¹
865 3878 1007 3946 penitreut
1031 3877 1056 3928 T
1078 3881 1225 3946 penetrant
1249 3877 1275 3929 P

141 3963 206 4016 aeris
233 3963 276 4028 (se
301 3968 362 4019 odd.
391 3983 422 4019 ro.
451 3965 484 4032 2)
517 3966 543 4018 V
594 3967 626 4020 la
643 3966 789 4034 potestatis
821 3963 855 4020 V'
916 3967 949 4018 19
967 3965 1109 4018 leuitatem
1137 3963 1164 4016 P
1213 3968 1273 4017 toto

142 4095 275 4169 tooetll'
323 4105 432 4159 urbeV
482 4107 517 4158 20
535 4105 591 4158 0010
609 4104 799 4173 sperabuntV
848 4105 881 4157 21
900 4061 1080 4172 (10110ᾳο1111)
1130 4107 1195 4156 0001
1212 4105 1272 4156 odd.

143 4203 171 4238 m.
189 4185 243 4240 2V
291 4191 442 4246 secundum
460 4191 531 4244 illud
550 4219 582 4228 -
601 4191 630 4244 iu
658 4208 741 4244 carne
767 4193 791 4244 11.
810 4191 827 4244 1.
854 4208 903 4243 om.
932 4191 957 4241 'l’
982 4200 1006 4243 et
1032 4190 1096 4260 infr.
1121 4191 1198 4243 10001.
1214 4207 1274 4260 porr

144 4275 294 4339 proditionis
311 4283 428 4348 peccaut
481 4279 516 4330 22
533 4277 561 4330 10
581 4277 790 4331 similitudinem
810 4277 893 4330 PTE.
