3075 4967
262 233 325 299 428
609 232 726 286 sencti
744 231 882 286 Hilarii
899 230 1062 300 episcopi

262 425 311 491 dei
335 425 455 508 eloquia
476 423 644 504 deprecari.
689 422 747 487 scit
763 423 857 487 deum
873 422 967 487 etiem
981 422 1195 501 peccatoribus
1211 439 1279 487 esse
1294 422 1396 505 ignem

261 535 506 595 consumentem.
553 526 678 611 Moyses
702 527 785 592 enim
810 526 867 591 ait:
899 528 997 592 deus
1020 534 1160 592 uester
1183 525 1397 610 igniscon-
1455 510 1458 515 ’

261 651 422 697 sumens
446 639 515 696 est.
561 631 646 695 nouit
678 632 813 696 eundem
836 649 906 695 esse
927 629 1071 695 fidelibus
1094 628 1204 707 lucem,
1227 632 1266 695 de
1289 650 1349 715 quo
1371 638 1399 695 et

261 733 335 802 alibi
358 736 508 818 propheta
531 736 596 817 ipse
620 735 709 801 dicit:
734 734 986 799 inluminans
1017 740 1055 799 tu
1079 733 1333 800 mirabiliter
1354 737 1398 799 de

221 869 233 905 a
260 840 467 905 montibus
490 839 654 905 sanctis.
701 838 849 903 discernit
870 846 901 903 et
924 837 1004 902 hanc
1027 836 1182 919 apostolus
1206 837 1351 903 bonitatis
1370 847 1399 904 et

260 945 432 1011 seueritatis
456 945 506 1010 dei
530 943 795 1021 consuetudinem,
819 963 890 1008 cum
914 944 971 1009 ait:
1001 942 1094 1007 uide
1126 961 1223 1026 ergo
1246 942 1398 1008 bonita-

260 1054 338 1114 tem
373 1056 410 1115 et
444 1050 713 1115 seueritatem
745 1049 825 1126 dei;
861 1048 899 1111 in
922 1068 989 1113 eos
1012 1048 1186 1131 quidem.
1210 1047 1275 1130 qni
1300 1046 1399 1111 ceci·

260 1155 416 1229 derunt,
451 1154 730 1230 seueritatem,
764 1154 804 1218 in
843 1160 880 1219 te
917 1163 1050 1217 autem
1090 1152 1333 1234 bonit-atem3
1371 1158 1399 1215 et

260 1276 399 1322 rursum:
434 1266 471 1323 et
505 1258 584 1322 nisi
615 1277 857 1341 permaneas
886 1257 924 1320 in
954 1256 1150 1331 bonitate,
1173 1254 1398 1320 excideris:

207 1360 323 1426 roilli
356 1382 451 1427 uero
485 1361 518 1426 si
552 1382 629 1425 non
662 1367 931 1441 permaneant
964 1361 1003 1424 in
1037 1359 1307 1430 infidelitate,
1348 1359 1399 1423 in·

258 1472 457 1531 serentur.
504 1466 672 1531 bonitatem
697 1467 746 1531 dei
770 1464 921 1547 propheta
945 1472 1093 1546 expectat,
1118 1484 1188 1529 eum
1204 1463 1261 1528 ait:
1287 1464 1399 1529 mise·

257 1588 349 1635 rere
372 1570 457 1635 mei.
503 1570 561 1635 scit
584 1570 666 1635 enim
691 1571 851 1635 neminem
882 1570 949 1635 sine
978 1576 1104 1649 peccato
1127 1587 1205 1640 esse.
1230 1568 1282 1651 qui
1305 1568 1400 1642 uiuat,

164 1706 172 1740 t
258 1680 289 1739 et
311 1692 418 1739 omnes
440 1673 473 1738 in
497 1694 588 1739 carne
624 1675 697 1739 sitas
722 1674 935 1740 misericordia
957 1674 1007 1739 dei
1030 1692 1133 1757 egere.
1177 1670 1273 1736 officii
1295 1682 1399 1737 autem

257 1777 305 1843 sui
340 1778 573 1861 deuotionisque
608 1798 668 1842 non
703 1778 855 1844 inmemor
888 1786 944 1848 est.
978 1797 1049 1842 eum
1084 1776 1142 1841 ait:
1177 1779 1400 1841 secundnm

206 1906 231 1946 rs
257 1881 463 1966 eloquium
487 1888 611 1953 tuum:
643 1882 708 1948 eius
732 1881 851 1949 scilicet
879 1883 999 1967 eloquii,
1031 1901 1091 1965 quo
1121 1888 1154 1947 et
1183 1880 1399 1962 peccatoribus

257 2005 382 2069 poenam
405 1986 564 2051 denuntiat
587 1998 618 2052 et
633 1988 665 2051 in
681 2008 715 2052 se
732 1987 931 2053 credentibus
945 1987 1017 2052 uitae
1032 1993 1156 2051 aet-ernae
1172 1984 1399 2051 beatitudinem

257 2088 427 2170 pollicetur.

303 2193 350 2259 10.
383 2194 502 2261 Dehine
539 2196 693 2279 sequitur:
736 2196 828 2279 quia
867 2195 1050 2280 cogitaui
1088 2195 1177 2259 uias
1215 2213 1326 2258 meas
1364 2201 1400 2257 et

257 2299 389 2363 auerti
420 2302 543 2379 pedes
575 2319 682 2365 meos
713 2301 750 2363 in
783 2299 1023 2365 testimonia
1054 2306 1128 2364 tua.
1173 2319 1211 2363 sn
1234 2296 1295 2373 his
1331 2316 1399 2380 qua

205 2424 230 2464 aa
257 2400 462 2483 prophetase
486 2422 596 2486 gerere
619 2402 667 2469 uel
692 2405 828 2488 gessisse
851 2416 1082 2477 commemorat,
1106 2402 1181 2486 quid
1197 2423 1254 2467 nos
1275 2422 1399 2485 qnoque

255 2505 358 2571 facere
385 2514 531 2587 oporteat,
555 2511 653 2573 docet.
698 2508 764 2573 nias
788 2509 872 2573 enim
896 2528 967 2572 suas
990 2508 1106 2591 cogitat
1128 2515 1159 2573 et-
1181 2506 1328 2589 cogitatis
1352 2506 1400 2569 bis

254 2612 368 2690 pedem
402 2610 432 2674 in
467 2612 644 2677 testimonia
677 2612 726 2677 dei
760 2612 865 2677 refert.
911 2611 988 2676 nihil
1011 2612 1084 2696 egit,
1115 2614 1198 2694 quod
1221 2631 1284 2675 non
1308 2618 1400 2675 antea

256 2714 441 2797 cogitatione
474 2715 669 2796 pemoluerit.
715 2735 776 2780 non
800 2714 939 2800 lingnam
961 2716 994 2780 in
1015 2715 1153 2781 officium
1177 2734 1266 2780 suum
1293 2714 1400 2788 mouit,

255 2836 316 2881 non
340 2819 452 2896 pedem
477 2818 506 2883 in
531 2818 664 2902 aliquod,
697 2822 778 2903 quod
809 2827 932 2885 acturus
956 2826 1047 2899 esset,
1077 2838 1154 2900 opus
1177 2817 1314 2900 protulit,
1338 2838 1399 2885 nou

203 2942 228 2980 aa
256 2941 382 2985 manum
405 2925 445 2988 ad
468 2925 624 3007 agendum
649 2923 765 3007 aliquid
789 2923 913 2998 exeruit,
948 2924 1006 2989 nisi
1030 2930 1120 2989 antee
1142 2943 1236 3004 super
1259 2920 1310 2988 his
1334 2943 1400 2987 orn·

255 3024 346 3090 nibus
370 3028 543 3112 cogitasset,
566 3038 597 3093 et
619 3035 685 3093 tum
714 3029 925 3109 operationem
954 3037 1047 3111 atque
1077 3025 1220 3093 effectum
1251 3026 1399 3112 cogitetis

253 3128 347 3195 rebus
370 3130 511 3196 attulerit.
557 3131 635 3197 uidit
656 3132 751 3217 igitur
774 3140 846 3197 ante
870 3132 973 3198 omnia
995 3132 1067 3198 uitae
1090 3152 1153 3197 suae
1179 3132 1245 3196 uias
1268 3138 1302 3197 et
1326 3150 1399 3196 oum

254 3232 429 3315 placentem
451 3234 511 3300 sibi
541 3255 577 3301 ac
608 3234 801 3317 probabilem
831 3236 975 3317 repperit,
1009 3244 1081 3301 tuno
1115 3235 1146 3300 in
1181 3254 1250 3301 eam
1281 3238 1398 3316 pedem

296 3384 311 3435 Ξ
331 3382 411 3437 Dent.
430 3382 476 3451 IV,
494 3386 536 3437 24.
571 3386 589 3437 4
608 3384 651 3438 Ps.
670 3384 779 3448 LXXV,
797 3386 821 3438 d.
857 3390 874 3439 6
892 3384 971 3438 Rom.
990 3384 1036 3450 XI,
1056 3386 1104 3449 223
1122 3386 1163 3439 23.

298 3539 441 3608 leloquia
458 3540 540 3594 deiC
589 3542 658 3594 ΜΓ
677 3542 720 3612 Rp
739 3546 774 3594 nr
792 3561 811 3590 α
829 3547 947 3594 nostere
999 3541 1168 3595 decuerites
1186 3500 1218 3622 d}
1236 3542 1260 3593 Γ
1313 3540 1398 3611 'lqui

252 3644 312 3697 add.
331 3661 364 3697 m.
383 3640 403 3695 2
426 3642 451 3695 V
500 3643 517 3695 8
535 3642 564 3696 in
583 3648 611 3698 te
629 3660 697 3698 uero
715 3645 811 3715 RCpE
826 3645 862 3714 cs.
880 3645 1000 3698 Sabotier
1019 3642 1150 3710 111‚636
1203 3647 1220 3699 9
1238 3650 1271 3698 tu
1288 3645 1347 3699 nisi
1363 3645 1398 3715 pb

252 3729 389 3784 excidaris
417 3726 480 3794 (cic)
499 3728 580 3782 -in
607 3728 772 3785 infidelitate
793 3733 821 3784 ia
838 3748 921 3800 musy.
939 3732 1017 3801 iader.
1034 3732 1138 3785 addc
1189 3734 1221 3785 to
1248 3730 1271 3783 si
1300 3750 1353 3784 om.
1377 3730 1402 3781 V

251 3816 413 3871 inseruntur
436 3816 458 3868 (7
510 3817 542 3869 13
568 3816 597 3869 in
625 3831 708 3871 carne
735 3833 820 3885 pecca
846 3818 952 3885 positos
979 3835 1045 3872 corr.
1064 3836 1097 3871 m.
1110 3816 1130 3870 2
1145 3818 1169 3869 V
1217 3817 1397 3873 missericor-

1219 3915 1233 3941 8

251 3954 334 4008 diaR
351 3953 610 4007 misericordiemV
659 3953 816 4009 officiumC
868 3956 901 4009 15
919 3960 999 4011 tuum
1008 3974 1056 4009 ora.
1071 3956 1098 4007 V
1147 3957 1180 4011 18
1199 3955 1308 4010 &nemi
1328 3958 1353 4009 C
1368 3964 1398 4010 et

251 4041 378 4095 conuerti
404 4042 432 4093 E
480 4041 516 4094 92
534 4048 597 4095 ante
624 4042 822 4111 cogitationem
855 4044 877 4095 V
928 4045 962 4098 23
980 4043 1069 4098 mouit
1095 4062 1125 4097 ex
1151 4042 1230 4097 nouit
1256 4060 1290 4096 ar.
1319 4043 1342 4097 2
1376 4044 1400 4095 l'

250 4128 285 4180 26
303 4132 331 4181 et
349 4144 413 4181 cum
432 4128 505 4197 (pat
558 4128 691 4195 cogitatio
709 4130 792 4183 rebus
805 4130 843 4200 pb
853 4130 923 4199 sort.
941 4141 1006 4183 recte
1060 4132 1094 4184 27
1112 4136 1193 4184 antee
1211 4128 1279 4201 l'¹pb
1334 4147 1396 4184 om-

250 4229 299 4267 nes
313 4214 350 4283 pb
403 4218 431 4267 et
450 4214 657 4281 conplerentem
677 4216 727 4267 Rt'
776 4216 812 4269 28
829 4217 933 4285 reperit
951 4217 996 4269 Re.
