3075 4967
418 307 597 357 tractatus
616 304 650 357 in
668 303 839 372 psalmum
858 304 904 356 Ll.
1170 302 1229 367 111

125 492 346 575 significationem
384 511 418 558 se
455 493 573 559 rettulit
608 493 780 574 propheta:
816 493 1016 559 uidebant
1052 493 1156 557 iusti
1195 505 1233 558 et

123 595 287 660 timebunt
309 603 346 662 et
370 597 969 678 rideutsupereumetdioent:
994 597 1230 674 oeconomo,

121 699 171 781 qui
190 719 254 763 uon
274 701 413 780 posuit
435 702 550 767 deum
570 702 801 768 adiutorem
817 722 939 780 suum
955 701 1229 782 sedsperauit

119 803 147 866 iu
165 803 415 870 multitudine
438 805 681 872 diuitiarum
702 826 866 872 suarum
890 811 928 871 et
950 805 1169 887 praeualuit
1190 807 1229 871 iu

119 907 268 974 uanitate
283 929 362 975 sus.
386 911 542 988 destmpto
555 911 638 976 Doee
653 912 685 976 in
701 908 796 976 finem
811 915 843 975 et
856 908 965 976 euulso
981 911 1021 974 de
1032 910 1229 976 tabernaculo
1268 935 1282 976 s

117 1019 187 1092 utque
200 1013 345 1096 emigrato
362 1021 393 1080 ot
408 1014 447 1079 de
462 1029 544 1080 terra
562 1015 734 1079 uiuentium
751 1015 905 1080 euadioato
928 1013 1026 1079 suncti
1042 1015 1159 1097 quique
1174 1035 1228 1080 ne-

116 1131 181 1179 eesse
194 1121 236 1180 est
250 1123 405 1182 metuant:
430 1138 500 1183 oum
517 1118 645 1183 uideant
660 1125 703 1182 tot
714 1119 872 1200 tantisque
884 1119 997 1182 diuinae
1009 1117 1229 1184 misericordiae

114 1218 209 1284 auxiliis
221 1221 368 1302 populum
384 1223 523 1288 adiutum
536 1229 735 1306 atquensum
752 1229 822 1302 post
836 1223 994 1306 ingentem
1009 1222 1094 1287 illem
1108 1235 1138 1288 et
1148 1222 1229 1288 ultra

113 1319 237 1389 lunense
259 1345 333 1406 opes
357 1325 481 1410 gloriosi
505 1327 594 1410 regni
618 1327 801 1410 dignitatem
821 1327 992 1391 maximum
1015 1326 1110 1393 dese
1133 1331 1227 1410 atque

113 1425 228 1492 ultimum
251 1429 397 1494 humane
421 1430 603 1496 oalamitetie
633 1428 810 1511 exemplum
833 1430 1013 1510 praebuisse.
1058 1431 1111 1513 qui
1142 1435 1225 1495 euim
1253 1457 1279 1492 ιο

112 1533 234 1597 memoria
255 1543 415 1600 recenseat
437 1534 580 1618 antiquae
603 1533 710 1618 gloriae
741 1534 808 1598 eius
832 1540 863 1598 et
884 1534 1065 1599 innumeras
1095 1535 1227 1600 beatitu-

110 1633 183 1714 dines,
204 1655 281 1720 qnas
305 1639 449 1719 superins
465 1658 520 1720 pro
536 1645 624 1719 perte
639 1639 893 1713 memorauimus‚
916 1658 989 1702 oum
1009 1651 1078 1719 post
1090 1639 1225 1724 Aegypti

108 1737 193 1804 funera
213 1741 314 1806 itineri
338 1762 445 1808 eorum
468 1742 604 1808 diuisum
635 1762 722 1807 mare
752 1743 854 1818 cessit,
886 1763 957 1806 oum
986 1743 1131 1807 ardorem
1164 1745 1226 1808 diei

108 1843 178 1908 uubis
199 1845 342 1912 columna
365 1846 561 1922 inumbrault
585 1867 656 1912 eum
680 1847 779 1912 noetis
802 1847 948 1912 tenebras
974 1847 1058 1931 ignis
1081 1846 1226 1912 columna

109 1947 236 2026 discussit,
259 1971 331 2016 eum
357 1950 461 2015 eibum
484 1950 593 2016 eaelum
618 1970 675 2031 per
697 1950 826 2034 angelos
849 1950 990 2031 prebuit,
1014 1971 1085 2016 aum
1107 1950 1225 2016 iontem
1253 1975 1278 2013 us

107 2059 172 2128 petra
191 2053 284 2134 fluxit
309 2075 381 2119 eum
406 2054 553 2120 Iordanes
576 2055 706 2132 reduxit,
729 2073 802 2122 eum
818 2055 926 2120 ciuitas
942 2075 1058 2140 magna
1072 2055 1112 2120 ad
1124 2052 1240 2120 solum

106 2173 165 2220 urse
186 2159 361 2224 testamenti
386 2159 548 2224 eircuitum
572 2160 713 2234 uoueidit‚
737 2179 809 2224 eum
832 2158 878 2223 sol
902 2159 941 2224 de
964 2179 1056 2224 eursu
1072 2179 1129 2224 suo
1144 2158 1225 2224 inhi-

106 2257 168 2324 bitus
188 2263 267 2326 diem
292 2262 421 2332 distulit,
445 2270 475 2327 et
497 2263 610 2328 diuinae
640 2262 719 2347 legis
753 2264 828 2328 ordo
859 2284 896 2328 ex
926 2262 977 2326 illo
1000 2262 1225 2328 elementorum

106 2362 236 2430 indefesso
258 2367 536 2450 inperturbatoque
559 2377 644 2432 motu
667 2367 708 2431 ad
739 2365 810 2431 belli
841 2387 962 2432 morum
992 2368 1120 2432 restitit:
1154 2378 1225 2448 post

105 2465 170 2532 illam
191 2471 301 2536 deinde
324 2471 438 2535 diuinae
461 2471 632 2535 maiestatis
655 2477 685 2535 et
708 2477 890 2550 euinspeetns
921 2479 953 2536 et
984 2472 1110 2536 auditus
1133 2471 1223 2535 fauni·
1251 2496 1276 2532 uo

104 2569 244 2638 liadtetem
268 2583 470 2656 consumptos
493 2595 546 2640 eos
570 2573 664 2646 bellis,
693 2575 776 2641 lame
799 2582 954 2640 emortuos
976 2589 1007 2642 et
1029 2583 1121 2640 autes
1143 2597 1224 2640 mor-

104 2685 204 2742 tuomm
226 2679 432 2744 cadaueribus
455 2680 495 2744 ad
517 2686 648 2744 mortem
672 2677 764 2744 famis
794 2687 909 2760 pastos,
940 2679 1076 2763 reliquos
1111 2680 1222 2745 deinde

102 2777 124 2841 iu
143 2783 315 2850 seruitutem
338 2784 481 2849 redactos
505 2782 609 2848 exules
639 2784 763 2866 ubique,
795 2783 911 2866 ubique
940 2803 1010 2849 esse
1041 2785 1221 2869 degeneres,

102 2902 234 2967 nusquam
269 2889 424 2972 cognitos,
469 2907 593 2968 semper
627 2907 724 2953 nouos
758 2894 789 2952 et
826 2887 1034 2954 demutatione
1072 2889 1222 2954 ineolatus

102 3007 204 3068 semper
225 2990 386 3076 ignobiles,
410 3011 534 3072 semper
556 2989 696 3056 alienos?
719 2993 780 3056 iam
805 2991 832 3058 si
855 2992 1009 3074 spiritales
1025 2995 1096 3076 quis
1116 2994 1220 3058 ‹iculos
1249 3017 1274 3053 ss

137 3149 146 3196 l
164 3149 251 3201 retulit
271 3147 347 3202 RPT
399 3149 505 3217 profeta
526 3150 550 3201 Id
569 3149 686 3217 profetia
708 3147 731 3196 I'
746 3148 881 3217 proseriae
901 3151 923 3202 V
972 3152 1065 3220 dposr
1084 3151 1220 3204 timebunt

19 3289 20 3302 ἵ
103 3229 160 3282 l-.}
177 3235 219 3287 litt.
237 3253 301 3289 erus.
321 3235 348 3288 R
400 3236 530 3289 ridebunt
550 3237 602 3288 ΤΕ
618 3238 652 3306 gf.
673 3235 888 3288 Neruedlrrmeal.
902 3237 941 3300 ΙΙ,
955 3236 1009 3289 427
1063 3236 1146 3292 3sed
1164 3255 1220 3307 sup.

103 3316 212 3373 limam.
230 3320 288 3376 21³
339 3323 463 3390 eaeque
488 3323 534 3376 Va
588 3323 715 3377 deterre
732 3323 871 3376 uiuetium
890 3343 920 3376 ee
938 3323 972 3377 de
990 3329 1065 3377 terra
1082 3324 1220 3392 emigran-

103 3401 297 3462 liumuiudtium
315 3411 338 3464 l'
388 3412 486 3463 'ioum
506 3409 618 3464 uideant
636 3427 684 3462 om.
707 3408 754 3462 ΡΤ
804 3411 967 3463 dediturum
985 3411 1074 3478 adque
1093 3411 1221 3478 adsump-

106 3495 154 3542 tum
176 3493 193 3544 l'
255 3505 281 3550 et
308 3497 450 3565 ingentem
477 3496 554 3550 illam
581 3503 660 3550 extra
687 3496 821 3550 humerius
851 3499 874 3550 T
936 3503 953 3553 9
977 3514 1010 3552 ao
1037 3497 1168 3550 ultimum
1196 3498 1224 3548 E

109 3575 135 3626 10
150 3578 201 3643 quie
218 3582 242 3634 Ε
262 3585 294 3652 us.
320 3584 414 3636 Horret
438 3585 540 3637 Eonod.
567 3585 624 3636 Ioui.
644 3602 672 3654 p.
699 3583 759 3649 701,
786 3583 932 3652 Petschenig
956 3584 1018 3637 Vici.
1044 3584 1090 3636 l'r't.
1111 3604 1140 3653 p.
1169 3583 1221 3637 Idu

111 3661 136 3711 12
152 3663 245 3734 Aegipti
264 3671 286 3722 R
340 3672 373 3723 14
390 3671 471 3724 nubis
490 3669 615 3724 colomna
636 3672 659 3722 l'
674 3672 760 3726 nubes
779 3672 908 3725 columna
927 3669 951 3718 P
967 3671 1095 3725 columns
1112 3671 1222 3724 nubles

113 3745 139 3796 ld
153 3747 256 3807 Iordanis
280 3757 301 3808 l'
316 3756 370 3824 (rudi
387 3774 449 3810 uum
463 3757 588 3811 Iordanis
601 3757 710 3812 refluxit
723 3777 780 3828 sup.
797 3761 841 3812 lin.
852 3777 869 3811 o
878 3777 911 3811 m.
922 3756 952 3822 2)
971 3759 1049 3810 ΡΙἘ
1099 3759 1220 3812 maxima

120 3829 175 3884 l'Pu·
204 3841 386 3897 l'leiruuituP
427 3843 561 3898 inhibitus
580 3843 654 3898 diem
673 3861 720 3898 om.
734 3845 758 3898 V
792 3845 869 3898 lead
887 3845 953 3899 belli
973 3861 1051 3898 mors
1064 3842 1089 3892 P
1114 3846 1220 3898 restitit

119 3931 141 3967 tt
154 3924 256 3980 restititit
271 3949 300 3984 ru.
320 3931 340 3983 2
362 3931 383 3983 l'
433 3931 564 3998 postilla
582 3933 608 3984 R
660 3933 693 3985 21
712 3932 793 3986 bellis
811 3951 841 3984 eu
858 3931 925 3984 belli
943 3933 969 3984 R
1021 3931 1218 3986 famemortuos

124 4001 142 4052 R
175 4013 196 4060 el
209 4020 260 4068 unte
277 4015 323 4070 PT
374 4019 408 4070 22
427 4018 462 4070 ad
480 4034 584 4070 moram
603 4017 683 4070 semis
703 4019 742 4070 Tu
791 4003 829 4072 23
852 4019 887 4072 od
911 4017 1074 4072 seruitutem
1091 4018 1218 4074 reduotos

126 4101 170 4142 taes
187 4095 311 4166 degeneres
336 4121 473 4172 nusquam
497 4103 622 4172 cognitos
646 4121 754 4173 semper
780 4104 918 4174 ignobiles
942 4105 1011 4170 losse
1036 4133 1070 4143 -
1091 4106 1218 4175 oognitos

129 4188 169 4241 '¹¹1’-
183 4180 216 4234 liu.
230 4205 243 4238 u
258 4207 284 4244 m.
300 4189 330 4254 2)
347 4192 370 4244 l'
419 4193 454 4244 24
472 4195 501 4244 et
518 4189 706 4245 demutatione
730 4191 858 4246 inuolutis
878 4189 934 4257 (sir)
953 4208 1063 4262 semper
1081 4193 1218 4262 ignobiles

132 4275 170 4326 sup.
184 4266 243 4323 lisa
262 4293 289 4330 m.
309 4277 366 4331 21⁷
415 4279 450 4332 25
468 4277 565 4348 simp.
585 4279 628 4332 lin.
648 4299 664 4330 o
684 4279 785 4332 ou2l'
836 4280 974 4346 spiritales
993 4299 1023 4333 ex
1041 4280 1217 4348 spiritalisld.
