3075 4967
275 251 339 315 274
622 251 740 317 sancti
757 250 894 304 Hilarii
912 250 1075 319 episcopi

276 443 326 506 nbi
350 441 492 507 dominus
513 441 648 525 loquitur
671 442 711 506 ad
733 448 869 524 patrem:
894 440 1127 505 confitebor
1149 441 1230 517 tibi,
1255 439 1407 505 domine

276 551 398 626 pater,
422 545 579 610 domino
602 543 785 610 caeloruur
808 551 844 610 et
873 552 999 623 tcrrae,
1029 545 1220 628 quoniam
1250 545 1407 610 abscon-

277 649 376 715 disti
406 649 489 715 lraec
511 670 531 714 a
553 648 815 730 sapientibus
846 655 883 714 et
912 648 1112 715 reuelasti
1143 669 1187 714 ea
1217 647 1407 730 paruulis.

276 755 377 838 prima
399 773 473 839 ergo
495 753 549 818 illa
571 760 601 840 et
623 741 761 835 suberies
785 753 935 819 confessio
958 759 1153 835 peccatorum
1177 773 1246 820 esse
1262 753 1410 818 credenda

236 885 250 923 a
277 865 333 942 est,
356 859 491 924 maxime
513 879 582 942 quae
604 859 813 940 praedicationi
836 857 1023 939 propheticae
1046 863 1138 941 atquo
1165 856 1338 938 apostolice
1363 876 1409 921 ca-

275 964 425 1042 nectitur3
442 981 576 1046 sequens
591 961 659 1028 haec
674 963 858 1028 laudationis
874 962 923 1027 dei
938 961 1148 1047 intellegenda
1163 967 1210 1028 est
1224 960 1410 1043 populorum,

276 1068 389 1132 deinde
418 1069 563 1141 omnium,
594 1067 627 1132 id
656 1073 704 1132 est
732 1066 871 1149 gentium
901 1066 1124 1142 uniuersorum,
1155 1072 1186 1131 et
1207 1067 1246 1131 ob
1270 1067 1311 1145 id,
1343 1065 1411 1148 quia

277 1178 359 1236 terra
380 1171 515 1237 fructum
538 1189 630 1236 suum
653 1171 781 1237 dederit.

320 1278 348 1341 7.
373 1277 434 1341 Sed
457 1276 660 1360 quaerendum
683 1281 739 1353 est,
755 1294 849 1358 quern
868 1274 999 1339 fructum
1017 1281 1100 1339 terra
1116 1274 1243 1352 dederit,
1266 1273 1306 1338 ob
1323 1291 1411 1357 quem

224 1405 249 1441 ιο
276 1380 381 1461 populi
403 1399 512 1446 omnes
535 1381 630 1444 deum
652 1379 785 1445 laudent.
831 1397 924 1444 causa
946 1379 1071 1463 quidem
1095 1378 1152 1443 deo
1175 1378 1289 1443 debitae
1312 1376 1412 1442 lauda·

277 1485 369 1550 tionis
398 1490 514 1549 aeterna
544 1490 598 1561 est
633 1486 716 1568 quod
750 1483 924 1565 corporales
954 1482 1012 1548 hos
1043 1489 1074 1548 et
1103 1482 1191 1548 nobis
1226 1480 1413 1547 necessarios

276 1590 393 1654 imctus
415 1594 497 1654 terra
519 1588 709 1669 suppeditet:
732 1588 787 1654 sed
810 1593 899 1653 terrae
923 1606 982 1652 non
1007 1594 1086 1652 sunt.
1132 1594 1184 1651 aut
1205 1586 1290 1652 enirn
1320 1585 1412 1649 nostri

277 1700 356 1768 sunt
378 1692 491 1776 quibus
514 1693 700 1774 praebentur,
723 1698 776 1756 aut
799 1692 848 1756 dei
872 1698 952 1768 sunt,
984 1709 1039 1772 per
1069 1710 1162 1774 quern
1195 1690 1414 1755 ministrantur.

276 1795 472 1880 requiramus
495 1815 578 1880 ergo,
602 1815 680 1879 quos
703 1795 820 1862 imctus
843 1801 925 1861 terra
947 1795 1092 1860 babuerit
1118 1801 1150 1859 et
1171 1794 1318 1860 amiserit
1361 1811 1414 1872 per

225 1923 251 1959 ιε
277 1902 310 1966 id
346 1906 456 1978 autem,
480 1900 562 1984 quod
599 1900 713 1976 amisit,
750 1899 950 1964 ostendemus
988 1897 1144 1964 habuisse.
1190 1899 1268 1962 Adae
1303 1905 1414 1962 terram

277 2004 476 2070 meminimus
498 2010 569 2085 post
591 2015 755 2088 peccatum
778 2006 921 2069 datarum
945 2003 1004 2068 sibi
1027 2002 1278 2068 benedictionum
1301 2001 1414 2066 honore

277 2109 372 2174 fuisse
395 2107 566 2190 spoliatam.
610 2108 670 2189 ipsi
692 2108 777 2173 enim
800 2109 999 2173 dictumest:
1022 2107 1211 2191 quoniam
1234 2112 1347 2171 terra
1368 2123 1414 2178 es,
1525 2181 1526 2208 3

277 2218 317 2278 et
337 2214 375 2277 in
399 2219 550 2277 terram
571 2212 662 2277 ibis.
707 2232 782 2297 ergo
805 2213 877 2296 quia
899 2219 982 2277 terra
1004 2217 1061 2290 est,
1085 2211 1143 2276 hnc
1165 2217 1236 2292 post
1257 2215 1414 2290 peccatum

277 2315 493 2381 maledictione
531 2317 708 2381 damnatur:
746 2315 971 2382 maledicta
1008 2321 1117 2380 terra
1149 2316 1189 2380 in
1223 2313 1414 2396 operibus
1525 2329 1526 2334 ¹

226 2439 251 2478 ao
278 2421 367 2498 tuis,
390 2421 429 2485 in
452 2419 665 2486 doloribus
695 2420 790 2485 edes
821 2440 904 2485 eam
934 2420 1119 2486 omnibus
1153 2420 1298 2486 diebus
1321 2419 1414 2484 uitae

241 2568 245 2576 -
279 2533 362 2603 tuae,
397 2525 538 2609 spinas
572 2531 611 2589 et
645 2523 822 2590 tribulos
859 2524 1080 2609 generabit
1110 2524 1197 2589 tibi.
1241 2531 1334 2590 terrm
1357 2521 1415 2588 ele·

277 2636 417 2694 mentum
440 2636 526 2694 extra
547 2629 666 2693 crimen
688 2629 760 2693 luit:
792 2634 878 2694 caret
900 2648 974 2712 ergo
1006 2627 1230 2706 maledictione,
1261 2627 1345 2711 quod
1367 2645 1414 2692 oa·

276 2733 366 2798 rebat
387 2739 418 2797 ot
439 2732 577 2797 crimine.
620 2751 732 2797 nerum
753 2731 806 2798 hic
829 2733 908 2799 Adeo
931 2739 1021 2809 terra
1044 2751 1114 2815 quae
1144 2751 1199 2812 per
1227 2730 1415 2797 inlecebram

279 2837 340 2901 cibi
373 2842 439 2901 erat
472 2835 645 2912 criminosa,
679 2834 885 2902 maledicitur.
930 2835 998 2902 lraec
1033 2856 1108 2920 ergo
1138 2835 1177 2900 ab
1208 2855 1244 2901 eo
1275 2835 1416 2901 omnibus
1525 2873 1526 2900 t

227 2959 253 2997 a
277 2941 438 3024 praesentis
459 2939 532 3004 uitae
553 2940 735 3005 maeroribus
757 2941 944 3006 consumitur
967 2946 997 3006 et
1019 2940 1239 3024 aegritudinum
1262 2939 1415 3005 doloribus

323 3134 337 3185 1
354 3131 454 3185 Matth.
472 3131 519 3195 XI,
537 3132 585 3197 253
603 3131 671 3186 Luo.
688 3132 722 3198 X,
739 3134 782 3184 21.
820 3133 851 3183 17
871 3130 938 3185 Gen.
957 3131 1005 3197 ΠΙ,
1026 3133 1066 3184 19.
1105 3134 1136 3184 19
1155 3131 1225 3186 ibid.
1245 3133 1278 3186 17
1297 3149 1337 3200 sq.

322 3290 335 3341 1
356 3286 708 3342 οοηῖὶῖεΞοτΡοοιιῖὶῖεοτ
718 3287 772 3340 ΤΕ
821 3288 874 3341 dile
884 3287 1025 3356 paterdr're
1036 3289 1176 3343 caelorum
1188 3287 1416 3356 Vdominepater

277 3376 417 3430 caelorum
435 3375 461 3428 R
479 3375 533 3428 dr‘re
550 3371 750 3443 patzzceli
769 3375 796 3427 Ρ
810 3378 890 3443 peter
902 3374 1012 3428 domine
1024 3375 1175 3444 oacliTcs.
1194 3375 1258 3428 Abla
1278 3375 1326 3428 IV
1332 3393 1362 3445 p.
1379 3371 1416 3426 82
1525 3447 1526 3450 Ἴ

1203 3461 1211 3500 t

276 3515 433 3583 dparnolis
456 3514 482 3566 V
530 3514 655 3582 4primo
678 3513 727 3566 VP
777 3515 965 3582 5maximaeq
983 3514 1009 3567 R
1061 3513 1257 3583 praedicatorio
1276 3515 1303 3567 R
1354 3527 1415 3581 pm·

277 3618 534 3686 feneaeadqueVR
569 3619 804 3672 connectiturrn'
837 3601 901 3697 ⁷{i
915 3619 1021 3673 aaran
1073 3623 1190 3675 scarras
1201 3620 1227 3674 a*
1257 3620 1380 3673 sestam.
1395 3614 1417 3668 ι’

279 3725 310 3776 11
330 3722 481 3792 corporalis
491 3721 551 3775 ΙΨ
605 3724 638 3777 14
656 3727 684 3775 et
702 3723 805 3791 ergoP
855 3727 931 3776 terra
949 3727 978 3777 et
994 3721 1151 3778 habueritb
1204 3727 1233 3776 et
1250 3719 1415 3776 amiserit-

278 3810 352 3878 quod
379 3811 439 3861 odd.
461 3827 493 3861 m.
513 3808 581 3862 27
632 3811 664 3862 15
683 3814 711 3862 et
729 3809 854 3863 amiserit
877 3811 902 3864 l'
951 3810 1122 3864 ostendimus
1150 3809 1201 3862 PT
1225 3809 1415 3864 ostenditure

277 3892 353 3966 terra
371 3915 397 3966 P
412 3917 520 3967 ternam
542 3914 568 3967 V
628 3915 661 3968 16
687 3924 744 3983 post
767 3913 943 3967 meminimus
970 3932 1042 3984 supr.
1066 3931 1115 3968 scr.
1143 3906 1191 3968 eni
1209 3914 1235 3967 R
1299 3915 1331 3966 17
1357 3927 1412 3980 spo·

277 4053 377 4106 liatnm
405 4051 437 4116 (u
463 4054 491 4104 in
517 4050 583 4117 ros.)
611 4053 638 4105 R
691 4053 745 4121 ipsi
772 4070 803 4106 ex
828 4052 887 4122 ipse
914 4071 946 4106 m.
974 4052 995 4106 2
1018 4054 1043 4107 V
1091 4010 1181 4108 terrai
1208 4071 1275 4107 corr.
1302 4071 1335 4106 m.
1353 4049 1418 4103 27

280 4139 391 4193 lilibus
414 4139 440 4191 V
488 4137 700 4208 hac÷÷post
718 4140 744 4193 R
761 4138 829 4193 haec
855 4144 919 4208 post
942 4140 991 4194 VP
1041 4143 1075 4194 22
1093 4139 1167 4208 quod
1187 4157 1243 4193 non
1262 4140 1372 4195 carebat
1393 4135 1417 4190 l'

278 4228 312 4277 23
331 4226 483 4279 terras—R
502 4224 631 4294 (somme
648 4229 782 4296 lepcndom
800 4226 914 4291 terrae).
