3075 4967
426 255 604 305 tractatus
628 251 664 304 in
686 250 855 320 psalmum
878 249 936 304 LV.
1191 248 1251 313 167

136 439 289 505 laudabo
318 441 492 506 uerbum.
536 439 597 506 hoc
629 459 704 525 ergo
738 441 868 506 uerbum
891 457 980 504 suum
1003 439 1036 502 in
1059 440 1119 504 deo
1142 437 1252 516 laudat¹

135 545 207 626 quod
228 545 307 609 deum
328 564 418 610 suum
441 565 511 610 esse
533 545 688 630 cognouit

173 647 217 711 11.
239 647 337 732 Neque
360 649 393 713 id
415 655 534 714 tantum
557 647 670 728 laudat,
693 649 750 712 sed
774 649 867 714 etiam
889 647 973 724 illud,
1002 648 1085 731 quod
1115 647 1252 728 sperauit

133 751 160 814 in
181 771 214 816 ao
235 772 286 816 non
308 759 457 826 metuens,
488 754 563 838 quid
587 752 681 818 homo
704 753 763 818 sibi
787 752 887 818 faciat.
933 751 1003 817 heac
1035 750 1126 832 plane
1157 750 1253 834 digna

134 856 237 921 carobs
256 856 391 922 omuibus
412 877 472 923 uox
495 867 550 936 est,
574 863 753 922 constanter
775 856 855 922 inter
868 856 1086 922 insectationes
1101 854 1253 920 humanas
1292 889 1304 923 a

133 957 217 1024 fidem
240 966 334 1026 tenere
357 967 389 1027 et
410 967 494 1027 metu
528 968 658 1028 terrenae
681 960 876 1027 turbulentiae
898 981 960 1026 non
989 961 1106 1026 moueri
1137 977 1254 1042 speque

132 1063 285 1129 certissima
305 1066 386 1149 quod
420 1065 538 1149 aliquid
574 1067 740 1131 aduersum
775 1066 889 1130 animae
921 1065 1126 1130 carnatem
1158 1062 1253 1128 homo

132 1164 278 1232 allecturus
299 1170 338 1234 sit
360 1189 421 1234 non
444 1170 562 1249 timere,
586 1190 656 1235 oum
680 1175 750 1252 post
763 1169 1016 1235 intercessionem
1033 1168 1142 1233 mortis
1163 1167 1253 1232 istius

131 1271 158 1333 in
171 1271 358 1338 immortalem
375 1272 508 1358 gloriam
533 1281 563 1338 et
585 1273 739 1355 corruptio
761 1280 793 1340 et
813 1273 979 1338 iufirmitas
994 1280 1101 1338 nostra
1110 1277 1252 1337 mutetur.

130 1381 211 1458 atque
231 1377 265 1440 ob
286 1378 316 1443 id
349 1397 511 1444 sermones
545 1397 624 1454 suos,
659 1377 771 1462 quibus
805 1397 839 1444 se
872 1383 1050 1459 sperantem
1072 1376 1106 1441 iu
1127 1376 1252 1440 domino
1280 1409 1304 1444 ιο

54 1503 56 1506 ·
131 1478 279 1546 humanam
300 1483 363 1546 uim
386 1487 574 1564 protestatur
596 1503 656 1547 non
680 1487 826 1560 metuere,
861 1481 1024 1547 conlaudat
1056 1481 1180 1546 dicens:
1213 1479 1252 1545 in

131 1582 270 1648 domiuo
305 1586 480 1652 laudabo
518 1607 750 1665 sermonem,
788 1588 828 1651 in
866 1585 1027 1651 domino
1060 1583 1252 1667 sperabo:

132 1706 195 1750 non
217 1689 368 1768 timebo,
392 1691 488 1774 quid
512 1690 642 1756 faciat
665 1687 762 1778 mlibi
787 1689 909 1756 homo.
955 1691 995 1754 ob
1015 1687 1075 1754 hoc
1097 1706 1252 1773 ergosar·

131 1809 235 1856 monem
257 1813 342 1858 suum
365 1793 471 1859 laudat
492 1794 522 1859 in
547 1794 680 1874 domino,
715 1795 787 1878 quia
820 1813 949 1876 sperans
978 1794 1010 1858 iu
1034 1813 1070 1858 eo
1093 1792 1251 1858 hominem

131 1913 181 1958 non
203 1895 320 1963 timebit.
1280 1929 1304 1967 1⁵

168 2001 209 2065 12.
232 2001 289 2067 Sed
311 2009 344 2067 ut
367 2003 500 2081 doceret,
522 2003 637 2068 idcirco
661 2024 694 2068 ae
719 2002 795 2068 nihil
819 2005 858 2069 ab
882 2003 1008 2068 homine
1023 2003 1252 2084 pertimescere,

131 2104 200 2186 quia,
221 2105 243 2169 si
267 2108 340 2190 qaid
363 2108 526 2189 potestatis
560 2127 622 2173 sua
646 2109 832 2173 exseruisset
853 2109 884 2172 in
909 2127 1043 2188 corpore.
1077 2108 1110 2172 id
1132 2125 1251 2170 rursum

131 2210 340 2276 resurrectionis
376 2209 475 2294 gloria
509 2211 575 2275 sine
610 2231 771 2293 corporum
806 2211 875 2277 laba
898 2210 1084 2290 redhiberet
1107 2209 1252 2276 subiecit:

130 2308 160 2372 in
181 2331 231 2378 me
252 2322 350 2392 sunt,
373 2315 590 2396 deus,uota
606 2334 687 2399 quae
703 2317 868 2381 reddam
885 2316 1142 2382 laudationis
1158 2314 1250 2379 tibi:

130 2419 294 2496 quoniam
328 2421 477 2484 eruisti
510 2421 682 2485 animam
706 2440 829 2485 meam
853 2441 871 2484 a
893 2426 1024 2486 morte
1057 2427 1094 2485 et
1128 2419 1252 2502 pedes
1280 2455 1304 2490 uo

132 2522 444 2606 meosdalapsu;
477 2531 518 2588 ut
541 2523 721 2604 placeam
756 2545 889 2590 coram
924 2527 996 2589 deo
1030 2525 1067 2588 in
1104 2512 1253 2588 lumina

130 2623 342 2692 uiuentium.
400 2647 459 2692 non
498 2636 584 2692 extra
630 2649 663 2694 se
709 2636 781 2694 sunt
828 2630 895 2708 ista
936 2648 1004 2712 quae
1043 2633 1156 2710 sperat,
1195 2647 1252 2692 nee

130 2723 291 2796 laudationis
314 2738 395 2812 uota,
421 2752 488 2817 quae
511 2733 628 2808 reddet,
652 2739 723 2798 sunt
746 2734 936 2798 extrinsecus
960 2733 1159 2814 capessenda
1183 2731 1250 2814 ipse

129 2831 198 2896 euim
229 2835 283 2900 sibi
315 2837 548 2902 resurrectionis
583 2843 631 2901 est
664 2837 824 2916 dominus;
863 2837 930 2918 ipse
964 2837 1036 2902 huic
1072 2841 1191 2901 mortuo
1223 2843 1253 2899 et

128 2932 194 3000 iutra
214 2939 383 3020 sepulcrum
407 2940 511 3005 relicto
535 2942 653 3022 corpori
679 2942 793 3006 diuina
816 2947 933 3006 naturae
963 2961 1026 3006 suae
1049 2940 1156 3005 tribuit
1178 2959 1252 3004 con·
1280 2973 1304 3009 ae

129 3039 245 3108 sodium.
289 3064 390 3129 neque
413 3045 493 3109 enim
511 3045 729 3111 resurrecturis
744 3045 889 3110 omuibus
904 3047 943 3111 ab
960 3046 1109 3110 exteriore
1125 3043 1253 3108 materia

128 3161 220 3224 corpus
240 3147 411 3231 adquiritur
432 3167 532 3232 nequa
555 3149 729 3234 peregrinae
752 3149 882 3232 originis
906 3156 1163 3232 externarumque
1183 3167 1252 3213 cau·

128 3263 213 3313 sarum
245 3259 356 3316 natura
389 3251 586 3318 redhibetur:
621 3253 677 3318 sed
710 3253 845 3334 idipsum
875 3252 1098 3334 inprotectam
1129 3257 1252 3316 aterna

127 3347 254 3419 claritatis
277 3362 426 3440 emerget,
450 3356 563 3440 fietque
587 3359 618 3420 in
643 3377 678 3422 co
702 3358 910 3423 demutatione
934 3357 1034 3438 potius
1057 3376 1150 3441 quam
1166 3375 1252 3420 croa-

127 3453 201 3535 tione,
216 3460 294 3540 quod
320 3479 430 3524 nouum
454 3461 502 3526 sit.
549 3469 620 3526 sunt
643 3481 718 3546 ergo
742 3463 773 3526 in
797 3482 831 3527 se
855 3469 932 3539 uota,
952 3480 1020 3545 quae
1043 3460 1154 3526 reddet
1176 3465 1238 3524 tum
1279 3491 1304 3528 a

158 3650 241 3702 tuou
265 3655 392 3704 metuens
421 3649 504 3718 qun
557 3655 767 3705 decurtantem
796 3636 881 3706 Pr‘E‘
925 3649 979 3706 int*
1000 3651 1086 3718 (inter
1104 3651 1141 3717 Τ)
1165 3657 1251 3706 secta·

125 3730 199 3788 tiones
224 3735 273 3789 PT
325 3734 530 3791 dturbblentie
559 3739 585 3790 P
636 3739 709 3806 'lqd
737 3739 809 3792 uihil
835 3740 984 3794 aduenam
1014 3737 1038 3787 T
1087 3740 1151 3794 ain
1178 3755 1251 3792 mor·

124 3819 232 3874 talemlt
285 3825 318 3876 10
335 3823 425 3892 adque
438 3825 464 3877 R
518 3826 551 3879 18
568 3825 746 3880 rediberetP
798 3829 831 3880 19
849 3831 974 3881 uotatua
988 3827 1027 3880 Re
1079 3826 1252 3880 laudationes

124 3905 153 3957 lle
200 3909 233 3963 23
250 3927 320 3977 quae
338 3909 437 3964 reddat
451 3911 504 3980 Τῇ
522 3911 631 3965 reddita
644 3913 670 3964 P
683 3929 752 3980 quae
771 3913 938 3967 reddendae
975 3916 1162 3989 *Mamertae
1176 3914 1255 3966 PTE

122 3991 295 4050 lbtribuetR
347 3999 382 4051 28
400 3997 563 4052 redhibetur
575 4000 600 4051 R
616 3997 699 4068 (quod
715 4010 774 4052 noto
788 4010 899 4070 propter
908 4002 977 4070 sota.
995 4000 1176 4062 odeeoerl.)
1189 4001 1251 4054 red·

122 4075 214 4134 libitui·
233 4080 408 4138 Tredibitur
427 4085 452 4136 P
468 4085 604 4153 recipitur
621 4105 664 4138 cn.
680 4087 838 4154 Vot.rec.,e
889 4089 924 4141 29
942 4086 1061 4156 emergit
1080 4087 1158 4139 ΡΓΕ
1208 4087 1252 4140 fla

123 4215 190 4270 ineo
207 4179 269 4303 quie⁰
294 4221 335 4284 (in
353 4239 435 4286 morp.
454 4221 482 4291 q)
505 4223 694 4279 demutatione
713 4225 738 4278 R
756 4224 842 4293 litque
860 4225 890 4278 iu
909 4242 941 4278 eo
960 4226 1148 4280 demutatione
1168 4227 1251 4280 ΡΤΕ.
