3075 4967
291 285 354 352 258
633 289 750 342 sancti
774 289 909 342 Hilarii
934 290 1098 358 episcopi

291 477 458 543 inimica
495 479 737 544 deuincetur
775 499 896 558 mors;
935 487 1006 546 tunc
1041 479 1122 545 solus
1156 481 1188 544 in
1225 481 1336 545 uirtute
1371 499 1420 544 soc

291 581 394 647 saeculi
417 583 633 648 dominabitur.
680 602 761 648 nuuc
792 584 874 648 enirn
906 585 1048 668 quamuis
1078 593 1195 669 regnet
1218 591 1324 650 tamen
1345 583 1419 668 prin

291 705 365 767 ceps
387 685 479 751 huius
502 686 605 752 saculi
627 687 724 767 petiit,
758 693 792 751 ut
814 689 906 753 modo
930 688 1022 753 tritici
1045 688 1199 769 apostolos
1222 693 1372 764 cerneret:
1393 693 1421 752 et

290 797 362 854 sunt
383 791 537 871 spiritales
552 791 699 874 nequitiae
715 792 748 856 in
763 790 945 870 caelestibus,
968 791 1134 858 aduersum
1151 813 1228 876 quas
1243 791 1420 874 spiritalibus

251 923 264 960 s
291 913 346 958 uos
370 894 465 959 armis
495 895 603 960 beatus
633 894 745 960 Paulus
775 896 928 973 instruxit,
958 898 1125 961 aduersum
1156 915 1233 980 quas
1263 895 1421 961 militantes

290 1016 347 1062 nos
380 996 454 1062 fidei
488 1012 608 1098 nostrae!
630 998 742 1082 angeli,
777 999 829 1082 qui
863 1002 1035 1066 secundum
1069 999 1231 1084 euangelia
1265 999 1373 1066 cotidie
1394 999 1420 1062 in

290 1101 373 1166 caelis
403 1103 497 1167 deum
526 1107 648 1183 patrem
682 1103 797 1182 uident,
839 1109 1039 1186 prosecuntur
1073 1111 1104 1170 et
1136 1104 1347 1169 misericordia
1378 1103 1422 1166 dei

290 1205 432 1289 protegit.
1315 1295 1317 1298 .

335 1309 385 1374 14.
409 1312 514 1393 Atque
537 1310 575 1374 ob
599 1311 631 1375 id
654 1312 868 1395 consequitur:
903 1311 1010 1376 oculi
1033 1313 1119 1378 eius
1143 1331 1262 1392 super
1285 1319 1422 1395 gentes

239 1443 264 1480 ιο
289 1412 531 1494 respiciunt.
575 1416 614 1480 ab
630 1415 713 1478 omni
729 1415 812 1480 euim
829 1416 1012 1496 inpeccatis
1036 1421 1175 1481 morante
1198 1415 1297 1481 uultus
1314 1414 1423 1481 domini

290 1536 414 1582 auersus
445 1524 501 1583 est
546 1517 614 1583 haec
643 1538 779 1602 numque
810 1519 1042 1585 indemutabilis
1072 1520 1122 1585 dei
1153 1519 1330 1604 significata
1358 1539 1423 1583 cun·

290 1621 390 1686 uersio
419 1629 481 1687 est:
515 1643 577 1688 non
612 1624 693 1706 quod
728 1630 888 1708 tamquam
918 1643 975 1704 per
1004 1629 1146 1688 naturam
1177 1623 1365 1705 corporalem
1394 1642 1424 1686 se

290 1744 445 1808 quoquam
467 1732 520 1791 aut
542 1733 661 1792 auertat
684 1734 737 1792 ant
769 1726 892 1804 reserat,
927 1729 982 1792 scd
1016 1729 1097 1812 quod
1132 1747 1189 1809 par
1221 1733 1315 1812 atque
1347 1727 1422 1791 idern

289 1829 450 1913 :aqualiter
471 1849 596 1911 semper
618 1850 748 1896 manens
769 1832 1009 1917 uniuscuiusque
1031 1831 1142 1896 auxilio
1165 1853 1219 1913 pro
1253 1833 1424 1897 meritorum

238 1961 263 1996 η
289 1934 468 2001 diuersitate
497 1942 550 1999 aut
580 1936 660 2000 desit
689 1944 741 2001 sut
770 1937 861 2001 adsit.
907 1957 945 2001 ex
967 1956 1100 2017 persona
1123 1936 1204 2000 enirn
1234 1942 1423 2018 peccatorum

289 2038 569 2119 itascriptumost:
592 2048 731 2105 auerte
754 2039 902 2106 taciem
926 2047 1032 2107 tuam
1056 2060 1074 2105 a
1096 2041 1280 2124 peccatis
1297 2057 1423 2105 eorum

289 2143 469 2208 etiterum:
501 2163 624 2226 quare
655 2145 814 2210 auertis
844 2144 990 2210 faciem
1021 2151 1129 2210 tuam
1159 2149 1197 2210 et
1219 2144 1423 2209 dexteram

290 2245 420 2311 tuam?
444 2253 475 2312 et
498 2267 637 2312 rursum:
672 2249 870 2314 auertisti
899 2248 1046 2314 faciem
1077 2255 1193 2326 tuam,
1227 2254 1266 2312 et
1296 2248 1424 2312 factus

289 2370 373 2416 sum
401 2351 678 2417 conturbatus.
723 2353 776 2416 ubi
805 2359 906 2418 autem
937 2353 1087 2419 iustorum
1109 2371 1241 2434 persona
1274 2357 1425 2417 tractatur.

237 2478 263 2518 sc
290 2454 358 2521 haec
382 2455 572 2521 dictasunt:
607 2457 715 2522 oculi
749 2458 898 2522 dornini
933 2458 1207 2538 superiustos
1242 2463 1280 2522 et
1315 2471 1425 2521 aures

289 2559 376 2625 cius
408 2559 448 2623 in
482 2579 626 2639 preces
656 2581 792 2626 eorum
827 2567 858 2626 et
890 2563 1019 2626 iterum:
1050 2560 1157 2627 oculi
1182 2561 1238 2624 tui
1262 2561 1425 2626 uideant

289 2663 504 2746 aequitates
537 2669 569 2728 et
605 2665 768 2745 deinceps:
803 2666 1064 2749 designatum
1106 2670 1169 2730 est
1201 2684 1325 2745 super
1361 2681 1425 2726 nos

289 2767 422 2832 lumen
445 2766 582 2833 unitus
612 2769 677 2846 tui,
708 2769 883 2848 domine:
907 2788 982 2854 ergo
1006 2768 1207 2850 incorporalis
1238 2769 1316 2834 deus
1338 2767 1425 2832 mise·

288 2871 429 2936 ricordiae
469 2891 532 2937 suae
577 2872 672 2939 oculis
717 2881 748 2939 et
793 2881 954 2959 tamquam
999 2875 1170 2940 ministerio
1214 2872 1425 2938 famulantium

237 2997 263 3035 a
289 2974 473 3058 angelorum
506 2975 640 3060 protegit
673 2983 792 3062 gentes,
827 2991 857 3042 et
885 2979 918 3042 in
948 2997 1058 3043 ornnes
1074 2978 1235 3043 credentes
1258 2977 1374 3041 donum
1396 2993 1426 3038 sa

289 3078 401 3144 diuinae
423 3080 629 3145 miserationis
652 3079 788 3146 effundit

334 3276 366 3330 re
383 3277 522 3344 rann.
560 3277 839 3345 17Ps.txxltl,11.
877 3279 909 3332 18
927 3279 1113 3347 rsxxrxs.
1150 3276 1426 3344 sortitumque.

287 3363 757 3432 mmmmmmmn

1411 3499 1419 3538 ι

324 3555 521 3609 ldeuincetur
532 3553 816 3609 RTEdeuinciturP
866 3555 1004 3610 asmodi
1017 3557 1042 3609 R
1060 3557 1170 3610 saeculo
1189 3557 1268 3609 PTE
1318 3554 1425 3624 3petit

290 3643 315 3694 Τ
332 3641 403 3709 petit
421 3641 485 3695 RPe
536 3641 718 3696 dadusrsum
727 3643 805 3696 RV!
816 3643 947 3698 aduersus
964 3644 992 3696 E
1043 3643 1241 3712 deunangelia
1255 3643 1279 3692 R
1333 3645 1425 3712 'lpro-

288 3734 422 3782 secuntur
448 3728 493 3780 Ra
519 3733 725 3797 prosequuntur
751 3730 815 3782 PTa
867 3734 896 3783 et
922 3748 970 3783 om.
999 3731 1025 3784 R
1084 3732 1116 3784 11
1137 3741 1196 3802 post
1223 3727 1426 3784 indemutabilis

289 3833 355 3868 eros.
372 3819 416 3868 est
434 3815 460 3868 R
531 3817 563 3870 13
591 3831 730 3883 quoquam
757 3816 783 3869 R
810 3832 901 3942 quoqb
910 3836 930 3867 c
954 3835 1040 3886 quoq.
1070 3817 1120 3870 ΡΤ
1181 3821 1242 3886 atq3
1270 3821 1297 3870 in
1326 3835 1378 3870 ros
1403 3813 1425 3867 R

291 3955 323 4006 14
341 3969 449 4022 semper
466 3971 538 4023 supr.
555 3973 605 4008 ser
625 3955 650 4007 T
685 3957 718 4009 15
737 3955 804 4009 assit
823 3955 848 4007 T
882 3955 938 4009 dsit
956 3955 1049 4010 Re
1051 3957 1160 4010 texR
1213 3959 1246 4012 19
1264 3971 1381 4026 persons
1398 3971 1426 4006 er

289 4093 472 4161 personante
524 4099 661 4147 tractatur
678 4039 764 4148 ss'lisinec
784 4095 836 4159 (ibi
854 4113 925 4166 supr.
943 4114 992 4150 scr.
1011 4114 1044 4149 m.
1057 4093 1090 4161 2)
1111 4097 1137 4149 P
1186 4098 1221 4150 22
1239 4093 1426 4164 deincenpsT

288 4180 323 4232 26
341 4177 443 4232 donum
461 4197 490 4235 se
509 4181 577 4233 ΡΤα
596 4182 668 4234 dona
685 4199 715 4236 se
731 4200 763 4235 aa
780 4181 853 4236 dond
872 4199 900 4236 se
920 4183 1066 4237 Edonum
1089 4185 1127 4236 ed.
1153 4183 1237 4236 Bosit.
1262 4183 1345 4246 1550,
1365 4182 1424 4234 Pur.

292 4263 365 4318 1572
383 4263 432 4328 (uc
450 4266 553 4320 donum
571 4267 655 4321 suae?
673 4269 708 4337 cs.
727 4270 800 4322 Stad.
820 4268 892 4323 1889
908 4287 936 4340 p.
954 4267 1031 4336 317).
