3075 4967
400 266 586 317 tractatus
610 263 644 315 in
668 263 845 332 psalmum
869 263 915 315 lx.
1189 263 1229 326 λ]

108 453 227 534 estqui
256 453 310 516 ait:
345 451 412 535 qui
436 453 567 517 credit
600 454 638 516 in
670 473 727 518 me
758 472 834 516 non
864 451 1128 527 iudicabitur,
1159 452 1229 516 secl

107 557 264 621 transiet
298 558 342 622 de
380 561 507 621 morte
551 559 599 621 ad
636 559 776 633 uitam,
822 556 965 621 dominus
1002 563 1107 622 noster
1141 555 1228 620 lesus

106 658 238 736 Christus,
262 661 309 743 qui
333 667 382 726 eet
406 661 586 756 benedictus
609 661 639 724 in
665 661 778 726 saecula
800 660 990 726 eaeculorum.
1035 679 1135 724 amen.

414 813 467 896 llll
495 813 636 899 llllllll
664 815 714 896 lll.
744 813 901 898 Psntnt.

165 937 204 1001 ln
226 939 348 1002 linem
372 937 642 1020 prooccultis
665 937 757 1002 filii.
802 938 993 1006 Psalmus
1016 939 1154 1005 Dauid.
1270 971 1283 1005 a

145 1048 165 1105 l.
186 1041 377 1123 Quorundam
408 1041 596 1124 psalmorum
620 1041 760 1108 absoluta
782 1042 996 1128 intellegentia
1018 1053 1072 1122 est,
1096 1064 1229 1128 quorun·

104 1144 164 1210 dam
184 1145 342 1211 obscurior
359 1165 468 1212 seusus
491 1152 553 1222 est;
577 1147 792 1212 diuersitatem
814 1153 979 1232 utramque
1001 1147 1105 1213 adfert
1127 1149 1230 1213 diuer-

104 1247 167 1312 sitas
187 1250 361 1331 prophetiae.
406 1271 462 1334 per
483 1249 581 1314 multa
616 1270 751 1334 namque
775 1258 805 1317 et
828 1251 915 1317 uaria
937 1270 1054 1337 genera
1075 1252 1229 1318 sermonis

103 1353 135 1416 ad
161 1355 342 1437 agnitionem
378 1355 427 1420 dei
461 1354 621 1419 hominem
654 1355 781 1436 spiritus
815 1361 939 1421 sanctas
972 1356 1112 1432 instituit,
1146 1374 1229 1420 nuno

103 1466 345 1524 sacramentorum
368 1458 485 1524 occulta
521 1469 722 1540 perusturos
745 1465 777 1524 et
798 1460 1034 1542 cooperationes
1066 1458 1226 1524 hominum
1256 1487 1282 1525 ιο

104 1561 346 1642 conprehendens
369 1583 452 1628 nuno
474 1561 546 1627 fidei
581 1563 814 1644 simplicitatem
837 1563 1004 1628 uerbomm
1034 1562 1229 1629 absolutione

103 1667 300 1745 momentana,
333 1687 414 1732 nuno
436 1669 507 1731 uitae
530 1668 672 1732 ordinem
703 1674 928 1750 preceptorum
957 1669 1086 1732 ueritate
1118 1666 1229 1732 confrr-

104 1787 185 1846 nans‚
206 1791 284 1835 nunc
308 1772 383 1854 quid
408 1771 632 1852 prouidendum
655 1771 696 1836 sit
719 1777 750 1836 et
773 1773 946 1836 cauendum
979 1792 1035 1852 per
1065 1791 1229 1854 personam

103 1871 248 1954 propheto,
271 1875 324 1958 qui
348 1875 502 1958 psalmum
526 1875 651 1950 scribat,
676 1877 859 1940 ostendens:
890 1884 922 1940 ut
945 1895 1001 1959 per
1023 1875 1105 1940 hanc
1127 1873 1229 1940 multi·

103 1975 197 2055 plicam
229 1986 259 2043 et
292 1979 422 2044 diuitem
456 1979 574 2058 copiam
610 1980 766 2055 doctrinae,
802 1999 856 2061 per
885 1981 1037 2062 quasdam
1072 1985 1173 2060 partes
1196 1985 1229 2045 et
1256 2009 1282 2046 ιι

101 2079 271 2146 incrementa
301 2083 439 2148 discendi
470 2083 561 2146 totius
591 2082 811 2167 intellegentiae
840 2083 1002 2148 adificntio
1036 2088 1227 2164 conparetur.

104 2192 128 2248 et
145 2187 197 2250 erit
218 2187 307 2251 nobie
336 2186 473 2268 psalmus
497 2187 613 2267 positus
635 2188 665 2251 in
690 2186 875 2271 exemplum,
899 2187 984 2252 cuiue
1007 2187 1229 2268 superscriptio

104 2287 160 2352 talis
182 2297 241 2356 est:
264 2291 302 2355 in
335 2291 459 2356 linem
482 2311 552 2371 pro
574 2289 738 2356 occulta
761 2289 858 2373 filii,
882 2290 1065 2372 psalmus
1089 2290 1227 2354 Dauid.

104 2392 188 2476 itaque
220 2415 274 2476 per
307 2401 452 2459 naturam
486 2414 601 2473 eorum,
636 2414 704 2477 quae
736 2401 767 2460 et
797 2393 918 2461 occulta
947 2399 979 2461 et
1009 2395 1041 2458 in
1063 2394 1125 2459 fine
1149 2399 1228 2472 sunt

103 2501 248 2578 quaerenda
271 2505 319 2564 est
341 2497 452 2580 psalmi
477 2497 697 2583 intellegentia.
1254 2529 1279 2566 aa

136 2599 320 2668 arsamus
354 2603 520 2683 inscriptus
555 2622 613 2666 uon
649 2607 697 2667 est
731 2603 770 2666 in
804 2603 931 2667 linem
965 2622 1035 2687 pro
1067 2600 1229 2668 occulta

102 2701 178 2783 lilii,
199 2709 256 2772 nisi
280 2712 400 2772 tantum
424 2707 455 2770 in
478 2707 519 2782 id,
536 2713 578 2783 nt,
602 2725 639 2770 err
662 2706 773 2790 quibus
797 2705 934 2789 psalmus
957 2706 1024 2790 ipse
1037 2705 1228 2783 consisteret,

103 2817 266 2876 nosceretur.
312 2811 417 2875 omnia
439 2815 550 2886 autem,
574 2828 642 2892 quae
665 2809 705 2874 ad
729 2809 851 2874 titulum
881 2810 1034 2876 sermonis
1064 2808 1228 2886 adduntur,

103 2913 254 2996 exquibus
284 2935 388 2980 sermo
419 2914 460 2979 sit
488 2914 590 2992 initus,
625 2917 784 2979 testantur.
831 2933 891 2978 uon
915 2912 1000 2978 enim
1023 2914 1174 2992 conuenit,
1196 2919 1229 2978 ut

102 3013 126 3077 in
145 3037 279 3085 sermone
302 3017 385 3084 aliud
408 3019 456 3097 sit,
486 3016 568 3082 aliud
599 3017 631 3082 in
655 3015 749 3096 titulo,
789 3018 862 3101 quia
892 3016 996 3082 titulus
1024 3017 1109 3082 uelut
1137 3017 1230 3082 index
1257 3047 1282 3085 aa

103 3137 190 3185 eornm
211 3129 264 3199 cst
281 3123 321 3188 de
344 3121 456 3206 quibus
479 3121 630 3187 scribitur.
653 3120 740 3187 uerbi
764 3121 859 3206 igitur
881 3121 956 3200 eius,
979 3123 1063 3205 quod
1085 3122 1123 3186 in
1146 3120 1230 3186 fine

103 3220 202 3304 dicitur,
223 3227 300 3292 ratio
324 3233 371 3292 est
393 3224 610 3310 intellegenda.
644 3226 675 3290 in
699 3224 761 3292 line
786 3232 843 3304 est,
866 3224 948 3290 ultra
970 3225 1053 3308 quod
1075 3223 1153 3290 nihil
1171 3230 1228 3307 est7

136 3329 216 3384 lloh.
235 3331 267 3398 V,
287 3333 330 3384 24.

137 3435 203 3488 lest
219 3455 267 3488 om.
288 3435 320 3488 lt.
373 3433 498 3503 Explicit
515 3433 637 3503 psalmus
650 3433 676 3488 11
694 3431 795 3502 incipit
813 3432 848 3486 de
866 3433 950 3486 titulo
963 3433 1031 3486 noni
1049 3431 1150 3501 psalmi
1167 3431 1229 3486 ieli-

103 3519 159 3572 oiter
185 3523 219 3574 Vr
247 3521 327 3576 Finit
355 3521 478 3592 psalmus
507 3521 541 3574 Il.
573 3519 674 3589 incipit
692 3540 815 3571 ΞΞΞ
833 3519 899 3573 XIII
923 3517 949 3568 R
1001 3520 1018 3573 5
1045 3519 1075 3572 iu
1093 3517 1177 3572 linem
1195 3546 1230 3555 -

102 3601 175 3660 Dauid
191 3611 237 3662 del.
255 3609 281 3663 V
331 3606 472 3661 liliiom.r
524 3605 1007 3676 liquorundameaequorumdamV
1056 3608 1231 3673 Vutraquer

102 3690 210 3760 ntiqneb
266 3697 283 3748 8
310 3709 429 3763 namque
456 3713 486 3748 ex
511 3710 583 3763 quae
609 3711 676 3748 corr.
695 3692 767 3746 na?
791 3693 816 3748 V
867 3695 900 3748 10
926 3697 955 3747 et
972 3712 1003 3746 ex
1020 3697 1049 3747 et
1066 3695 1096 3745 et
1113 3711 1146 3745 m.
1165 3690 1186 3743 2
1208 3691 1234 3746 V

101 3782 315 3848 comparationem
332 3781 363 3834 rb
403 3781 540 3835 'omnium
562 3780 807 3850 conpraehendere
831 3779 856 3834 V
907 3781 940 3834 lil
966 3783 1182 3849 praeceptorum
1200 3796 1231 3832 a

103 3869 319 3966 prpcoioeptorum
346 3885 413 3922 corr.
440 3887 472 3922 m.
501 3867 517 3921 1
549 3867 575 3922 V
626 3869 658 3921 15
686 3866 837 3948 quandonam
861 3884 928 3921 corr.
953 3885 986 3920 m.
1006 3867 1023 3919 1
1046 3867 1072 3921 V
1123 3867 1155 3919 16
1174 3864 1230 3919 nis·

103 3971 377 4039 onipommffl
428 3974 459 4028 17
472 3971 553 4027 nobis
571 3989 627 4042 sup.
646 3970 844 4025 lin.am.2V
903 3973 936 4024 18
953 3987 1005 4039 pro
1017 3969 1129 4024 oaonlta
1146 3967 1230 4032 Vrcs.

104 4055 163 4113 Nona
178 4062 306 4116 Formenl.
324 4061 364 4126 II,
392 4059 445 4113 784
463 4062 584 4114 &bertier
601 4059 639 4128 11,
658 4059 698 4112 20
751 4061 785 4112 19
813 4062 842 4112 et
865 4055 921 4111 fine
945 4057 970 4112 V
1019 4059 1051 4110 21
1080 4056 1230 4111 inscribtus

103 4147 206 4210 tettan
231 4167 289 4219 nep.
316 4148 363 4200 tta.
390 4165 407 4200 o
437 4165 470 4200 m.
498 4146 518 4200 2
549 4147 575 4201 V
631 4147 667 4200 Ἃ
697 4148 837 4200 testantur
866 4163 897 4198 en
923 4148 1070 4198 nectantur
1096 4161 1128 4196 m·
1156 4141 1177 4195 2
1208 4140 1234 4196 V

104 4247 392 4307 aleramnus
440 4251 475 4306 ao
492 4218 809 4316 attremant
857 4253 962 4302 eatam.
980 4247 1006 4301 V
1060 4245 1230 4300 merome.
