3075 4967
289 239 351 304 792
626 239 743 293 sancti
768 239 904 294 Hilarii
928 241 1090 310 episcopi

287 430 405 496 seilicet
428 428 520 494 huius
543 429 716 514 euangelici
732 449 866 494 memor:
891 449 937 494 er
958 429 1098 494 uerbis
1122 431 1204 496 tuis
1226 430 1417 496 iustifica-

287 534 408 611 beris,
444 540 511 599 aut
544 554 588 599 err
621 534 763 598 uerbis
794 535 875 598 tuis
905 534 1260 611 condemnaberis
1289 535 1418 600 recolens

287 658 409 722 quoque
434 637 577 703 exomni
601 658 635 703 se
657 638 752 702 uerbo
775 638 872 702 otioso
899 637 1049 702 rationem
1070 638 1103 702 in
1126 638 1176 703 die
1199 639 1303 703 iudicii
1326 639 1417 703 reddi·

286 751 389 808 tumm
427 741 603 807 necessario
637 743 821 824 deprecatus
858 748 906 808 est
942 742 1066 808 dicens:
1110 762 1222 822 pone,
1260 744 1417 822 domine,
1514 774 1515 837 ἶ

247 875 259 911 a
288 847 518 912 custodiam
542 846 602 911 ori
624 867 707 911 meo
730 853 769 912 et
791 847 939 912 ostium
962 846 1418 912 circumstantiaelabiis
1514 920 1515 933 ἢ

287 951 396 1016 meis.
442 969 503 1015 nou
538 949 637 1016 leuem
672 952 842 1016 custodiam
878 949 924 1015 eri
961 969 1016 1016 suo
1053 956 1122 1015 erat
1157 951 1279 1032 adponi,
1317 952 1419 1017 ostium

287 1054 405 1120 seilicet
429 1055 676 1132 circumstantie,
699 1063 732 1119 ut
747 1055 887 1120 custodia
908 1053 961 1119 illo
978 1075 1039 1119 non
1060 1055 1234 1120 obseruatio
1257 1056 1298 1120 sit
1319 1055 1418 1139 aliqua
1514 1084 1515 1125 1

286 1159 342 1225 sed
366 1158 542 1224 claustrum.
588 1158 778 1240 periculosus
794 1159 876 1224 enim
892 1158 984 1225 ualde
1006 1158 1122 1244 linguae
1137 1170 1168 1224 et
1181 1159 1419 1240 promptissimus

285 1261 390 1344 lapsus
425 1269 487 1328 est:
523 1269 553 1328 et
576 1285 613 1327 or
637 1283 674 1328 ea
696 1262 904 1342 maledictum,
939 1263 1144 1341 mendacium,
1176 1264 1353 1344 periurium,
1373 1263 1418 1327 ob
1514 1260 1515 1285 *

233 1393 257 1430 a
286 1367 426 1432 treetatio
449 1373 534 1432 motu
556 1367 638 1432 facili
661 1373 691 1432 et
714 1367 797 1432 aditu
827 1367 942 1448 patenti
972 1365 1151 1432 effemntur.
1195 1387 1321 1432 oremus
1353 1386 1419 1450 ergo
1514 1394 1515 1455 p

286 1470 374 1535 nobis
398 1471 636 1537 circumstantia
659 1471 779 1536 ostium.
823 1472 855 1536 in
885 1492 922 1536 eo
952 1471 1033 1536 enim
1065 1470 1153 1547 libro,
1185 1471 1238 1554 qni
1267 1471 1418 1536 nobiscnm
1514 1486 1515 1507 ³

286 1573 462 1640 Salomonis
503 1575 690 1652 inscribitur,
729 1577 808 1656 apud
847 1574 972 1640 Graeeos
1009 1581 1112 1641 eutem
1150 1581 1241 1659 atque
1277 1575 1418 1640 Hebrum

285 1679 445 1762 Sapientia
468 1679 578 1744 Sirach
600 1679 741 1760 habetur,
763 1680 808 1744 ite
829 1699 1006 1745 monemur:
1038 1699 1130 1746 ecce
1161 1678 1418 1745 circumualla

283 1783 592 1864 possessionem
630 1790 733 1848 tuam
772 1784 920 1866 spinis,
965 1790 1176 1868 argentum
1215 1790 1254 1849 et
1291 1802 1415 1848 aurum

232 1913 256 1950 a
284 1893 393 1952 tuum
416 1888 633 1964 constitue,
657 1894 696 1953 et
718 1888 778 1953 ori
801 1896 865 1952 tuo
888 1890 951 1953 iac
980 1887 1128 1952 ostium
1158 1893 1197 1953 et
1226 1907 1364 1963 seram,
1385 1896 1416 1950 et

283 1990 423 2056 uerbis
458 1991 539 2056 tuis
574 1991 638 2057 sac
671 1993 807 2077 iugum
841 1997 879 2057 et
912 2011 1150 2058 mensuram.
1196 1997 1229 2057 et
1261 1992 1417 2056 ostiumst-

283 2113 387 2160 seram
409 2095 455 2160 ori
478 2095 567 2161 iussit
589 2096 710 2176 adponi,
733 2117 774 2161 ne
797 2096 900 2162 uerbis
923 2102 1006 2161 esset
1028 2094 1128 2161 facilis
1142 2114 1298 2180 egressus.
1341 2096 1415 2160 idem

283 2206 386 2265 autem
413 2199 516 2264 uerbis
539 2200 642 2284 iugum
677 2220 919 2284 mensuramque
947 2201 1113 2278 constituit,
1143 2205 1177 2264 ut
1206 2200 1332 2264 rationis
1352 2200 1416 2282 iugo

284 2303 415 2380 subdita,
437 2301 550 2369 librate
571 2325 628 2385 per
649 2323 828 2370 mensuram
851 2305 1061 2370 moderatione
1082 2297 1263 2385 penderent

230 2429 255 2468 a>
328 2411 356 2473 6.
381 2407 494 2473 Tendit
516 2407 617 2473 adhue
640 2407 791 2490 propheta
814 2410 854 2474 ed
876 2408 1000 2474 iustine
1015 2407 1247 2489 perfectionem.
1292 2427 1415 2491 namque

285 2519 354 2591 post
377 2509 450 2576 fidei
474 2510 649 2587 clamorem,
672 2525 740 2593 post
762 2513 942 2592 orationem,
976 2519 1046 2595 pest
1077 2532 1180 2593 opere,
1215 2521 1286 2594 post
1314 2512 1415 2576 ostium

283 2616 344 2680 oris
367 2616 573 2680 consummari
602 2636 636 2681 se
670 2636 792 2701 quoque
821 2616 922 2681 officio
956 2615 1057 2681 cordia
1090 2622 1157 2681 orat
1190 2617 1313 2682 dicens:
1345 2633 1413 2679 nen

284 2718 470 2785 declines
493 2739 560 2785 cor
583 2741 705 2786 meum
731 2722 768 2784 in
804 2722 927 2786 uerba
948 2719 1062 2797 mala,
1093 2721 1140 2785 ad
1170 2721 1413 2786 excusandas

285 2825 574 2890 exeusationes
597 2825 634 2888 iu
659 2826 845 2909 peccatis
868 2845 952 2890 cum
974 2823 1206 2889 hominibus
1223 2823 1414 2905 operanti-

231 2945 256 2984 a
283 2926 356 2992 bus
378 2927 651 3010 iniquitatem.
698 2949 767 2994 eum
790 2950 828 2994 er
850 2929 1034 2994 innocentia)
1055 2949 1091 2994 ae
1112 2929 1238 2993 institia
1261 2927 1412 2993 studiisin

283 3031 422 3096 uitiosem
445 3030 633 3098 uoluntatem
656 3033 838 3112 decidimus,
861 3040 925 3099 turm
950 3052 1002 3099 eor
1024 3039 1159 3098 nostrum
1175 3033 1208 3096 in
1223 3032 1306 3098 male
1326 3031 1413 3097 uerba

284 3134 433 3202 declinat:
458 3157 517 3201 non
541 3144 573 3202 ut·
595 3145 757 3218 peceatum
781 3157 1022 3203 excusemus-
1050 3157 1144 3204 omne
1159 3138 1243 3202 euim
1262 3141 1411 3217 peceatum

327 3312 340 3362 1
359 3310 458 3364 Matth.
477 3311 536 3378 XII,
555 3313 597 3365 37.
633 3313 650 3364 3
669 3312 738 3365 ibid.
757 3314 799 3366 36.
837 3314 869 3367 13
887 3311 993 3366 Ecclea.
1010 3311 1136 3380 xuiuss,
1153 3315 1188 3366 28
1206 3329 1247 3381 aq.

326 3471 395 3521 lex
405 3469 497 3522 uerbis
507 3469 735 3525 iustificaberiali
787 3469 1097 3539 saondempnaberianc
1147 3471 1213 3523 3ex
1221 3467 1295 3522 omni
1304 3464 1411 3518 Gnade

281 3555 378 3608 omnin
431 3573 459 3608 ee
477 3557 563 3609 onaG
614 3559 829 3626 ddepreecatua
849 3557 929 3611 estG
981 3557 1056 3609 dori
1070 3571 1119 3610 auo
1135 3561 1197 3609 oret
1208 3556 1260 3608 GR
1273 3554 1311 3608 ori
1320 3551 1413 3606 oratE

281 3641 383 3710 adponi
393 3643 505 3705 (iinrcs.
513 3640 626 3709 ‚i'tith
662 3644 761 3697 ostium
769 3645 899 3708 one-Rois
908 3644 933 3696 G
934 3641 1141 3712 saisscnidetur)
1178 3638 1410 3695 tuonomeeracio
1437 3691 1440 3697 .

284 3729 308 3781 G
361 3731 377 3784 8
396 3729 468 3783 enim
487 3729 567 3783 ualde
585 3729 696 3799 linguae
714 3732 844 3801 temptaui,
861 3729 895 3794 cs.
913 3731 977 3784 Aba.
996 3731 1047 3794 IV,
1066 3729 1102 3782 70
1119 3729 1194 3782 enim
1212 3728 1290 3783 iudae
1306 3726 1409 3792 linguae

281 3816 307 3867 R
324 3816 398 3868 enirn
421 3816 600 3884 *aeslinguae
613 3817 882 3886 GenimliuguaeE
931 3816 1136 3884 promtissimus
1151 3817 1177 3868 R
1195 3811 1410 3885 esopi-issimuaG

358 3913 373 3941 U

283 3955 315 4007 12
333 3955 432 4023 apdG
486 3955 576 4023 adque
602 3956 764 4010 hebreosG
819 3958 852 4010 15
870 3973 959 4009 serem
987 3973 1018 4008 en
1043 3971 1149 4008 serram
1168 3955 1195 4008 R
1248 3959 1279 4009 16
1294 3952 1348 4007 tuis
1370 3951 1435 4010 fec.

281 4041 376 4108 iugum
396 4043 422 4094 R
441 4039 554 4106 (dth.
572 4044 589 4096 l.
609 4061 660 4095 noa
678 4053 784 4111 constat,
802 4045 849 4096 sed
864 4043 900 4112 cf.
912 4040 1004 4108 LXA)
1023 4042 1079 4096 tuis
1092 4041 1188 4108 iugum
1202 4043 1231 4096 E
1279 4041 1307 4092 17
1326 4055 1407 4093 aeram

280 4145 310 4180 ex
337 4144 441 4182 serrem
468 4129 494 4182 R
547 4129 620 4182 idem
647 4130 673 4183 R
702 4129 801 4184 iisdem
828 4131 857 4181 E
915 4130 949 4180 22
967 4128 992 4181 ai
1018 4145 1128 4196 quoque
1158 4130 1183 4181 G
1245 4131 1277 4184 23
1291 4127 1361 4180 mma
1383 4125 1407 4180 R

280 4213 402 4267 malitiae
421 4215 449 4267 E
499 4218 532 4268 24
550 4215 688 4270 hominibs
709 4217 734 4269 (i
786 4217 822 4270 ‘25
840 4233 872 4269 ac
890 4235 921 4269 en
938 4215 990 4269 hcc
1008 4216 1041 4268 R.
