3075 4967
307 307 348 369 21)
407 300 409 307 ’
657 302 776 357 saneti
800 301 935 355 Hilarii
959 301 1119 369 episcopi

307 502 335 559 et
359 496 451 573 1000,
482 494 513 557 in
537 514 597 577 quo
625 492 706 557 lilius
729 491 812 576 loqui
836 494 973 572 docetur,
995 491 1064 571 ipse
1088 510 1122 554 se
1146 510 1183 554 ex
1205 490 1262 568 bis,
1287 511 1445 573 0000010-

307 604 466 672 memorat,
490 598 640 664 dictorum
664 616 789 661 suorum
811 594 974 677 profitetur
995 602 1160 663 auctorem.
1192 595 1314 660 dicens:
1339 614 1446 675 popu·

308 703 376 781 lus,
401 722 513 785 quem
537 722 612 765 non
643 701 826 785 cognom,
857 700 1036 764 seruiuit
1065 699 1172 764 mibi.
1219 700 1291 764 dum
1316 699 1397 763 enim
1419 706 1446 761 et

308 814 395 889 pater
425 807 512 871 dicit:
555 806 642 887 ipee
676 805 890 870 inuocabit
919 824 976 868 me
1016 810 1046 869 01
1076 803 1157 868 filius
1188 803 1245 867 ait:
1281 802 1447 884 populus

256 932 267 969 ⁵
309 911 486 977 seruiuit
509 910 613 981 mibi,
645 911 728 990 ipsos
751 928 785 973 se
807 928 885 987 esse,
909 909 961 991 qui
978 908 1017 973 de
1033 928 1067 972 se
1081 908 1253 990 loquantur,
1277 909 1447 972 ostendunt.

308 1022 339 1079 at
361 1035 434 1080 uero
456 1035 538 1079 nunc
562 1034 631 1079 cum
654 1014 780 1079 dicitur:
815 1013 947 1078 sedin
977 1011 1070 1096 lege
1104 1012 1257 1077 domini
1288 1012 1366 1075 fuit
1393 1032 1448 1075 00-

307 1119 443 1183 luntas
467 1119 561 1196 eius‚
585 1117 668 1183 nulla
695 1118 811 1183 domiui
826 1136 958 1198 persona
981 1117 1020 1181 de
1043 1135 1077 1181 se
1099 1116 1252 1199 loquentis
1275 1115 1448 1180 ostenditur.

309 1224 363 1287 sed
380 1222 503 1287 alterius
526 1224 633 1304 potius,
657 1221 879 1288 beatitudinem
904 1222 968 1286 eius
991 1220 1109 1286 seilicet
1130 1221 1197 1295 uiri,
1221 1220 1307 1285 cuius
1329 1220 1360 1284 in
1383 1218 1449 1303 lege

309 1327 434 1403 domini¹
469 1326 609 1391 uoluntas
641 1312 687 1403 sit,
728 1326 934 1407 praedicantia.
979 1344 1111 1406 persona
1144 1325 1247 1408 itaque
1286 1321 1449 1405 propbeta,

257 1456 281 1489 10
309 1431 395 1497 cuius
417 1452 469 1496 ore
500 1432 625 1512 spiritus
660 1438 784 1495 sanctus
818 1429 966 1514 loquatur,
1000 1450 1083 1494 nunc
1117 1449 1186 1493 esse
1218 1429 1375 1493 noscenda
1407 1441 1449 1491 est

309 1534 410 1600 0111010
433 1536 494 1600 oris
511 1536 627 1600 eiusad
644 1534 851 1619 coguitionem
863 1554 919 1598 nos
932 1534 1117 1599 sacramenti
1133 1531 1277 1614 spiritalis
1300 1532 1449 1597 erudiens.

353 1746 381 1807 2.
405 1743 536 1807 Etcum
563 1743 628 1807 lunc
651 1741 799 1825 loquatur,
831 1743 1031 1824 quaerendum
1065 1749 1120 1817 est,
1144 1744 1183 1806 de
1206 1761 1266 1825 quo
1295 1740 1360 1805 uiro
1384 1758 1450 1804 eum

310 1846 391 1932 loqui
413 1846 593 1929 intellegere
617 1847 793 1910 debeamus.
839 1847 880 1909 ait
896 1847 993 1911 enim:
1030 1846 1171 1910 beatus
1194 1846 1264 1922 uir,
1288 1844 1450 1928 quinon

311 1952 414 2016 abiit
449 1951 488 2014 in
524 1949 699 2014 consilio
733 1950 947 2030 impiorum
977 1950 1077 2015 etin
1100 1950 1164 2014 uia
1197 1955 1451 2030 peccatorum

260 2076 386 2119 15n011
419 2056 537 2120 stetit
568 2062 606 2119 et
637 2055 676 2117 in
709 2053 907 2119 cathedra
940 2053 1197 2135 pestilentiae
1228 2073 1303 2117 non
1338 2050 1452 2116 sedit.

310 2162 381 2225 sed
411 2161 449 2224 in
481 2159 573 2243 lege
598 2158 751 2223 domini
774 2159 851 2223 fuit
880 2158 1070 2223 uoluntas
1098 2158 1194 2234 ciue,
1226 2168 1264 2222 et
1291 2156 1331 2220 in
1361 2155 1452 2238 lege

311 2264 397 2329 cius
428 2264 699 2329 meditabitur
729 2264 792 2328 die
823 2283 865 2327 ac
894 2267 1021 2328 nocte.
1067 2263 1214 2327 eterit
1253 2266 1451 2344 tamquam

310 2368 476 2452 lignum,
501 2369 603 2451 quod
633 2367 858 2448 plantatum
883 2376 945 2431 est
968 2386 1086 2431 secus
1117 2367 1313 2430 decursus
1340 2384 1451 2448 aqua·

311 2492 403 2549 rum,
427 2472 530 2555 quod
554 2471 727 2536 fructum
752 2491 862 2535 suum
888 2471 1001 2536 dabit
1023 2470 1064 2534 in
1087 2477 1268 2551 tempore
1302 2489 1380 2533 suo.
1419 2482 1454 2532 et

259 2575 454 2640 00101100]
493 2576 579 2640 eius
617 2595 692 2639 nou
728 2575 905 2640 decidet:
945 2581 983 2639 01
1016 2576 1156 2649 omnia,
1196 2592 1452 2656 quaecumque

310 2680 445 2757 saciet,
483 2680 583 2744 bene
618 2680 859 2763 dirigentur.
905 2679 1018 2743 multos
1053 2677 1101 2744 uel
1135 2678 1282 2760 praesenti
1312 2697 1453 2741 sermone

310 2782 359 2847 uel
383 2804 419 2848 ex
441 2783 550 2849 litteris
573 2784 753 2864 descriptis
778 2804 880 2847 eorum
906 2784 1030 2864 conpari
1055 2784 1097 2847 ita
1119 2783 1255 2846 sensisse
1278 2782 1316 2846 de
1336 2781 1453 2863 psalmo

311 2888 376 2963 boc,
407 2890 489 2972 quod
512 2888 681 2971 significari
710 2888 743 2951 in
766 2908 802 2952 eo
826 2888 968 2952 dominus
992 2894 1096 2952 nostor
1126 2886 1214 2951 lesus
1237 2884 1381 2951 Christus
1411 2886 1454 2949 in·

312 2991 414 3095 tellegi
439 2993 558 3071 debeat,
582 2992 667 3056 cuins
681 2992 836 3056 beatitudo
858 2992 891 3055 in
914 2991 972 3069 his,
997 3011 1065 3074 quae
1089 2992 1227 3055 subiecta
1242 2997 1322 3069 sunt,
1345 2989 1455 3071 praedi·

258 3115 284 3153 2⁵
311 3106 403 3161 cetur.
448 3098 505 3161 sed
527 3096 559 3160 id
581 3116 640 3161 nec
664 3098 760 3169 modo,
791 3116 850 3162 nec
870 3096 987 3160 ratione
1011 3098 1194 3165 docuerunt:
1217 3095 1306 3159 bonae
1330 3096 1453 3177 quidem

311 3200 462 3281 opinionis
485 3198 605 3281 affeetu,
630 3200 702 3283 quia
724 3200 825 3264 omnis
859 3201 992 3264 adeum
1022 3199 1183 3280 prophetia
1213 3212 1262 3264 est
1291 3198 1453 3263 referenda

313 3302 516 3384 psalmorum:
540 3305 596 3369 sed
619 3305 671 3369 ubi
696 3317 725 3369 et
749 3305 871 3388 quando
895 3305 1030 3368 adeum
1053 3303 1224 3384 prophetia
1239 3304 1337 3384 ipsius
1353 3322 1454 3367 sermo

313 3428 346 3473 se
369 3408 489 3485 reserat
513 3407 702 3473 rationabilis
726 3408 863 3473 scientia
887 3408 1126 3473 discernendum
1150 3415 1198 3472 est
1219 3407 1361 3472 ueritate.

355 3686 443 3754 dipsa
459 3686 601 3739 inuocauit
617 3686 641 3738 V
655 3686 798 3740 inuocabit
813 3686 875 3749 (om.
885 3687 958 3755 ipse)
968 3688 1024 3737 RE
1050 3688 1067 3739 8
1083 3686 1199 3739 ulterius
1214 3705 1245 3739 00
1261 3684 1421 3739 0101000002
1436 3684 1456 3736 l'

312 3772 485 3827 beatitudine
504 3774 528 3825 li
565 3772 696 3826 uidelicet
718 3774 750 3826 l'e
798 3776 815 3827 9
833 3772 1019 3841 praedicantis
1039 3773 1060 3837 ti
1078 3776 1105 3825 ia
1116 3790 1170 3825 rar.
1189 3790 1206 3824 0
1224 3791 1257 3824 m.
1276 3773 1302 3836 2,
1318 3774 1456 3841 probarer

313 3859 515 3927 praedicantes)
536 3860 558 3911 l'
573 3860 735 3928 predicatur
753 3861 778 3912 n
833 3862 865 3914 10
882 3861 1013 3928 loquatur
1031 3879 1062 3912 er
1079 3859 1228 3926 loquantur
1246 3860 1272 3911 11
1289 3860 1415 3927 loquitur
1432 3857 1458 3908 E

312 3949 378 3998 inter
391 3950 432 3999 eet
445 3956 468 3997 et
479 3946 571 3999 officio
590 3946 669 3999 21111.
688 3950 714 3998 ia
726 3964 779 3999 ras.
800 3948 825 3999 11
880 3949 912 4000 12
930 3951 958 3999 01
976 3946 1042 4014 quia
1059 3946 1166 3998 infusus
1184 3945 1250 3999 huic
1267 3945 1393 4014 profetae
1411 3950 1455 4012 sps

313 4036 425 4086 sanetus
442 4031 512 4086 haec
530 4034 659 4100 loquetur
675 4034 699 4085 l'
750 4035 783 4086 16
801 4033 863 4102 lege
882 4053 912 4085 er
929 4034 956 4086 le
975 4050 1042 4085 corr.
1060 4035 1088 4085 ia
1100 4050 1183 4100 mcrp.
1195 4050 1228 4085 m.
1242 4032 1261 4084 2
1276 4033 1300 4083 V
1350 4035 1386 4086 20
1404 4046 1454 4083 non

313 4118 416 4172 defluet
435 4120 489 4171 RE
539 4120 741 4173 2110000112
794 4123 828 4174 22
856 4120 967 4174 scribtis
992 4120 1017 4172 V
1074 4118 1189 4173 231100
1215 4120 1323 4172 00010
1375 4124 1456 4185 atque

312 4204 434 4273 intelligi
454 4207 481 4257 E
496 4207 531 4275 cf.
556 4206 690 4265 0111]ῑί
716 4206 753 4259 61
807 4210 842 4259 25
865 4217 925 4260 cate
942 4206 972 4259 id
996 4224 1049 4258 una
1069 4208 1116 4258 litt.
1141 4224 1207 4259 erus.
1226 4208 1251 4258 R
1295 4206 1414 4259 docuere
1432 4204 1457 4255 E

313 4294 347 4345 26
365 4292 510 4346 reserenda
528 4298 570 4345 est
587 4293 706 4360 profetia
726 4294 749 4346 l'
799 4296 833 4346 27
851 4294 977 4362 prolatae
996 4294 1072 4346 illius
1091 4310 1181 4345 sermo
1199 4293 1302 4346 reserat
1321 4294 1349 4345 1.
