3075 4967
457 293 636 343 tractatus
655 290 690 341 in
708 289 878 357 psalmum
899 288 977 342 ch.
1226 288 1288 351 797

188 480 236 541 12.
262 476 373 560 Neque
396 477 494 541 solum
519 477 645 543 audient
668 477 772 556 uerba,
797 498 866 561 quae
888 486 1027 558 possunt,
1051 478 1107 543 sed
1131 478 1288 555 etiamid,

141 584 225 667 quod
249 583 394 665 sequitur,
424 581 473 646 irie
497 581 632 647 accidet:
664 589 868 665 tamquam
900 582 1137 647 crassitudo
1169 590 1291 647 terrae

141 700 326 768 eruptum
367 698 427 751 est
464 706 585 766 super
631 693 793 751 terram.
855 687 938 770 quod
975 692 1077 751 autem
1116 686 1289 751 crassitudo

140 790 309 871 impietatis
332 798 363 853 ot
384 791 527 855 uitiorum
551 796 604 853 aut
619 809 725 855 comes
742 791 783 855 sit
797 797 850 855 unt
865 809 967 866 causa,
993 789 1143 871 propheta
1159 795 1289 855 testatur

141 896 263 960 dicens:
301 894 574 959 incrassatum
614 902 676 959 est
713 913 781 958 cor
814 894 953 974 popuii
993 894 1123 969 huius.
1168 894 1224 959 scd
1258 900 1290 959 ct
1330 920 1343 957 e

141 999 269 1082 Moyses
292 997 559 1082 inreligiositatem
583 997 683 1078 populi
708 997 869 1063 insolentis
885 999 1087 1081 pronuntians
1102 999 1160 1062 uit:
1185 1018 1288 1062 man-

142 1103 313 1167 ducauit
335 1108 372 1167 ot
395 1101 502 1166 bibit
525 1102 645 1167 Iacob
670 1109 708 1166 et
730 1101 917 1183 repletus
941 1109 1003 1167 est
1025 1108 1064 1167 et
1086 1103 1288 1167 incrassa·

141 1214 205 1271 tus
230 1214 289 1271 est
312 1212 348 1271 et
371 1206 612 1271 calcitrauit
635 1205 827 1272 dilectus.
871 1208 1018 1271 uirtutem
1042 1206 1116 1270 dicti
1135 1205 1228 1271 huius
1252 1226 1290 1269 ex

139 1311 211 1391 ipsa
248 1317 337 1376 terreo
375 1316 484 1375 natura
521 1310 693 1376 absolutius
731 1309 957 1395 intellegemus.
1002 1330 1140 1392 namquo
1173 1308 1288 1373 scimus

141 1415 311 1479 crassiores
334 1415 576 1499 pinguioresque
597 1420 695 1479 terras
711 1414 742 1478 in
767 1435 820 1479 eas
836 1415 971 1489 scrobes,
995 1435 1013 1479 e
1035 1414 1147 1497 quibus
1167 1411 1288 1478 effossae
1319 1440 1342 1475 ιο

140 1525 221 1595 suut,
245 1539 282 1582 er
306 1516 403 1584 solido
426 1538 487 1582 non
511 1518 621 1590 redire,
652 1520 724 1601 quia
748 1524 930 1599 erumpente
954 1538 1060 1582 earum
1084 1517 1288 1582 crassitudine

140 1643 264 1687 rursum
281 1622 419 1704 ipsarum
444 1630 515 1687 sunt
537 1622 710 1703 incapaces.
755 1624 858 1706 itaque
881 1623 1050 1687 secuudum
1067 1623 1107 1694 id,
1124 1622 1207 1704 quod
1230 1620 1288 1684 ait:

142 1734 343 1810 tamquam
389 1727 625 1792 crassitudo
670 1732 789 1791 terra
834 1733 1017 1805 eruptum
1063 1732 1126 1790 est
1168 1744 1290 1804 super

142 1840 301 1908 terram,
325 1832 429 1896 docuit
451 1830 600 1914 exemplo,
625 1832 697 1914 quia
719 1832 820 1895 omnis
844 1838 936 1895 terrae
951 1838 1073 1906 nostrae,
1096 1830 1128 1894 id
1152 1837 1199 1893 est
1222 1848 1288 1893 cor·

142 1936 227 2016 poris
251 1936 420 2001 crassitudo
451 1956 487 1999 er
511 1940 628 2001 nntruae
659 1955 722 1999 suae
753 1934 822 2019 iege
851 1936 934 1999 uitiis
965 1933 1077 1999 effossa
1101 1933 1235 2013 erumpit
1258 1938 1289 1996 et
1318 1956 1343 1992 a

141 2060 241 2121 capax
276 2041 322 2105 sui
355 2060 414 2103 non
451 2044 505 2117 est,
540 2039 571 2103 in
606 2040 776 2119 perniciem
812 2059 909 2111 suam,
944 2058 983 2102 ne
1014 2039 1045 2102 in
1069 2058 1103 2103 se
1126 2036 1288 2102 reformari

142 2144 247 2223 possit,
271 2156 453 2209 exastuans.

187 2247 238 2311 Li.
263 2246 454 2327 Erumpunte
484 2252 586 2311 nutem
612 2246 669 2311 hnc
694 2247 899 2312 crassitudine
923 2265 1016 2326 super
1038 2266 1073 2311 se
1096 2244 1192 2309 habet
1213 2264 1288 2308 mae·

140 2372 242 2417 rorem
281 2350 434 2432 propheta
471 2352 593 2417 dicens:
644 2351 852 2431 dissipata
889 2357 982 2416 suut
1019 2370 1111 2415 ossa
1149 2353 1291 2413 nostra

140 2476 261 2520 secus
286 2456 419 2520 infern
430 2476 497 2519 nm.
543 2476 577 2521 se
593 2456 747 2536 dissipari,
763 2476 797 2520 se
815 2455 962 2538 dispergi,
978 2475 1012 2519 se
1029 2474 1118 2519 secus
1134 2452 1291 2517 infernum
1318 2478 1344 2515 a

140 2558 226 2643 abigi
239 2560 268 2622 iu
284 2566 477 2639 peccatorum
491 2558 667 2624 calamitnto
685 2558 847 2623 existimat.
871 2559 903 2623 si
921 2578 966 2622 en
977 2558 1026 2622 im
1042 2576 1159 2621 unum
1175 2576 1290 2621 mem·

142 2664 256 2727 hrum
280 2662 524 2746 conpatitur,
556 2663 851 2744 conpatiuntur
884 2671 921 2726 et
943 2662 1076 2726 omnia
1102 2662 1290 2725 membra.

141 2788 253 2833 omnes
266 2768 348 2831 enim
365 2768 498 2833 inuicem
514 2769 604 2833 unius
623 2768 757 2847 corporis
774 2767 916 2831 membra
932 2786 1047 2843 sumus,
1062 2774 1095 2829 ut
1110 2771 1141 2830 et
1151 2766 1184 2829 iu
1195 2765 1291 2831 altero

134 2872 263 2954 ¹psalmo
287 2873 343 2937 ait:
368 2872 558 2952 dispersa
580 2877 676 2937 sunt
699 2872 833 2935 omnin
862 2891 954 2935 ossa
983 2891 1077 2948 mea,
1100 2890 1162 2934 uon
1185 2870 1290 2952 utique

142 2996 179 3040 ce
201 2996 282 3053 osse,
306 2997 362 3056 per
386 2996 453 3059 quae
477 2996 588 3057 corpus
612 2980 750 3040 nostrum
782 2976 812 3038 in
844 2974 925 3040 hauc
955 2974 1135 3039 firmitatem
1164 2974 1288 3038 uirtutis
1318 2997 1343 3036 a

142 3100 205 3145 snae
230 3081 421 3157 continetur;
445 3081 501 3145 sed
524 3081 597 3162 quia
620 3099 729 3143 omues
745 3099 841 3143 uuum
858 3099 969 3160 corpus
985 3099 1092 3143 sumus
1108 3085 1140 3143 et
1154 3078 1289 3143 inuicem

142 3184 285 3249 membra
308 3204 424 3258 snmus,
449 3183 585 3264 corporis
608 3184 706 3247 nostri
730 3204 800 3247 ossa
823 3193 894 3247 sunt
916 3182 1019 3247 ceteri.

187 3287 238 3353 14.
261 3287 362 3353 Vellet
383 3288 484 3367 potins
507 3308 566 3351 non
599 3306 760 3367 erumpere
792 3287 1030 3352 crassitudinem
1062 3292 1151 3349 terroe
1183 3304 1290 3348 eorum

142 3412 245 3475 neque
269 3392 413 3471 dissipari
449 3411 519 3457 osea
552 3412 643 3457 secus
678 3390 841 3467 infernum,
875 3393 931 3454 sed
961 3408 1070 3453 omues
1097 3388 1200 3471 magis
1223 3386 1291 3463 hac,

142 3516 211 3579 quen
227 3496 436 3579 consequitur,
452 3516 527 3561 uoce
543 3497 603 3561 uti:
628 3495 723 3580 quia
741 3496 786 3559 ad
805 3501 849 3571 te,
874 3493 1044 3571 domine,
1067 3492 1174 3557 ocuti
1198 3490 1290 3556 mei³
1317 3517 1343 3553 eo

141 3603 180 3666 in
206 3610 242 3666 te
266 3601 441 3681 speraui,
465 3621 538 3664 aon
564 3600 730 3665 auferas
753 3599 926 3662 animam
950 3616 1082 3661 meam.
1127 3594 1289 3661 custodi

142 3726 200 3771 me
227 3726 246 3769 a
275 3704 429 3788 laqueo,
455 3705 559 3788 quod
583 3707 824 3768 statuerunt
846 3700 953 3779 mihi,
978 3708 1017 3766 et
1039 3721 1057 3764 a
1079 3697 1290 3764 scandalis

185 3866 453 3933 erratuuxunrn.
490 3866 764 3933 cneusmuxuue.
801 3864 1034 3930 aurdanaus.
1070 3860 1289 3927 persanare.

184 3992 202 4043 3
221 3994 351 4056 eruptum
372 3990 410 4041 uo
429 4002 462 4052 cs.
481 3990 601 4041 ricbotier
620 3987 658 4050 II,
677 3986 732 4039 974
751 3991 882 4053 eruptae
936 3988 968 4039 12
987 4002 1096 4038 rursum
1117 3983 1141 4036 R
1159 4000 1254 4035 rursus
1274 3983 1287 4030 ir

141 4094 270 4131 rerume
326 4078 358 4129 18
376 4076 554 4160 meroremli
608 4076 642 4127 20
660 4074 781 4139 inferum
799 4073 987 4125 nltcrolocoR
1039 4073 1074 4123 22
1092 4070 1186 4122 omnia
1203 4086 1288 4120 mem·

138 4182 192 4235 bra
211 4198 224 4233 e
243 4180 535 4233 membruRomniair
588 4180 622 4231 26
641 4177 855 4230 continenturld
907 4178 942 4229 29
961 4175 1116 4228 inscrumR
1169 4175 1204 4226 30
1222 4188 1291 4224 uoce

142 4268 184 4323 uti
205 4268 231 4320 u
249 4282 319 4320 uoce
338 4268 397 4320 uoti
415 4267 455 4319 uti
477 4267 588 4318 1‘32
607 4264 680 4332 quod
700 4264 725 4316 R
743 4264 778 4331 cs.
798 4264 917 4316 ›Sobatier
935 4263 973 4329 ΙΙ,
994 4261 1050 4314 274
1068 4278 1151 4328 quem
1169 4260 1202 4312 E.
