3075 4967
392 319 573 370 tractatur
592 315 627 368 in
645 316 818 384 psalmum
839 316 945 370 CXXII.
1178 318 1239 383 581

110 507 264 573 latificanit
285 507 400 572 auditu.
446 507 501 572 sad
524 507 691 572 nunciam
714 505 811 572 oculis
841 506 954 572 mentis
988 528 1044 587 par
1066 505 1139 573 fidei
1162 508 1241 572 fidu·

108 612 175 676 aiam
199 610 453 692 contemplandus
477 617 525 677 θεῖ
546 609 689 676 habitans
713 611 745 676 in
768 609 851 676 caelo.

145 719 171 781 2.
193 715 254 783 Sed
278 715 387 781 oaelum
411 712 478 793 hob,
514 716 595 799 quod
630 715 748 781 nisibus
783 715 897 781 nostria
930 736 987 797 par
1009 716 1170 781 matoriem
1193 717 1239 782 sni

106 820 240 898 subiacet,
264 821 348 904 quod
372 825 530 904 tamquam
553 819 659 884 snmus
682 819 831 884 solidatus
847 818 1036 885 firmamenti
1052 825 1082 886 at
1097 827 1240 885 naturam

106 929 133 988 at
152 941 262 990 noman
285 924 413 1006 accepit,
436 924 605 1005 praeteribit
628 930 659 988 ot
681 943 742 989 non
772 923 845 1002 arit3
875 925 958 990 sadis
988 930 1092 990 autom
1123 924 1240 990 domini
1279 953 1292 990 θ

105 1029 251 1094 manatio
275 1035 433 1094 aetarnum.
477 1047 605 1094 necessa
636 1034 683 1094 θεῖ
713 1048 796 1105 noro,
826 1035 861 1093 ut
890 1027 1037 1094 habitatio
1067 1027 1239 1094 habitatore

103 1151 151 1196 suo
172 1132 269 1216 digna
292 1133 346 1198 sit:
370 1139 402 1198 at
424 1131 615 1212 corruptibili
638 1131 704 1198 loco
727 1132 767 1206 id,
792 1133 874 1216 quod
896 1131 1052 1197 inlinitum
1081 1140 1111 1197 et
1139 1133 1240 1199 incor-

103 1235 236 1316 mptibilo
260 1243 316 1314 eat,
340 1235 562 1314 concludimua
594 1237 620 1302 si
643 1237 735 1301 deum
766 1236 797 1301 in
829 1236 903 1301 caclo
926 1235 986 1301 hoc
1009 1235 1149 1302 babitare
1173 1256 1240 1302 cro·

101 1339 205 1406 dimna.
251 1360 426 1424 quaeramus
461 1360 545 1424 argo,
569 1360 639 1424 quaa
674 1338 824 1405 habitatio
856 1340 906 1406 dci
936 1340 985 1418 sit,
1029 1360 1141 1421 nempe
1165 1340 1240 1418 aius,

100 1443 249 1525 quidixit:
272 1452 391 1526 pabor
414 1445 518 1509 anim
540 1445 578 1509 in
602 1463 670 1522 ma,
694 1451 732 1510 at
754 1444 1030 1528 agoinpatro;
1054 1451 1085 1510 θῖ
1099 1457 1237 1510 rursum:
1266 1472 1291 1508 lo

99 1565 165 1631 ogo
189 1554 505 1631 atpatarnnum
530 1569 682 1627 sumus3
706 1553 736 1613 et
760 1549 882 1632 dequo
906 1548 1022 1615 dictum
1046 1555 1108 1614 est:
1138 1551 1237 1615 daus

98 1650 135 1714 in
158 1650 322 1718 Obristo
347 1659 434 1718 erat
455 1654 642 1718 mnndum
666 1652 944 1719 reconcilians
968 1652 1064 1719 sibi:
1089 1653 1185 1738 digno
1208 1662 1238 1720 et

97 1755 266 1822 sufficianta
289 1758 360 1836 filio,
384 1758 417 1822 in
440 1777 501 1841 qno
524 1763 612 1839 patar
635 1778 691 1837 par
714 1758 846 1822 caudam
876 1764 993 1822 naturae
1023 1755 1144 1824 habitet
1173 1757 1237 1823 uir·

97 1865 203 1940 brtem;
225 1869 312 1942 patra
334 1868 436 1928 autam
460 1860 566 1940 filium,
590 1881 683 1945 quarn
708 1883 746 1927 ex
769 1882 803 1926 εθ
818 1863 935 1946 gannit,
959 1883 1021 1927 non
1036 1867 1237 1943 saparantaa

97 1983 126 2028 aa
149 1963 320 2030 differentia
344 1966 523 2032 diuinitatis,
569 1966 625 2031 aad
647 1986 707 2031 non
732 1985 814 2031 nunc
838 1967 876 2031 da
898 1965 1098 2046 inseparabili
1123 1966 1235 2032 uirtute
1264 1989 1288 2027 ra

96 2070 187 2146 patris
209 2076 240 2135 at
262 2069 316 2134 lilii
341 2089 443 2136 sermo
467 2076 522 2135 θεῖ.
569 2071 644 2134 daus
667 2069 751 2137 anim
775 2091 812 2135 ax
834 2070 892 2134 dao
914 2069 1040 2153 genitus
1062 2090 1125 2136 non
1147 2071 1237 2137 abost

95 2187 147 2250 per
167 2181 310 2240 naturam
344 2176 383 2239 ab
408 2195 451 2246 ao,
484 2193 521 2239 ox
544 2194 604 2259 quo
627 2175 751 2258 genitus
783 2172 974 2239 confitendus
1006 2182 1067 2240 ast:
1099 2181 1129 2240 et
1158 2175 1235 2241 dous

96 2274 280 2344 innascibilis
312 2277 505 2364 unigenitum
540 2280 634 2345 deum
669 2279 805 2363 gignens
835 2285 942 2344 manet
975 2277 1007 2342 in
1045 2278 1105 2357 illo,
1140 2299 1235 2363 quom

94 2383 196 2462 gannit
218 2385 403 2465 proprietate
427 2383 608 2469 generandi.
654 2386 755 2450 omnis
785 2390 889 2449 autam
919 2403 992 2466 spos
1015 2385 1047 2450 in
1070 2405 1105 2450 eo
1128 2393 1234 2451 nostra

94 2493 145 2562 ost
177 2493 210 2552 nt
231 2488 425 2572 unigenitum
449 2489 541 2553 doum
564 2489 751 2554 nouorimua
796 2509 870 2554 nam
901 2491 939 2554 da
968 2489 1142 2555 innascibili
1178 2491 1234 2557 deo
1261 2506 1287 2546 ²0

96 2607 181 2654 namo
209 2597 273 2656 tarn
304 2612 412 2658 amans
436 2598 490 2672 eat,
525 2592 578 2677 qni
612 2591 722 2658 calum
758 2599 907 2658 contuens
941 2595 1034 2659 deum
1070 2614 1138 2660 asse
1172 2615 1233 2661 non

93 2695 208 2760 sentiat.
252 2696 285 2761 in
308 2695 367 2762 hoo
391 2717 466 2782 argo
489 2698 564 2762 aaelo
588 2698 665 2762 daus
683 2696 847 2777 inhabitat,
872 2698 966 2784 digno
983 2699 1153 2764 maiestatis
1169 2719 1233 2765 suaa

94 2803 122 2860 ot
144 2797 309 2866 diuinitatis
332 2799 518 2867 habitaculo.

134 2904 163 2967 3.
186 2903 245 2970 Sod
267 2911 317 2970 ast
340 2911 370 2970 θῖ
393 2904 452 2970 alia
476 2905 646 2986 conplacita
670 2907 727 2970 duo
746 2905 781 2972 'at
803 2905 900 2972 oleata
929 2905 1091 2987 habitatio,
1126 2928 1233 2973 aomm

93 3005 211 3084 scilicet,
234 3011 272 3074 da
297 3009 409 3092 quibus
433 3009 547 3075 diobrm
572 3016 633 3076 est:
668 3009 867 3075 habitabo
895 3011 934 3076 in
957 3009 1023 3077 hia
1045 3017 1083 3077 ot
1105 3011 1233 3078 dcam·
1260 3027 1285 3064 2³

93 3108 235 3178 bulabo
258 3113 297 3177 in
321 3113 435 3193 ipsis,
459 3117 498 3178 θῖ
519 3113 601 3196 ipsi
624 3113 723 3180 mibi
755 3122 874 3180 arunt
902 3116 941 3180 in
973 3114 1171 3196 populum,
1195 3122 1233 3181 at

92 3231 162 3297 ago
182 3215 267 3282 illia
290 3217 328 3282 in
354 3219 485 3296 daum;
509 3219 548 3284 da
571 3219 684 3302 quibus
707 3227 738 3284 ot
761 3218 916 3300 apostolus
940 3220 998 3284 ait:
1033 3239 1104 3285 uos
1128 3219 1232 3285 ostis

92 3321 276 3400 templum
299 3321 372 3400 dei,
396 3330 435 3388 at
458 3323 634 3404 spiritua
658 3323 722 3388 dei
745 3323 970 3389 habitatin
993 3324 1118 3388 uobis.
1149 3324 1230 3389 idam

135 3481 235 3534 1010h.
261 3482 293 3548 X,
318 3483 359 3536 38.
409 3482 440 3534 ll
459 3479 517 3534 Ioh.
542 3480 574 3546 X,
600 3483 641 3535 ³0.
690 3482 716 3534 ll
735 3480 796 3534 Cor.
822 3483 845 3546 5,
873 3483 912 3536 19.
958 3481 1036 3534 2511
1062 3480 1122 3533 Cor.
1147 3482 1172 3547 6,
1199 3483 1231 3536 16

91 3564 134 3628 (es.
154 3565 235 3622 Lavit.
253 3568 352 3636 XXVI,
374 3571 425 3632 la).
461 3569 494 3622 27
514 3569 526 3620 Ι
546 3567 605 3622 Cor.
624 3569 649 3636 3,
670 3569 702 3621 16
721 3567 754 3622 cf.
775 3568 801 3621 ll
820 3568 881 3621 Cor.
900 3571 925 3635 6,
946 3569 985 3620 16.

135 3689 257 3744 landitu
284 3691 334 3745 aad
362 3690 388 3742 Τ
412 3689 523 3743 auditus
550 3696 579 3743 ct
607 3690 677 3743 RPa
729 3689 899 3744 laolidatua
928 3689 981 3742 ΒΡ
1004 3688 1156 3743 solidatum
1179 3690 1234 3742 TE

91 3773 184 3830 brodia
194 3778 217 3830 R
226 3778 303 3832 aadaa
315 3777 366 3830 PT
373 3777 408 3846 cs.
419 3777 499 3830 Acad.
506 3795 534 3846 p.
547 3775 581 3830 18
634 3779 651 3832 7
664 3781 692 3830 at
706 3775 882 3845 corruptibili
894 3777 947 3829 ΒΡ
956 3781 985 3830 et
998 3777 1021 3829 ri
1031 3775 1231 3845 corruptibilia

92 3875 125 3912 ne
134 3863 302 3933 corruptibili
313 3864 339 3916 Τ
390 3866 407 3918 8
422 3863 614 3918 concludimur
629 3863 652 3917 ai
668 3863 751 3917 doum
767 3865 861 3934 scripsi
876 3863 1067 3917 concludimur
1078 3862 1230 3918 &daumii

91 3949 278 4006 concludamus
296 3951 381 4005 deum
390 3949 621 4005 Poonoludamus
635 3950 691 4005 bai
702 3951 784 4004 deum
797 3969 810 4004 e
822 3950 1020 4004 concludamus
1033 3949 1099 4003 dum
1112 3949 1195 4002 doum
1206 3948 1232 4000 Τ

92 4033 126 4100 cs.
137 4035 193 4090 nol.
202 4038 250 4100 IV,
261 4037 299 4092 64
345 4037 483 4091 credimur
494 4055 524 4092 ex
533 4037 677 4092 orademua
688 4038 713 4091 R
723 4038 862 4091 oradimua
872 4038 922 4090 PT
922 4037 951 4090 E
989 4035 1074 4091 ticina
1084 4035 1163 4089 RPT
1169 4035 1192 4089 is
1203 4036 1232 4087 E

93 4121 125 4172 12
144 4121 169 4174 in
194 4123 300 4178 Christo
329 4127 391 4178 arat
417 4124 494 4176 RPT
520 4129 579 4178 orat
606 4123 635 4177 in
664 4123 773 4178 Chrirto
792 4125 820 4176 Ε
873 4125 906 4178 14
923 4129 1003 4192 patra
1030 4124 1083 4176 ΒΤ
1106 4126 1185 4192 patro
1205 4121 1231 4174 P

92 4216 226 4273 separante
253 4212 306 4265 RT
332 4215 478 4280 saparante
510 4211 535 4263 P
599 4210 631 4264 18
655 4211 773 4281 gignens
800 4211 853 4264 ΒΤ
878 4211 996 4280 gignens
1024 4229 1054 4263 ex
1080 4209 1177 4279 gignes
1205 4209 1233 4262 P

92 4293 124 4344 21
146 4309 228 4352 amem
249 4299 300 4352 ΒΤ
316 4314 413 4352 amana
432 4297 458 4350 P
