<?xml version="1.0" encoding="UTF-8"?>
<!DOCTYPE html PUBLIC "-//W3C//DTD XHTML 1.0 Transitional//EN"
    "http://www.w3.org/TR/xhtml1/DTD/xhtml1-transitional.dtd">
<html xmlns="http://www.w3.org/1999/xhtml" xml:lang="en" lang="en">
 <head>
  <title>
</title>
<meta http-equiv="Content-Type" content="text/html;charset=utf-8" />
  <meta name='ocr-system' content='tesseract 3.04.00' />
  <meta name='ocr-capabilities' content='ocr_page ocr_carea ocr_par ocr_line ocrx_word'/>
</head>
<body>
  <div class='ocr_page' id='page_1' title='image "./corpusscriptoru23wiengoog_0277.png"; bbox 0 0 3075 4967; ppageno 0'>
   <div class='ocr_carea' id='block_1_1' title="bbox 378 287 1229 355">
    <p class='ocr_par' dir='ltr' id='par_1_1' title="bbox 378 287 1229 355">
     <span class='ocr_line' id='line_1_1' title="bbox 378 287 1229 355; baseline 0.006 -15"><span class='ocrx_word' id='word_1_1' title='bbox 378 292 560 340; x_wconf 77' lang='lat' dir='ltr'>tractatus</span> <span class='ocrx_word' id='word_1_2' title='bbox 584 287 619 339; x_wconf 91' lang='lat' dir='ltr'>in</span> <span class='ocrx_word' id='word_1_3' title='bbox 642 287 818 355; x_wconf 87' lang='lat' dir='ltr'>psalmum</span> <span class='ocrx_word' id='word_1_4' title='bbox 843 287 938 342; x_wconf 84' lang='lat' dir='ltr'>LXIV.</span> <span class='ocrx_word' id='word_1_5' title='bbox 1169 288 1229 352; x_wconf 78' lang='grc'>247</span> 
     </span>
    </p>
   </div>
   <div class='ocr_carea' id='block_1_2' title="bbox 104 476 1310 3469">
    <p class='ocr_par' dir='ltr' id='par_1_2' title="bbox 104 476 1286 2430">
     <span class='ocr_line' id='line_1_2' title="bbox 104 476 1230 566; baseline 0.003 -25"><span class='ocrx_word' id='word_1_6' title='bbox 104 478 371 562; x_wconf 75' lang='lat' dir='ltr'><strong>accingentur.</strong></span> <span class='ocrx_word' id='word_1_7' title='bbox 416 476 552 566; x_wconf 85' lang='lat' dir='ltr'>induti</span> <span class='ocrx_word' id='word_1_8' title='bbox 590 483 684 542; x_wconf 86' lang='lat' dir='ltr'>aunt</span> <span class='ocrx_word' id='word_1_9' title='bbox 721 477 878 542; x_wconf 84' lang='lat' dir='ltr'>arietes</span> <span class='ocrx_word' id='word_1_10' title='bbox 908 479 1048 556; x_wconf 88' lang='lat' dir='ltr'>ouium,</span> <span class='ocrx_word' id='word_1_11' title='bbox 1079 485 1118 544; x_wconf 89' lang='lat' dir='ltr'>et</span> <span class='ocrx_word' id='word_1_12' title='bbox 1146 499 1230 544; x_wconf 90' lang='lat' dir='ltr'>eon·</span> 
     </span>
     <span class='ocr_line' id='line_1_3' title="bbox 105 581 1232 658; baseline 0.002 -12"><span class='ocrx_word' id='word_1_13' title='bbox 105 581 222 648; x_wconf 85' lang='lat' dir='ltr'>uelles</span> <span class='ocrx_word' id='word_1_14' title='bbox 254 582 520 647; x_wconf 89' lang='lat' dir='ltr'>abundabunt</span> <span class='ocrx_word' id='word_1_15' title='bbox 553 581 775 658; x_wconf 80' lang='lat' dir='ltr'>frumeut03</span> <span class='ocrx_word' id='word_1_16' title='bbox 814 582 964 646; x_wconf 87' lang='lat' dir='ltr'>etenim</span> <span class='ocrx_word' id='word_1_17' title='bbox 998 582 1232 648; x_wconf 84' lang='lat' dir='ltr'>clamabunt</span> 
     </span>
     <span class='ocr_line' id='line_1_4' title="bbox 105 685 1232 770; baseline 0.002 -20"><span class='ocrx_word' id='word_1_18' title='bbox 105 693 137 750; x_wconf 91' lang='lat' dir='ltr'>ct</span> <span class='ocrx_word' id='word_1_19' title='bbox 156 685 339 770; x_wconf 80' lang='lat' dir='ltr'>hymnum</span> <span class='ocrx_word' id='word_1_20' title='bbox 362 686 512 750; x_wconf 83' lang='lat' dir='ltr'>dicent</span> <span class='ocrx_word' id='word_1_21' title='bbox 557 705 673 751; x_wconf 82' lang='lat' dir='ltr'>annum</span> <span class='ocrx_word' id='word_1_22' title='bbox 696 686 899 769; x_wconf 67' lang='lat' dir='ltr'>benignitatis</span> <span class='ocrx_word' id='word_1_23' title='bbox 922 687 973 752; x_wconf 88' lang='lat' dir='ltr'>dei</span> <span class='ocrx_word' id='word_1_24' title='bbox 989 707 1027 753; x_wconf 87' lang='lat' dir='ltr'>ex</span> <span class='ocrx_word' id='word_1_25' title='bbox 1042 687 1232 768; x_wconf 80' lang='lat' dir='ltr'>propheticis</span> 
     </span>
     <span class='ocr_line' id='line_1_5' title="bbox 105 789 1232 874; baseline 0.004 -22"><span class='ocrx_word' id='word_1_26' title='bbox 105 797 186 873; x_wconf 63' lang='lat' dir='ltr'>abne</span> <span class='ocrx_word' id='word_1_27' title='bbox 217 789 391 871; x_wconf 90' lang='lat' dir='ltr'>apostolicis</span> <span class='ocrx_word' id='word_1_28' title='bbox 424 789 572 856; x_wconf 82' lang='lat' dir='ltr'>doctrinis</span> <span class='ocrx_word' id='word_1_29' title='bbox 606 790 816 874; x_wconf 77' lang='lat' dir='ltr'>cognorimus.</span> <span class='ocrx_word' id='word_1_30' title='bbox 863 789 980 856; x_wconf 86' lang='lat' dir='ltr'>dietum</span> <span class='ocrx_word' id='word_1_31' title='bbox 1010 791 1094 856; x_wconf 89' lang='lat' dir='ltr'>enim</span> <span class='ocrx_word' id='word_1_32' title='bbox 1125 798 1174 858; x_wconf 89' lang='lat' dir='ltr'>est</span> <span class='ocrx_word' id='word_1_33' title='bbox 1196 811 1232 858; x_wconf 86' lang='lat' dir='ltr'>ex</span> 
     </span>
     <span class='ocr_line' id='line_1_6' title="bbox 106 894 1285 976; baseline 0.001 -18"><span class='ocrx_word' id='word_1_34' title='bbox 106 914 222 972; x_wconf 84' lang='lat' dir='ltr'>persona</span> <span class='ocrx_word' id='word_1_35' title='bbox 244 894 377 960; x_wconf 89' lang='lat' dir='ltr'>domini:</span> <span class='ocrx_word' id='word_1_36' title='bbox 401 894 577 975; x_wconf 89' lang='lat' dir='ltr'>spiritus</span> <span class='ocrx_word' id='word_1_37' title='bbox 600 894 754 959; x_wconf 90' lang='lat' dir='ltr'>doruini</span> <span class='ocrx_word' id='word_1_38' title='bbox 777 913 899 974; x_wconf 91' lang='lat' dir='ltr'>super</span> <span class='ocrx_word' id='word_1_39' title='bbox 922 914 989 970; x_wconf 89' lang='lat' dir='ltr'>me,</span> <span class='ocrx_word' id='word_1_40' title='bbox 1013 901 1233 976; x_wconf 86' lang='lat' dir='ltr'>propterea</span> <span class='ocrx_word' id='word_1_41' title='bbox 1272 921 1285 959; x_wconf 82' lang='lat' dir='ltr'>a</span> 
     </span>
     <span class='ocr_line' id='line_1_7' title="bbox 105 997 1232 1082; baseline 0.004 -22"><span class='ocrx_word' id='word_1_42' title='bbox 105 999 207 1063; x_wconf 82' lang='lat' dir='ltr'>unxit</span> <span class='ocrx_word' id='word_1_43' title='bbox 227 1019 294 1074; x_wconf 88' lang='lat' dir='ltr'>rue,</span> <span class='ocrx_word' id='word_1_44' title='bbox 318 997 611 1082; x_wconf 83' lang='lat' dir='ltr'>euangeliacre</span> <span class='ocrx_word' id='word_1_45' title='bbox 633 997 882 1080; x_wconf 86' lang='lat' dir='ltr'>pauperibus</span> <span class='ocrx_word' id='word_1_46' title='bbox 911 998 1026 1064; x_wconf 88' lang='lat' dir='ltr'>misit</span> <span class='ocrx_word' id='word_1_47' title='bbox 1047 1019 1117 1078; x_wconf 89' lang='lat' dir='ltr'>me,</span> <span class='ocrx_word' id='word_1_48' title='bbox 1140 1019 1232 1078; x_wconf 80' lang='lat' dir='ltr'>prue-</span> 
     </span>
     <span class='ocr_line' id='line_1_8' title="bbox 105 1102 1232 1182; baseline 0.004 -18"><span class='ocrx_word' id='word_1_49' title='bbox 105 1102 227 1166; x_wconf 89' lang='lat' dir='ltr'>dicare</span> <span class='ocrx_word' id='word_1_50' title='bbox 259 1102 440 1182; x_wconf 86' lang='lat' dir='ltr'>captiuis</span> <span class='ocrx_word' id='word_1_51' title='bbox 474 1102 763 1168; x_wconf 87' lang='lat' dir='ltr'>remissionem</span> <span class='ocrx_word' id='word_1_52' title='bbox 797 1109 836 1167; x_wconf 90' lang='lat' dir='ltr'>et</span> <span class='ocrx_word' id='word_1_53' title='bbox 868 1103 988 1168; x_wconf 83' lang='lat' dir='ltr'>caeeis</span> <span class='ocrx_word' id='word_1_54' title='bbox 1022 1103 1232 1178; x_wconf 87' lang='lat' dir='ltr'>uisionem‚</span> 
     </span>
     <span class='ocr_line' id='line_1_9' title="bbox 104 1205 1232 1286; baseline 0.004 -18"><span class='ocrx_word' id='word_1_55' title='bbox 104 1225 400 1272; x_wconf 87' lang='lat' dir='ltr'>uocareennum</span> <span class='ocrx_word' id='word_1_56' title='bbox 424 1205 576 1271; x_wconf 90' lang='lat' dir='ltr'>domini</span> <span class='ocrx_word' id='word_1_57' title='bbox 599 1212 811 1286; x_wconf 87' lang='lat' dir='ltr'>acceptum</span> <span class='ocrx_word' id='word_1_58' title='bbox 847 1213 886 1271; x_wconf 89' lang='lat' dir='ltr'>et</span> <span class='ocrx_word' id='word_1_59' title='bbox 920 1207 1024 1273; x_wconf 90' lang='lat' dir='ltr'>diem</span> <span class='ocrx_word' id='word_1_60' title='bbox 1059 1208 1232 1273; x_wconf 88' lang='lat' dir='ltr'>retribu-</span> 
     </span>
     <span class='ocr_line' id='line_1_10' title="bbox 105 1309 1231 1378; baseline 0.004 -6"><span class='ocrx_word' id='word_1_61' title='bbox 105 1309 234 1374; x_wconf 82' lang='lat' dir='ltr'>tionis:</span> <span class='ocrx_word' id='word_1_62' title='bbox 256 1331 373 1376; x_wconf 87' lang='lat' dir='ltr'>cnnum</span> <span class='ocrx_word' id='word_1_63' title='bbox 397 1311 503 1376; x_wconf 83' lang='lat' dir='ltr'>aeterni</span> <span class='ocrx_word' id='word_1_64' title='bbox 527 1317 557 1374; x_wconf 87' lang='lat' dir='ltr'>et</span> <span class='ocrx_word' id='word_1_65' title='bbox 581 1309 663 1376; x_wconf 85' lang='lat' dir='ltr'>beati</span> <span class='ocrx_word' id='word_1_66' title='bbox 678 1309 760 1375; x_wconf 92' lang='lat' dir='ltr'>illius</span> <span class='ocrx_word' id='word_1_67' title='bbox 776 1310 880 1376; x_wconf 88' lang='lat' dir='ltr'>saeouli</span> <span class='ocrx_word' id='word_1_68' title='bbox 896 1311 963 1376; x_wconf 90' lang='lat' dir='ltr'>sine</span> <span class='ocrx_word' id='word_1_69' title='bbox 979 1311 1072 1377; x_wconf 90' lang='lat' dir='ltr'>dnbio</span> <span class='ocrx_word' id='word_1_70' title='bbox 1087 1311 1231 1378; x_wconf 81' lang='lat' dir='ltr'>declarat.</span> 
     </span>
     <span class='ocr_line' id='line_1_11' title="bbox 104 1414 1285 1498; baseline 0.002 -22"><span class='ocrx_word' id='word_1_71' title='bbox 104 1432 226 1498; x_wconf 88' lang='lat' dir='ltr'>namque</span> <span class='ocrx_word' id='word_1_72' title='bbox 247 1414 394 1480; x_wconf 89' lang='lat' dir='ltr'>bonitatis</span> <span class='ocrx_word' id='word_1_73' title='bbox 423 1414 541 1479; x_wconf 90' lang='lat' dir='ltr'>domini</span> <span class='ocrx_word' id='word_1_74' title='bbox 570 1414 622 1480; x_wconf 91' lang='lat' dir='ltr'>hic</span> <span class='ocrx_word' id='word_1_75' title='bbox 651 1434 751 1480; x_wconf 88' lang='lat' dir='ltr'>annus</span> <span class='ocrx_word' id='word_1_76' title='bbox 781 1420 838 1492; x_wconf 92' lang='lat' dir='ltr'>est,</span> <span class='ocrx_word' id='word_1_77' title='bbox 870 1434 930 1498; x_wconf 91' lang='lat' dir='ltr'>quo</span> <span class='ocrx_word' id='word_1_78' title='bbox 964 1421 1053 1480; x_wconf 89' lang='lat' dir='ltr'>erunt</span> <span class='ocrx_word' id='word_1_79' title='bbox 1076 1415 1232 1481; x_wconf 87' lang='lat' dir='ltr'>indefessa</span> <span class='ocrx_word' id='word_1_80' title='bbox 1261 1439 1285 1478; x_wconf 84' lang='lat' dir='ltr'>ro</span> 
     </span>
     <span class='ocr_line' id='line_1_12' title="bbox 105 1515 1233 1603; baseline 0.005 -25"><span class='ocrx_word' id='word_1_81' title='bbox 105 1515 149 1580; x_wconf 89' lang='lat' dir='ltr'>illa</span> <span class='ocrx_word' id='word_1_82' title='bbox 179 1519 321 1598; x_wconf 70' lang='lat' dir='ltr'>benignae</span> <span class='ocrx_word' id='word_1_83' title='bbox 355 1518 565 1584; x_wconf 79' lang='lat' dir='ltr'>retributionis</span> <span class='ocrx_word' id='word_1_84' title='bbox 599 1526 740 1600; x_wconf 89' lang='lat' dir='ltr'>tempora</span> <span class='ocrx_word' id='word_1_85' title='bbox 773 1518 969 1600; x_wconf 78' lang='lat' dir='ltr'>auspicanda</span> <span class='ocrx_word' id='word_1_86' title='bbox 1015 1519 1105 1584; x_wconf 91' lang='lat' dir='ltr'>huius</span> <span class='ocrx_word' id='word_1_87' title='bbox 1138 1519 1233 1603; x_wconf 83' lang='lat' dir='ltr'>igitur</span> 
     </span>
     <span class='ocr_line' id='line_1_13' title="bbox 104 1621 1231 1698; baseline 0.002 -13"><span class='ocrx_word' id='word_1_88' title='bbox 104 1621 167 1685; x_wconf 86' lang='lat' dir='ltr'>anni</span> <span class='ocrx_word' id='word_1_89' title='bbox 188 1622 236 1688; x_wconf 92' lang='lat' dir='ltr'>dei</span> <span class='ocrx_word' id='word_1_90' title='bbox 258 1622 460 1688; x_wconf 82' lang='lat' dir='ltr'>benedicetur</span> <span class='ocrx_word' id='word_1_91' title='bbox 481 1643 602 1698; x_wconf 81' lang='lat' dir='ltr'>corona,</span> <span class='ocrx_word' id='word_1_92' title='bbox 624 1623 864 1688; x_wconf 88' lang='lat' dir='ltr'>iucundissimus</span> <span class='ocrx_word' id='word_1_93' title='bbox 884 1629 915 1688; x_wconf 92' lang='grc' dir='ltr'>θῖ</span> <span class='ocrx_word' id='word_1_94' title='bbox 937 1622 1138 1688; x_wconf 67' lang='lat' dir='ltr'>suadebimus</span> <span class='ocrx_word' id='word_1_95' title='bbox 1160 1622 1231 1688; x_wconf 89' lang='lat' dir='ltr'>uisi-</span> 
     </span>
     <span class='ocr_line' id='line_1_14' title="bbox 105 1724 1234 1809; baseline 0.004 -21"><span class='ocrx_word' id='word_1_96' title='bbox 105 1731 167 1790; x_wconf 82' lang='lat' dir='ltr'>tatae</span> <span class='ocrx_word' id='word_1_97' title='bbox 188 1733 276 1792; x_wconf 78' lang='lat' dir='ltr'>terrae</span> <span class='ocrx_word' id='word_1_98' title='bbox 298 1727 520 1809; x_wconf 60' lang='lat' dir='ltr'>inebriataeque</span> <span class='ocrx_word' id='word_1_99' title='bbox 536 1726 660 1792; x_wconf 83' lang='lat' dir='ltr'>fructus.</span> <span class='ocrx_word' id='word_1_100' title='bbox 706 1726 774 1792; x_wconf 85' lang='lat' dir='ltr'>haec</span> <span class='ocrx_word' id='word_1_101' title='bbox 794 1727 878 1792; x_wconf 90' lang='lat' dir='ltr'>enim</span> <span class='ocrx_word' id='word_1_102' title='bbox 894 1724 1010 1793; x_wconf 82' lang='lat' dir='ltr'>Obristi</span> <span class='ocrx_word' id='word_1_103' title='bbox 1027 1733 1082 1804; x_wconf 88' lang='lat' dir='ltr'>est,</span> <span class='ocrx_word' id='word_1_104' title='bbox 1106 1727 1234 1808; x_wconf 85' lang='lat' dir='ltr'>depulsa</span> 
     </span>
     <span class='ocr_line' id='line_1_15' title="bbox 105 1831 1233 1912; baseline 0.001 -18"><span class='ocrx_word' id='word_1_105' title='bbox 105 1849 251 1910; x_wconf 89' lang='lat' dir='ltr'>corporum</span> <span class='ocrx_word' id='word_1_106' title='bbox 288 1838 464 1895; x_wconf 84' lang='lat' dir='ltr'>nostrorum</span> <span class='ocrx_word' id='word_1_107' title='bbox 486 1831 678 1910; x_wconf 85' lang='lat' dir='ltr'>corruptione</span> <span class='ocrx_word' id='word_1_108' title='bbox 701 1837 734 1897; x_wconf 86' lang='lat' dir='ltr'>et</span> <span class='ocrx_word' id='word_1_109' title='bbox 754 1837 917 1912; x_wconf 86' lang='lat' dir='ltr'>perempta</span> <span class='ocrx_word' id='word_1_110' title='bbox 940 1831 1048 1896; x_wconf 89' lang='lat' dir='ltr'>mortis</span> <span class='ocrx_word' id='word_1_111' title='bbox 1072 1837 1233 1912; x_wconf 74' lang='lat' dir='ltr'>potestate,</span> 
     </span>
     <span class='ocr_line' id='line_1_16' title="bbox 105 1932 1286 2001; baseline 0.001 -4"><span class='ocrx_word' id='word_1_112' title='bbox 105 1932 227 1998; x_wconf 80' lang='lat' dir='ltr'>uictoria</span> <span class='ocrx_word' id='word_1_113' title='bbox 272 1932 340 1998; x_wconf 82' lang='lat' dir='ltr'>haec</span> <span class='ocrx_word' id='word_1_114' title='bbox 353 1954 464 1999; x_wconf 83' lang='lat' dir='ltr'>corona</span> <span class='ocrx_word' id='word_1_115' title='bbox 476 1933 675 2000; x_wconf 76' lang='lat' dir='ltr'>sanctificate</span> <span class='ocrx_word' id='word_1_116' title='bbox 688 1940 778 2000; x_wconf 83' lang='lat' dir='ltr'>terrae</span> <span class='ocrx_word' id='word_1_117' title='bbox 793 1939 905 2000; x_wconf 83' lang='lat' dir='ltr'>nostrae</span> <span class='ocrx_word' id='word_1_118' title='bbox 922 1933 998 2001; x_wconf 87' lang='lat' dir='ltr'>flore</span> <span class='ocrx_word' id='word_1_119' title='bbox 1010 1934 1174 2000; x_wconf 89' lang='lat' dir='ltr'>benedicta</span> <span class='ocrx_word' id='word_1_120' title='bbox 1186 1941 1234 2000; x_wconf 89' lang='lat' dir='ltr'>est</span> <span class='ocrx_word' id='word_1_121' title='bbox 1262 1957 1286 1998; x_wconf 82' lang='lat' dir='ltr'>u</span> 
     </span>
     <span class='ocr_line' id='line_1_17' title="bbox 105 2036 1234 2122; baseline 0.003 -23"><span class='ocrx_word' id='word_1_122' title='bbox 105 2036 234 2102; x_wconf 88' lang='lat' dir='ltr'>dominus</span> <span class='ocrx_word' id='word_1_123' title='bbox 256 2043 435 2104; x_wconf 88' lang='lat' dir='ltr'>sanctorum</span> <span class='ocrx_word' id='word_1_124' title='bbox 458 2059 582 2103; x_wconf 91' lang='lat' dir='ltr'>suorum</span> <span class='ocrx_word' id='word_1_125' title='bbox 605 2038 700 2103; x_wconf 91' lang='lat' dir='ltr'>cboro</span> <span class='ocrx_word' id='word_1_126' title='bbox 722 2045 817 2122; x_wconf 89' lang='lat' dir='ltr'>atque</span> <span class='ocrx_word' id='word_1_127' title='bbox 832 2039 952 2103; x_wconf 89' lang='lat' dir='ltr'>ambitu</span> <span class='ocrx_word' id='word_1_128' title='bbox 967 2038 1127 2120; x_wconf 73' lang='lat' dir='ltr'>gloriosus.</span> <span class='ocrx_word' id='word_1_129' title='bbox 1161 2043 1234 2102; x_wconf 87' lang='lat' dir='ltr'>tnnc</span> 
     </span>
     <span class='ocr_line' id='line_1_18' title="bbox 106 2139 1234 2225; baseline 0.004 -23"><span class='ocrx_word' id='word_1_130' title='bbox 106 2139 230 2207; x_wconf 80' lang='lat' dir='ltr'>ubertate</span> <span class='ocrx_word' id='word_1_131' title='bbox 253 2143 356 2222; x_wconf 88' lang='lat' dir='ltr'>campi</span> <span class='ocrx_word' id='word_1_132' title='bbox 378 2141 587 2222; x_wconf 87' lang='lat' dir='ltr'>replebuntur,</span> <span class='ocrx_word' id='word_1_133' title='bbox 611 2148 684 2207; x_wconf 90' lang='lat' dir='ltr'>tunc</span> <span class='ocrx_word' id='word_1_134' title='bbox 702 2143 818 2208; x_wconf 87' lang='lat' dir='ltr'>deserti</span> <span class='ocrx_word' id='word_1_135' title='bbox 833 2141 912 2207; x_wconf 92' lang='lat' dir='ltr'>fines</span> <span class='ocrx_word' id='word_1_136' title='bbox 927 2143 1139 2225; x_wconf 82' lang='lat' dir='ltr'>pinguescent,</span> <span class='ocrx_word' id='word_1_137' title='bbox 1163 2148 1234 2206; x_wconf 90' lang='lat' dir='ltr'>tunc</span> 
     </span>
     <span class='ocr_line' id='line_1_19' title="bbox 107 2242 1234 2332; baseline 0.001 -24"><span class='ocrx_word' id='word_1_138' title='bbox 107 2242 187 2310; x_wconf 80' lang='lat' dir='ltr'>colles</span> <span class='ocrx_word' id='word_1_139' title='bbox 218 2245 404 2311; x_wconf 83' lang='lat' dir='ltr'>exultatione</span> <span class='ocrx_word' id='word_1_140' title='bbox 438 2246 651 2332; x_wconf 77' lang='lat' dir='ltr'>accingentur,</span> <span class='ocrx_word' id='word_1_141' title='bbox 686 2253 758 2312; x_wconf 90' lang='lat' dir='ltr'>tunc</span> <span class='ocrx_word' id='word_1_142' title='bbox 792 2246 905 2312; x_wconf 73' lang='lat' dir='ltr'>unetos</span> <span class='ocrx_word' id='word_1_143' title='bbox 935 2247 1038 2312; x_wconf 87' lang='lat' dir='ltr'>ouium</span> <span class='ocrx_word' id='word_1_144' title='bbox 1061 2246 1234 2311; x_wconf 89' lang='lat' dir='ltr'>induentur.</span> 
     </span>
     <span class='ocr_line' id='line_1_20' title="bbox 108 2345 731 2430; baseline 0.006 -20"><span class='ocrx_word' id='word_1_145' title='bbox 108 2345 171 2412; x_wconf 85' lang='lat' dir='ltr'>iliud</span> <span class='ocrx_word' id='word_1_146' title='bbox 191 2351 273 2414; x_wconf 92' lang='lat' dir='ltr'>enirn</span> <span class='ocrx_word' id='word_1_147' title='bbox 296 2350 505 2416; x_wconf 85' lang='lat' dir='ltr'>retributionis</span> <span class='ocrx_word' id='word_1_148' title='bbox 528 2356 577 2415; x_wconf 91' lang='lat' dir='ltr'>est</span> <span class='ocrx_word' id='word_1_149' title='bbox 599 2357 731 2430; x_wconf 89' lang='lat' dir='ltr'>tempus.</span> 
     </span>
    </p>

    <p class='ocr_par' dir='ltr' id='par_1_3' title="bbox 108 2453 1310 3469">
     <span class='ocr_line' id='line_1_21' title="bbox 146 2453 1310 2549; baseline 0 -34"><span class='ocrx_word' id='word_1_150' title='bbox 146 2453 189 2517; x_wconf 82' lang='lat' dir='ltr'>n.</span> <span class='ocrx_word' id='word_1_151' title='bbox 212 2453 276 2526; x_wconf 83' lang='lat' dir='ltr'>Sed</span> <span class='ocrx_word' id='word_1_152' title='bbox 297 2454 465 2520; x_wconf 85' lang='lat' dir='ltr'>discrimen</span> <span class='ocrx_word' id='word_1_153' title='bbox 494 2454 591 2534; x_wconf 90' lang='lat' dir='ltr'>ipsius</span> <span class='ocrx_word' id='word_1_154' title='bbox 622 2454 832 2520; x_wconf 89' lang='lat' dir='ltr'>retributionis</span> <span class='ocrx_word' id='word_1_155' title='bbox 862 2459 909 2520; x_wconf 88' lang='lat' dir='ltr'>est</span> <span class='ocrx_word' id='word_1_156' title='bbox 939 2456 1157 2520; x_wconf 89' lang='lat' dir='ltr'>contuendum.</span> <span class='ocrx_word' id='word_1_157' title='bbox 1203 2453 1234 2518; x_wconf 91' lang='lat' dir='ltr'>in</span> <span class='ocrx_word' id='word_1_158' title='bbox 1262 2477 1310 2549; x_wconf 28' lang='lat' dir='ltr'>aa,</span> 
     </span>
     <span class='ocr_line' id='line_1_22' title="bbox 109 2557 1235 2642; baseline 0.004 -25"><span class='ocrx_word' id='word_1_159' title='bbox 109 2557 213 2636; x_wconf 85' lang='lat' dir='ltr'>campis</span> <span class='ocrx_word' id='word_1_160' title='bbox 235 2559 329 2635; x_wconf 88' lang='lat' dir='ltr'>eninr,</span> <span class='ocrx_word' id='word_1_161' title='bbox 346 2577 477 2641; x_wconf 87' lang='lat' dir='ltr'>quorum</span> <span class='ocrx_word' id='word_1_162' title='bbox 500 2557 532 2622; x_wconf 92' lang='lat' dir='ltr'>in</span> <span class='ocrx_word' id='word_1_163' title='bbox 551 2557 668 2623; x_wconf 86' lang='lat' dir='ltr'>cultura</span> <span class='ocrx_word' id='word_1_164' title='bbox 690 2577 763 2624; x_wconf 90' lang='lat' dir='ltr'>usus</span> <span class='ocrx_word' id='word_1_165' title='bbox 787 2564 844 2636; x_wconf 89' lang='lat' dir='ltr'>est,</span> <span class='ocrx_word' id='word_1_166' title='bbox 868 2578 913 2636; x_wconf 84' lang='lat' dir='ltr'>eu,</span> <span class='ocrx_word' id='word_1_167' title='bbox 933 2578 1002 2641; x_wconf 78' lang='lat' dir='ltr'>quae</span> <span class='ocrx_word' id='word_1_168' title='bbox 1025 2558 1082 2624; x_wconf 89' lang='lat' dir='ltr'>sub</span> <span class='ocrx_word' id='word_1_169' title='bbox 1105 2557 1175 2642; x_wconf 86' lang='lat' dir='ltr'>lege</span> <span class='ocrx_word' id='word_1_170' title='bbox 1197 2577 1235 2624; x_wconf 84' lang='lat' dir='ltr'>ex</span> 
     </span>
     <span class='ocr_line' id='line_1_23' title="bbox 108 2657 1234 2745; baseline 0.004 -23"><span class='ocrx_word' id='word_1_171' title='bbox 108 2657 214 2724; x_wconf 85' lang='lat' dir='ltr'>cultura</span> <span class='ocrx_word' id='word_1_172' title='bbox 235 2662 286 2727; x_wconf 90' lang='lat' dir='ltr'>dei</span> <span class='ocrx_word' id='word_1_173' title='bbox 308 2662 431 2739; x_wconf 83' lang='lat' dir='ltr'>fuerint,</span> <span class='ocrx_word' id='word_1_174' title='bbox 452 2682 547 2742; x_wconf 85' lang='lat' dir='ltr'>opero</span> <span class='ocrx_word' id='word_1_175' title='bbox 568 2662 745 2728; x_wconf 88' lang='lat' dir='ltr'>ubertatem</span> <span class='ocrx_word' id='word_1_176' title='bbox 768 2669 1004 2745; x_wconf 90' lang='lat' dir='ltr'>consequentur.</span> <span class='ocrx_word' id='word_1_177' title='bbox 1049 2662 1102 2727; x_wconf 92' lang='lat' dir='ltr'>ubi</span> <span class='ocrx_word' id='word_1_178' title='bbox 1131 2667 1234 2726; x_wconf 82' lang='lat' dir='ltr'>eutem</span> 
     </span>
     <span class='ocr_line' id='line_1_24' title="bbox 108 2759 1235 2850; baseline 0.005 -26"><span class='ocrx_word' id='word_1_179' title='bbox 108 2759 176 2828; x_wconf 80' lang='lat' dir='ltr'>fines</span> <span class='ocrx_word' id='word_1_180' title='bbox 197 2765 310 2831; x_wconf 89' lang='lat' dir='ltr'>deserti</span> <span class='ocrx_word' id='word_1_181' title='bbox 333 2766 546 2850; x_wconf 83' lang='lat' dir='ltr'>pinguescent,</span> <span class='ocrx_word' id='word_1_182' title='bbox 570 2765 719 2843; x_wconf 86' lang='lat' dir='ltr'>ecclesiae,</span> <span class='ocrx_word' id='word_1_183' title='bbox 743 2784 812 2849; x_wconf 88' lang='lat' dir='ltr'>quae</span> <span class='ocrx_word' id='word_1_184' title='bbox 836 2767 960 2832; x_wconf 86' lang='lat' dir='ltr'>deserta</span> <span class='ocrx_word' id='word_1_185' title='bbox 982 2766 1039 2831; x_wconf 85' lang='lat' dir='ltr'>fuit</span> <span class='ocrx_word' id='word_1_186' title='bbox 1058 2767 1118 2845; x_wconf 91' lang='lat' dir='ltr'>diu,</span> <span class='ocrx_word' id='word_1_187' title='bbox 1141 2785 1235 2846; x_wconf 93' lang='lat' dir='ltr'>popu·</span> 
     </span>
     <span class='ocr_line' id='line_1_25' title="bbox 109 2863 1235 2950; baseline 0.004 -21"><span class='ocrx_word' id='word_1_188' title='bbox 109 2863 148 2930; x_wconf 83' lang='lat' dir='ltr'>tua</span> <span class='ocrx_word' id='word_1_189' title='bbox 168 2869 411 2948; x_wconf 89' lang='lat' dir='ltr'>repromissionis</span> <span class='ocrx_word' id='word_1_190' title='bbox 434 2869 522 2935; x_wconf 90' lang='lat' dir='ltr'>bonis</span> <span class='ocrx_word' id='word_1_191' title='bbox 544 2870 705 2950; x_wconf 89' lang='lat' dir='ltr'>opimatur.</span> <span class='ocrx_word' id='word_1_192' title='bbox 751 2870 783 2934; x_wconf 93' lang='lat' dir='ltr'>in</span> <span class='ocrx_word' id='word_1_193' title='bbox 806 2868 935 2935; x_wconf 91' lang='lat' dir='ltr'>collibus</span> <span class='ocrx_word' id='word_1_194' title='bbox 958 2890 1031 2935; x_wconf 87' lang='lat' dir='ltr'>uero</span> <span class='ocrx_word' id='word_1_195' title='bbox 1050 2869 1235 2943; x_wconf 82' lang='lat' dir='ltr'>exultatione</span> 
     </span>
     <span class='ocr_line' id='line_1_26' title="bbox 108 2971 1288 3058; baseline 0.001 -24"><span class='ocrx_word' id='word_1_196' title='bbox 108 2971 240 3038; x_wconf 74' lang='lat' dir='ltr'>accinctis</span> <span class='ocrx_word' id='word_1_197' title='bbox 260 2973 395 3057; x_wconf 85' lang='lat' dir='ltr'>gloriosa</span> <span class='ocrx_word' id='word_1_198' title='bbox 417 2983 588 3056; x_wconf 81' lang='lat' dir='ltr'>mart-yrum</span> <span class='ocrx_word' id='word_1_199' title='bbox 619 2975 732 3058; x_wconf 83' lang='lat' dir='ltr'>gaudia</span> <span class='ocrx_word' id='word_1_200' title='bbox 761 2974 955 3049; x_wconf 62' lang='lat' dir='ltr'>nuntiantem</span> <span class='ocrx_word' id='word_1_201' title='bbox 986 2972 1019 3038; x_wconf 91' lang='lat' dir='ltr'>hi</span> <span class='ocrx_word' id='word_1_202' title='bbox 1050 2973 1132 3038; x_wconf 89' lang='lat' dir='ltr'>enirn</span> <span class='ocrx_word' id='word_1_203' title='bbox 1164 2983 1235 3038; x_wconf 90' lang='lat' dir='ltr'>sunt</span> <span class='ocrx_word' id='word_1_204' title='bbox 1263 2997 1288 3034; x_wconf 78' lang='lat' dir='ltr'>aa</span> 
     </span>
     <span class='ocr_line' id='line_1_27' title="bbox 110 3075 1236 3154; baseline 0.005 -18"><span class='ocrx_word' id='word_1_205' title='bbox 110 3075 189 3139; x_wconf 87' lang='lat' dir='ltr'>terris</span> <span class='ocrx_word' id='word_1_206' title='bbox 209 3078 319 3142; x_wconf 88' lang='lat' dir='ltr'>ceteris</span> <span class='ocrx_word' id='word_1_207' title='bbox 342 3077 495 3142; x_wconf 88' lang='lat' dir='ltr'>celsiores.</span> <span class='ocrx_word' id='word_1_208' title='bbox 541 3097 611 3142; x_wconf 86' lang='lat' dir='ltr'>cunr</span> <span class='ocrx_word' id='word_1_209' title='bbox 645 3084 748 3143; x_wconf 87' lang='lat' dir='ltr'>cutem</span> <span class='ocrx_word' id='word_1_210' title='bbox 783 3078 896 3143; x_wconf 89' lang='lat' dir='ltr'>arietes</span> <span class='ocrx_word' id='word_1_211' title='bbox 930 3078 1032 3142; x_wconf 90' lang='lat' dir='ltr'>ouium</span> <span class='ocrx_word' id='word_1_212' title='bbox 1063 3078 1236 3154; x_wconf 82' lang='lat' dir='ltr'>induentur,</span> 
     </span>
     <span class='ocr_line' id='line_1_28' title="bbox 110 3179 1234 3264; baseline 0.004 -23"><span class='ocrx_word' id='word_1_213' title='bbox 110 3183 210 3243; x_wconf 75' lang='lat' dir='ltr'>ebruc</span> <span class='ocrx_word' id='word_1_214' title='bbox 230 3179 281 3244; x_wconf 86' lang='lat' dir='ltr'>ilia</span> <span class='ocrx_word' id='word_1_215' title='bbox 304 3188 336 3246; x_wconf 90' lang='lat' dir='ltr'>et</span> <span class='ocrx_word' id='word_1_216' title='bbox 357 3181 450 3264; x_wconf 83' lang='lat' dir='ltr'>beata</span> <span class='ocrx_word' id='word_1_217' title='bbox 471 3179 713 3262; x_wconf 83' lang='lat' dir='ltr'>patriarcharum</span> <span class='ocrx_word' id='word_1_218' title='bbox 738 3189 769 3247; x_wconf 91' lang='lat' dir='ltr'>et</span> <span class='ocrx_word' id='word_1_219' title='bbox 788 3182 1009 3262; x_wconf 88' lang='lat' dir='ltr'>prophetarum</span> <span class='ocrx_word' id='word_1_220' title='bbox 1033 3187 1064 3246; x_wconf 92' lang='lat' dir='ltr'>et</span> <span class='ocrx_word' id='word_1_221' title='bbox 1085 3180 1234 3262; x_wconf 82' lang='lat' dir='ltr'>apostolo-</span> 
     </span>
     <span class='ocr_line' id='line_1_29' title="bbox 110 3285 1236 3369; baseline 0.004 -25"><span class='ocrx_word' id='word_1_222' title='bbox 110 3299 177 3359; x_wconf 86' lang='lat' dir='ltr'>rum,</span> <span class='ocrx_word' id='word_1_223' title='bbox 197 3285 248 3368; x_wconf 84' lang='lat' dir='ltr'>qni</span> <span class='ocrx_word' id='word_1_224' title='bbox 271 3286 366 3350; x_wconf 91' lang='lat' dir='ltr'>duces</span> <span class='ocrx_word' id='word_1_225' title='bbox 389 3285 498 3369; x_wconf 80' lang='lat' dir='ltr'>gregis</span> <span class='ocrx_word' id='word_1_226' title='bbox 520 3285 620 3350; x_wconf 86' lang='lat' dir='ltr'>sancti</span> <span class='ocrx_word' id='word_1_227' title='bbox 655 3291 735 3361; x_wconf 89' lang='lat' dir='ltr'>sunt,</span> <span class='ocrx_word' id='word_1_228' title='bbox 768 3286 866 3350; x_wconf 88' lang='lat' dir='ltr'>uestis</span> <span class='ocrx_word' id='word_1_229' title='bbox 896 3285 1076 3362; x_wconf 90' lang='lat' dir='ltr'>ostenditur,</span> <span class='ocrx_word' id='word_1_230' title='bbox 1107 3285 1146 3350; x_wconf 91' lang='lat' dir='ltr'>de</span> <span class='ocrx_word' id='word_1_231' title='bbox 1175 3305 1236 3368; x_wconf 84' lang='lat' dir='ltr'>qna</span> 
     </span>
     <span class='ocr_line' id='line_1_30' title="bbox 110 3384 1235 3469; baseline 0.005 -23"><span class='ocrx_word' id='word_1_232' title='bbox 110 3384 148 3447; x_wconf 88' lang='lat' dir='ltr'>ait</span> <span class='ocrx_word' id='word_1_233' title='bbox 166 3386 267 3454; x_wconf 87' lang='lat' dir='ltr'>beatus</span> <span class='ocrx_word' id='word_1_234' title='bbox 290 3388 446 3469; x_wconf 86' lang='lat' dir='ltr'>apostolus</span> <span class='ocrx_word' id='word_1_235' title='bbox 470 3388 598 3465; x_wconf 78' lang='lat' dir='ltr'>Paulus:</span> <span class='ocrx_word' id='word_1_236' title='bbox 629 3395 791 3469; x_wconf 91' lang='lat' dir='ltr'>oportet</span> <span class='ocrx_word' id='word_1_237' title='bbox 820 3390 926 3454; x_wconf 87' lang='lat' dir='ltr'>enirn</span> <span class='ocrx_word' id='word_1_238' title='bbox 962 3387 1235 3468; x_wconf 84' lang='lat' dir='ltr'>corruptibile</span> 
     </span>
    </p>
   </div>
   <div class='ocr_carea' id='block_1_3' title="bbox 149 3560 732 3632">
    <p class='ocr_par' dir='ltr' id='par_1_4' title="bbox 149 3560 732 3632">
     <span class='ocr_line' id='line_1_31' title="bbox 149 3560 732 3632; baseline 0.014 -22"><span class='ocrx_word' id='word_1_239' title='bbox 149 3560 335 3630; x_wconf 81' lang='lat' dir='ltr'>bEau&#39;uLXI,</span> <span class='ocrx_word' id='word_1_240' title='bbox 355 3564 369 3617; x_wconf 88' lang='lat'>1</span> <span class='ocrx_word' id='word_1_241' title='bbox 389 3579 429 3632; x_wconf 87' lang='lat' dir='ltr'>eq.</span> <span class='ocrx_word' id='word_1_242' title='bbox 465 3563 611 3618; x_wconf 75' lang='lat' dir='ltr'>calcor.</span> <span class='ocrx_word' id='word_1_243' title='bbox 631 3563 732 3631; x_wconf 78' lang='lat' dir='ltr'><strong>lb‚53.</strong></span> 
     </span>
    </p>
   </div>
   <div class='ocr_carea' id='block_1_4' title="bbox 111 3699 1239 3944">
    <p class='ocr_par' dir='ltr' id='par_1_5' title="bbox 111 3699 1239 3944">
     <span class='ocr_line' id='line_1_32' title="bbox 151 3699 1237 3771; baseline 0.001 -19"><span class='ocrx_word' id='word_1_244' title='bbox 151 3699 355 3770; x_wconf 77' lang='lat' dir='ltr'>laeciugentur</span> <span class='ocrx_word' id='word_1_245' title='bbox 374 3701 427 3754; x_wconf 80' lang='lat' dir='ltr'>BP</span> <span class='ocrx_word' id='word_1_246' title='bbox 442 3702 586 3771; x_wconf 77' lang='lat' dir='ltr'>erigentur</span> <span class='ocrx_word' id='word_1_247' title='bbox 604 3719 617 3754; x_wconf 87' lang='lat' dir='ltr'>c</span> <span class='ocrx_word' id='word_1_248' title='bbox 669 3703 686 3754; x_wconf 83' lang='lat'>6</span> <span class='ocrx_word' id='word_1_249' title='bbox 704 3701 916 3770; x_wconf 76' lang='lat' dir='ltr'>euuangelirare</span> <span class='ocrx_word' id='word_1_250' title='bbox 928 3703 954 3754; x_wconf 87' lang='lat' dir='ltr'><em>R</em></span> <span class='ocrx_word' id='word_1_251' title='bbox 1007 3703 1039 3756; x_wconf 80' lang='lat'>12</span> <span class='ocrx_word' id='word_1_252' title='bbox 1057 3700 1237 3756; x_wconf 87' lang='lat' dir='ltr'>benedicetur</span> 
     </span>
     <span class='ocr_line' id='line_1_33' title="bbox 111 3785 1237 3855; baseline -0.002 -16"><span class='ocrx_word' id='word_1_253' title='bbox 111 3797 199 3839; x_wconf 75' lang='lat' dir='ltr'>corona</span> <span class='ocrx_word' id='word_1_254' title='bbox 215 3787 267 3840; x_wconf 77' lang='lat' dir='ltr'>BP</span> <span class='ocrx_word' id='word_1_255' title='bbox 280 3787 468 3854; x_wconf 82' lang='lat' dir='ltr'>(benedicitur</span> <span class='ocrx_word' id='word_1_256' title='bbox 485 3804 586 3842; x_wconf 85' lang='lat' dir='ltr'>corone</span> <span class='ocrx_word' id='word_1_257' title='bbox 609 3785 644 3855; x_wconf 79' lang='lat' dir='ltr'>V)</span> <span class='ocrx_word' id='word_1_258' title='bbox 668 3787 816 3842; x_wconf 85' lang='lat' dir='ltr'>benedicet</span> <span class='ocrx_word' id='word_1_259' title='bbox 839 3805 969 3842; x_wconf 82' lang='lat' dir='ltr'>cononem</span> <span class='ocrx_word' id='word_1_260' title='bbox 987 3789 1016 3841; x_wconf 89' lang='grc' dir='ltr'><em>Ε</em></span> <span class='ocrx_word' id='word_1_261' title='bbox 1066 3788 1237 3842; x_wconf 71' lang='grc' dir='ltr'>ιιίεἰῖιῖεεξ</span> 
     </span>
     <span class='ocr_line' id='line_1_34' title="bbox 112 3865 1239 3944; baseline -0.002 -14"><span class='ocrx_word' id='word_1_262' title='bbox 112 3865 181 3930; x_wconf 66' lang='grc' dir='ltr'>(πω.</span> <span class='ocrx_word' id='word_1_263' title='bbox 206 3874 237 3942; x_wconf 71' lang='lat' dir='ltr'>q)</span> <span class='ocrx_word' id='word_1_264' title='bbox 265 3876 290 3928; x_wconf 79' lang='grc' dir='ltr'>ε</span> <span class='ocrx_word' id='word_1_265' title='bbox 344 3875 485 3944; x_wconf 65' lang='lat' dir='ltr'>reteque</span> <span class='ocrx_word' id='word_1_266' title='bbox 512 3877 538 3930; x_wconf 82' lang='lat' dir='ltr'>n</span> <span class='ocrx_word' id='word_1_267' title='bbox 593 3876 788 3929; x_wconf 63' lang='lat' dir='ltr'>roubertum</span> <span class='ocrx_word' id='word_1_268' title='bbox 817 3877 842 3929; x_wconf 77' lang='lat' dir='ltr'>rc</span> <span class='ocrx_word' id='word_1_269' title='bbox 895 3875 963 3928; x_wconf 68' lang='lat' dir='ltr'>nnec</span> <span class='ocrx_word' id='word_1_270' title='bbox 991 3875 1045 3942; x_wconf 81' lang='lat' dir='ltr'>(V)</span> <span class='ocrx_word' id='word_1_271' title='bbox 1073 3876 1099 3929; x_wconf 77' lang='lat' dir='ltr'>n</span> <span class='ocrx_word' id='word_1_272' title='bbox 1124 3873 1188 3928; x_wconf 70' lang='lat' dir='ltr'>fine</span> <span class='ocrx_word' id='word_1_273' title='bbox 1213 3875 1239 3927; x_wconf 82' lang='lat' dir='ltr'><em>P</em></span> 
     </span>
    </p>
   </div>
   <div class='ocr_carea' id='block_1_5' title="bbox 113 3973 1237 4166">
    <p class='ocr_par' dir='ltr' id='par_1_6' title="bbox 113 3973 1237 4166">
     <span class='ocr_line' id='line_1_35' title="bbox 113 3973 1235 4084; baseline 0.002 -20"><span class='ocrx_word' id='word_1_274' title='bbox 113 4007 142 4060; x_wconf 83' lang='lat'>18</span> <span class='ocrx_word' id='word_1_275' title='bbox 158 4012 385 4068; x_wconf 59' lang='lat' dir='ltr'>uulunceffiP</span> <span class='ocrx_word' id='word_1_276' title='bbox 433 4015 534 4068; x_wconf 84' lang='lat' dir='ltr'>arietes</span> <span class='ocrx_word' id='word_1_277' title='bbox 553 4032 583 4067; x_wconf 74' lang='lat' dir='ltr'><strong><em>a</em></strong></span> <span class='ocrx_word' id='word_1_278' title='bbox 600 4015 695 4068; x_wconf 82' lang='lat' dir='ltr'>arietis</span> <span class='ocrx_word' id='word_1_279' title='bbox 708 4015 735 4067; x_wconf 91' lang='lat' dir='ltr'><em>P</em></span> <span class='ocrx_word' id='word_1_280' title='bbox 784 4016 819 4069; x_wconf 74' lang='grc'>20</span> <span class='ocrx_word' id='word_1_281' title='bbox 836 3973 1003 4069; x_wconf 74' lang='grc' dir='ltr'>θειιῖιιθιιάἦΙ</span> <span class='ocrx_word' id='word_1_282' title='bbox 1014 4011 1037 4081; x_wconf 90' lang='grc' dir='ltr'>(ε</span> <span class='ocrx_word' id='word_1_283' title='bbox 1055 4031 1126 4084; x_wconf 80' lang='lat' dir='ltr'>supr.</span> <span class='ocrx_word' id='word_1_284' title='bbox 1144 4030 1193 4067; x_wconf 80' lang='lat' dir='ltr'>ser.</span> <span class='ocrx_word' id='word_1_285' title='bbox 1203 4031 1235 4066; x_wconf 87' lang='lat' dir='ltr'>m.</span> 
     </span>
     <span class='ocr_line' id='line_1_36' title="bbox 113 4090 1237 4166; baseline -0.005 -8"><span class='ocrx_word' id='word_1_286' title='bbox 113 4090 175 4158; x_wconf 70' lang='lat' dir='ltr'>bt&gt;</span> <span class='ocrx_word' id='word_1_287' title='bbox 214 4098 586 4165; x_wconf 55' lang='lat' dir='ltr'>caementarius</span> <span class='ocrx_word' id='word_1_288' title='bbox 630 4099 923 4166; x_wconf 75' lang='lat' dir='ltr'>uerururtrsuuu</span> <span class='ocrx_word' id='word_1_289' title='bbox 939 4099 972 4166; x_wconf 76' lang='lat' dir='ltr'>tp</span> <span class='ocrx_word' id='word_1_290' title='bbox 1020 4099 1237 4154; x_wconf 65' lang='lat' dir='ltr'>ueteranum</span> 
     </span>
    </p>
   </div>
   <div class='ocr_carea' id='block_1_6' title="bbox 114 4181 1237 4327">
    <p class='ocr_par' dir='ltr' id='par_1_7' title="bbox 114 4181 1237 4327">
     <span class='ocr_line' id='line_1_37' title="bbox 114 4181 1237 4256; baseline 0 -16"><span class='ocrx_word' id='word_1_291' title='bbox 114 4181 278 4252; x_wconf 62' lang='lat' dir='ltr'>membr</span> <span class='ocrx_word' id='word_1_292' title='bbox 304 4187 331 4240; x_wconf 87' lang='lat' dir='ltr'><strong><em>P</em></strong></span> <span class='ocrx_word' id='word_1_293' title='bbox 379 4189 415 4242; x_wconf 74' lang='lat' dir='ltr'>ct</span> <span class='ocrx_word' id='word_1_294' title='bbox 433 4184 617 4255; x_wconf 69' lang='lat' dir='ltr'>(patriarotrfi</span> <span class='ocrx_word' id='word_1_295' title='bbox 647 4187 682 4253; x_wconf 86' lang='lat' dir='ltr'>V)</span> <span class='ocrx_word' id='word_1_296' title='bbox 744 4188 915 4256; x_wconf 79' lang='lat' dir='ltr'>profetarum</span> <span class='ocrx_word' id='word_1_297' title='bbox 945 4187 1027 4253; x_wconf 83' lang='lat' dir='ltr'><strong><em>(V)R</em></strong></span> <span class='ocrx_word' id='word_1_298' title='bbox 1083 4189 1118 4242; x_wconf 76' lang='lat'>29</span> <span class='ocrx_word' id='word_1_299' title='bbox 1136 4185 1237 4240; x_wconf 79' lang='lat' dir='ltr'>Paulus</span> 
     </span>
     <span class='ocr_line' id='line_1_38' title="bbox 114 4269 432 4327; baseline 0 -1"><span class='ocrx_word' id='word_1_300' title='bbox 114 4269 198 4320; x_wconf 62' lang='grc' dir='ltr'>ΜΡ</span> <span class='ocrx_word' id='word_1_301' title='bbox 242 4273 313 4326; x_wconf 82' lang='lat' dir='ltr'>enirn</span> <span class='ocrx_word' id='word_1_302' title='bbox 331 4291 380 4327; x_wconf 85' lang='lat' dir='ltr'>om.</span> <span class='ocrx_word' id='word_1_303' title='bbox 400 4275 432 4326; x_wconf 78' lang='lat' dir='ltr'>R.</span> 
     </span>
    </p>
   </div>
   <div class='ocr_carea' id='block_1_7' title="bbox 0 0 1554 4967">
    <p class='ocr_par' dir='ltr' id='par_1_8' title="bbox 0 0 1554 4967">
     <span class='ocr_line' id='line_1_39' title="bbox 0 0 1554 4967; baseline 0 0"><span class='ocrx_word' id='word_1_304' title='bbox 0 0 1554 4967; x_wconf 95' lang='lat' dir='ltr'> </span> 
     </span>
    </p>
   </div>
  </div>
 </body>
</html>
