3075 4967
304 239 367 303 844
649 242 766 295 sancti
785 242 921 296 Hilarii
940 241 1105 311 episonpi

302 430 333 493 in
358 450 402 507 aa,
438 449 506 514 quse
541 430 707 511 prophetas
737 432 850 497 oeoidit
872 440 904 498 et
925 431 1041 512 lapidat
1063 452 1125 507 eos,
1155 435 1209 517 qui
1239 433 1278 497 ad
1300 452 1333 497 se
1354 434 1428 498 missi

303 533 398 599 sunt?
443 535 511 600 haro
525 535 640 618 utique
664 534 756 601 hodio
778 536 842 600 iam
864 556 926 601 non
949 543 998 601 ast
1020 543 1051 601 et
1073 538 1227 620 quomodo
1249 537 1430 601 dominnsin

303 644 454 703 aeternum
483 638 626 722 regnabit
654 640 743 723 regni
774 641 821 705 sui
844 640 918 705 sede
941 638 1115 707 subuersa?
1159 642 1216 706 sed
1245 641 1383 725 regnabit
1405 642 1430 705 in

304 763 347 821 ea,
382 762 452 827 quae
485 752 584 809 mater
617 744 749 809 oaelestis
779 751 834 813 est.
868 764 936 827 qua
958 744 1039 809 uiuis
1060 743 1216 825 lapidibus
1238 752 1388 811 exstructa
1407 760 1431 810 et

265 876 277 911 s
305 848 418 913 sanetis
451 848 570 913 oiuibus
601 848 691 928 plena
719 868 776 931 per
809 849 1041 933 generationem
1070 848 1150 933 logis
1174 856 1206 914 st
1225 870 1283 931 per
1315 869 1432 934 genera·

304 951 420 1017 tionem
451 952 525 1017 fidoi
559 951 805 1037 frequentabitur
826 973 845 1017 a
868 953 1046 1017 domesticis
1069 954 1118 1018 dei
1143 961 1175 1019 et
1197 954 1315 1019 domini
1348 954 1432 1018 nostn'

305 1055 375 1121 loon
398 1054 521 1130 Christi,
546 1058 596 1139 qui
622 1064 669 1122 eat
692 1057 871 1122 benedictus
899 1057 931 1120 in
962 1056 1076 1123 saeoula
1108 1057 1300 1123 sseoulorum.
1343 1077 1432 1122 amen.
1526 1083 1527 1090 ¹

704 1262 890 1347 Psillllls
918 1262 1053 1346 cxlvi

779 1437 971 1503 Alleluia.

186 1602 188 1607 '
254 1620 278 1656 ιο
349 1594 763 1671 Laudatedominum,
789 1596 975 1677 quoniam
1000 1595 1127 1659 bonus
1157 1602 1219 1660 eat
1252 1594 1433 1675 psalmus:

306 1700 376 1763 deo
400 1705 540 1764 nostro
562 1699 739 1763 iucunda
762 1700 817 1763 sit
839 1697 1023 1764 laudatio
1046 1708 1077 1764 et
1099 1698 1226 1782 reliqua

350 1854 378 1918 1.
404 1854 477 1919 Post
506 1854 637 1934 primam
670 1852 864 1926 Hierusalem
913 1854 1148 1921 subuersionsm
1182 1854 1435 1937 traductoquein

306 1958 509 2043 Babyloniam
544 1957 656 2038 populo
690 1959 812 2038 captiuo
846 1958 1032 2024 aedifioatam
1065 1979 1189 2024 mrsum
1219 1960 1353 2024 eandam
1373 1958 1437 2023 oiui·

306 2070 400 2127 tatem
418 2062 515 2127 fuisse
531 2070 561 2127 et
576 2061 705 2127 historia
728 2062 909 2147 Regnorum
934 2069 965 2138 et
986 2062 1057 2127 libri
1079 2062 1188 2128 Esdrae
1211 2062 1359 2128 locuntur.
1389 2062 1435 2127 sed

254 2188 279 2227 rs
307 2166 399 2232 hodie
422 2166 552 2231 eandem
575 2164 691 2231 nullam
715 2186 784 2232 asse
806 2186 910 2232 rerum
933 2166 1012 2232 fides
1035 2168 1150 2233 edocet.
1195 2174 1228 2233 et
1249 2167 1309 2232 hoo
1335 2166 1437 2231 ideireo

308 2271 515 2353 praediximus,
541 2270 682 2354 ne,·quia
703 2270 940 2336 translatoribus
958 2273 1059 2336 uisum
1084 2280 1132 2337 est
1154 2270 1227 2337 huia
1251 2278 1284 2337 et
1305 2270 1437 2336 anteriori

307 2374 423 2455 psalmo
447 2376 478 2439 in
502 2376 660 2458 Aggsenm
684 2380 714 2439 et
736 2373 920 2440 Zachariam
953 2374 1073 2440 titulum
1103 2376 1316 2457 praearmare,
1346 2374 1436 2440 existi·

307 2498 426 2544 memus
448 2479 479 2542 in
504 2477 586 2544 illius
606 2480 751 2560 temporis
767 2478 912 2545 homines
928 2479 1098 2561 prophetia
1112 2479 1205 2545 huius
1221 2479 1435 2561 praesoientinn

306 2584 480 2648 annuenire.
525 2582 676 2665 propheta
710 2584 794 2648 enim
816 2604 878 2648 non
901 2586 1029 2667 ignarus
1051 2584 1189 2667 mysterii
1214 2584 1354 2660 caelestis,
1375 2602 1434 2648 curn

254 2708 279 2745 2⁰
305 2689 336 2752 in
365 2688 567 2753 aedifioations
601 2688 652 2751 dei
685 2687 817 2752 ciuitatis
851 2688 1020 2752 humanam
1054 2688 1291 2753 aedificationem
1325 2688 1433 2752 inanem

305 2812 375 2857 esse
399 2792 535 2869 dixisset,
566 2811 637 2856 oum
661 2792 717 2856 deo
741 2792 850 2857 oiuitus
873 2793 933 2857 nisi
956 2793 1138 2873 peripsum
1160 2792 1314 2858 aedificata
1334 2801 1434 2857 reterns

306 2914 457 2959 essenon
481 2904 596 2977 posset,
625 2916 687 2960 non
717 2914 775 2961 nos
804 2916 886 2961 nuno
916 2898 955 2961 ad
986 2895 1225 2981 gratulationem
1248 2896 1433 2962 aedilientaa

307 3000 365 3064 deo
388 3019 512 3064 rursum
537 2998 729 3064 Hierusalem
754 3000 938 3078 hortaretur,
962 3020 1057 3084 quarn
1080 3002 1111 3064 in
1134 3020 1251 3065 uanum
1281 3001 1319 3065 ab
1348 2997 1432 3063 horni-

306 3102 399 3168 nibus
422 3102 568 3168 aedifioari
590 3112 662 3168 ante
678 3104 871 3185 praedixerat
917 3106 999 3188 qnod
1022 3106 1048 3169 si
1072 3106 1141 3187 quis
1165 3105 1244 3169 forte
1267 3104 1381 3185 putabit
1398 3100 1432 3164 id.

347 3297 365 3347 4
382 3294 454 3348 uinis
472 3294 610 3363 lapidibus
621 3296 646 3348 R
658 3294 730 3348 uiuis
749 3311 785 3348 ex
802 3294 940 3363 lapidibus
952 3296 979 3347 E
1028 3299 1046 3351 b
1064 3298 1144 3349 uerba
1162 3296 1233 3365 legis
1251 3303 1281 3350 et
1298 3314 1346 3365 per
1362 3309 1432 3362 gene·

304 3382 442 3439 rationem
460 3399 509 3435 om.
528 3382 561 3446 R,
580 3384 679 3435 litterae
696 3384 750 3435 cod.
773 3382 798 3433 G
816 3383 839 3434 h.
857 3384 874 3435 l.
893 3394 1061 3451 enanoerunt,
1088 3386 1135 3437 sed
1159 3386 1211 3437 nisi
1233 3386 1345 3455 ipsam
1358 3381 1432 3451 ,tollit

305 3470 339 3521 ibi
348 3470 462 3536 suerunt
479 3471 540 3522 hoec
557 3470 645 3531 uerba,
664 3486 728 3537 quoe
755 3479 816 3521 noto
843 3470 891 3521 illo
918 3470 1079 3523 aberratione
1105 3472 1134 3524 in
1152 3471 1178 3524 R
1187 3470 1275 3539 focile
1298 3469 1433 3522 intercidere

302 3566 456 3625 pomeruntr
491 3566 599 3608 ceteram
627 3556 660 3616 cs.
688 3554 784 3608 Bened.
820 3558 848 3607 in
874 3558 935 3609 adn.
962 3566 986 3609 et
1012 3574 1078 3626 quoe
1103 3558 1158 3610 dixi
1184 3558 1266 3610 Acnd.
1291 3576 1318 3629 p.
1343 3552 1381 3607 32
1401 3570 1432 3621 ro.

305 3649 321 3699 6
348 3643 437 3697 nostri
464 3659 512 3695 om.
541 3642 565 3693 lt
617 3640 741 3708 Explioit
767 3641 842 3709 psals
870 3640 968 3695 CXLV
993 3643 1093 3712 incipit
1118 3643 1192 3712 psals
1220 3642 1329 3696 CXLVI
1349 3640 1432 3693 (rm-

304 3732 385 3800 pnon
401 3730 524 3799 psalmus
542 3728 637 3782 oxnv
656 3724 721 3797 mss
739 3728 849 3781 oxnvr
868 3730 893 3781 n
947 3708 980 3785 rb
997 3728 1143 3784 aerisona>
1161 3732 1187 3783 n
1240 3733 1275 3783 14
1291 3729 1399 3783 neum
1412 3729 1432 3777 a

305 3819 434 3872 loonntur
454 3815 672 3883 Gloqunturlt
727 3818 759 3869 lb
783 3816 881 3869 edom
901 3817 955 3867 GE
977 3816 1059 3871 docet
1076 3818 1101 3869 R
1163 3822 1191 3871 et
1207 3816 1261 3870 hoo
1281 3818 1308 3871 G
1324 3816 1373 3869 hoo
1389 3812 1433 3866 ΗΕ

307 3908 339 3959 16
357 3903 483 3973 nequitia
500 3900 534 3967 (i)
556 3902 580 3951 G
632 3902 706 3955 huno
725 3902 896 3956 anteriorill
951 3905 983 3955 17
1001 3903 1031 3956 in
1040 3905 1167 3972 Aggeum
1177 3904 1222 3956 Ru
1274 3898 1432 3957 tititulnrnR

307 4046 339 4097 18
356 3999 552 4111 prescientiam
572 4042 597 4093 G
649 4042 683 4093 20
701 4056 733 4090 a*
745 4040 949 4095 edificationem
966 4035 998 4095 di
1016 4042 1138 4096 oiuitatis
1157 4040 1183 4095 G
1234 4043 1271 4095 23
1288 4041 1432 4094 hortaretur

306 4130 332 4181 It
351 4127 395 4194 (de
415 4128 440 4181 G
458 4130 481 4181 h.
501 4129 518 4181 l.
536 4145 588 4181 noa
605 4128 716 4191 constat)
736 4126 977 4182 adhortaretur'E
1027 4146 1111 4197 qnam
1128 4130 1157 4181 in
1175 4145 1281 4182 uenum
1303 4122 1432 4197 srnpsr'cs·

306 4216 369 4268 rlblr.
389 4216 438 4278 ll',
459 4214 495 4268 72
513 4231 594 4283 quam
613 4230 700 4269 usne*
721 4218 746 4266 (l
765 4232 847 4283 quam
866 4233 967 4269 nauum
987 4217 1012 4269 R
1029 4232 1112 4283 quam
1130 4232 1200 4269 usne
1220 4215 1253 4268 Ε.
