3075 4967
291 251 352 317 108
636 243 753 308 sancti
772 255 906 308 Hilarii
925 254 1090 323 episcopi

288 450 474 508 aeternorum
504 450 675 524 temporum
707 445 901 526 temporariae
931 445 1124 510 fastiuitatca.
1169 445 1209 508 ab
1239 443 1299 509 hoc
1328 444 1440 527 itaque

289 547 488 613 tabernaculo
511 547 609 613 euulsi
640 547 690 613 his
721 548 907 631 spiritalium
937 549 1088 614 donorum
1119 548 1289 615 honoribus
1318 561 1440 613 carent.

335 669 385 736 16.
408 669 515 734 Euulsi
546 679 647 734 autem
678 677 750 734 sunt
780 691 842 735 non
871 690 909 736 ex
939 670 998 736 boc
1034 677 1158 736 terrem
1187 675 1306 736 tantum
1329 669 1441 734 taber-

290 772 404 850 naculo,
428 773 483 838 sed
499 779 582 838 etex
598 772 657 851 illo,
674 775 713 838 de
730 795 791 857 qao
807 775 925 839 dictum
941 781 1003 840 est:
1027 772 1200 839 eleuabo
1225 773 1358 838 Dauid
1385 779 1442 837 ta-

251 877 565 954 abornacuium,
603 880 707 961 quod
746 878 915 943 occidit:
961 885 1099 944 sanctum
1138 877 1213 943 iilud
1251 878 1372 943 scilicet
1411 886 1443 941 et

291 979 468 1046 uenerabile
491 981 552 1046 nati
577 1001 614 1046 ex
637 982 758 1066 uirgine
782 981 832 1046 dei
855 1001 966 1063 corpus
990 989 1020 1047 ct
1042 982 1202 1064 templum,
1226 983 1256 1046 in
1287 1001 1361 1064 quo,
1386 981 1443 1064 qui

289 1085 462 1160 crediderit,
486 1091 647 1168 tamquam
671 1105 798 1151 consors
821 1086 983 1151 dominicae
1007 1087 1110 1150 carnis
1126 1085 1288 1155 habitabit.
1332 1085 1442 1148 omnis

289 1195 393 1253 nutem
418 1188 551 1254 infidelis
575 1210 594 1255 a
616 1190 801 1274 cognatione
831 1189 890 1254 hac
921 1210 982 1254 nou
1013 1190 1121 1256 crediti
1153 1191 1298 1270 corporis,
1332 1189 1443 1252 idest

262 1279 265 1289 ’
289 1293 337 1358 dei
361 1292 556 1358 tabernaculo
579 1293 744 1359 reuelietur
767 1305 797 1359 et
819 1294 1032 1378 emigrabitur,
1056 1293 1203 1374 spiritalis
1226 1293 1317 1358 huius
1333 1293 1443 1357 taber-

237 1422 262 1458 ιο
290 1396 389 1461 naculi
406 1397 554 1480 indignus
569 1397 759 1466 habitaculo:
784 1399 869 1482 quod
882 1397 1061 1482 significare
1077 1398 1221 1465 dominus
1235 1396 1442 1481 intellegitur,

290 1521 360 1565 cum
384 1501 471 1566 dicit:
496 1521 569 1586 ego
593 1521 676 1566 sum
699 1503 798 1566 aitis
819 1522 924 1578 uera
948 1522 1017 1567 uos
1041 1503 1143 1567 estis
1171 1502 1443 1585 propagines,

289 1615 405 1686 pater
437 1625 549 1670 meus
584 1605 773 1688 agricola
806 1613 875 1671 eat.
920 1607 1050 1671 omnis
1086 1625 1268 1691 propago
1302 1606 1343 1668 in
1381 1625 1443 1669 mc

290 1729 362 1772 non
398 1728 562 1774 manens
597 1729 729 1794 neque
765 1709 904 1775 ferens
938 1711 1114 1775 intactum
1140 1709 1442 1775 eradicabitur.

291 1821 328 1878 et
350 1833 503 1879 omnem
526 1815 793 1898 propaginem
817 1815 854 1878 in
871 1828 1175 1880 memorantem
1199 1813 1445 1879 emundabit

239 1943 264 1979 n
291 1937 374 1982 eam,
406 1924 520 1998 pater
550 1937 674 1998 meus,
704 1929 746 1982 ut
768 1919 945 1984 fructum
975 1917 1215 2002 ampliorem
1246 1917 1366 1982 serat.
1417 1917 1444 1981 si

291 2021 342 2104 qui
366 2021 462 2104 igitur
494 2021 666 2102 perfidem
689 2021 838 2105 corporati
862 2022 912 2088 dei
936 2042 1064 2088 manere
1086 2022 1116 2086 in
1148 2035 1257 2086 natura
1278 2022 1444 2101 adsumpti

290 2149 308 2188 a
338 2125 395 2190 deo
419 2128 553 2206 corporis
577 2127 785 2203 merebuntur,
813 2126 846 2191 bi
869 2129 1080 2193 emundantur
1101 2126 1132 2190 in
1156 2127 1272 2191 fructus
1301 2139 1445 2191 aetcruos

291 2251 327 2294 ex
351 2249 384 2294 sc
408 2229 609 2295 adferendos:
644 2231 718 2314 quia
751 2249 879 2296 necesse
913 2237 967 2312 est,
1002 2239 1037 2296 ut·
1071 2239 1216 2296 naturam
1250 2248 1335 2294 aerae
1367 2231 1446 2293 uitis

291 2353 428 2417 propago
458 2335 538 2398 intra
568 2337 662 2400 uitem
694 2355 825 2400 manens
855 2341 967 2402 teneat
1012 2341 1042 2400 at
1066 2356 1140 2401 uero
1170 2335 1222 2418 qui
1257 2332 1445 2398 incredulus

239 2461 264 2497 a
292 2437 354 2502 neti
376 2439 409 2501 in
433 2457 558 2518 corpore
582 2441 631 2505 dei
655 2441 755 2523 suerit,
779 2439 830 2506 uel
853 2441 877 2504 si
902 2445 933 2504 et
955 2439 1085 2505 credens
1116 2444 1248 2515 maneat,
1282 2437 1445 2503 fructibus

293 2553 394 2606 tamen
425 2541 497 2606 fidei
527 2561 591 2608 suae
626 2551 736 2621 careat,
771 2543 979 2609 eradicabitur
1009 2556 1062 2608 aut
1083 2542 1123 2607 ob
1146 2541 1366 2606 infidelitatem
1392 2554 1446 2606 aut

291 2645 331 2710 ob
362 2646 557 2711 inutilitatem
588 2647 739 2712 fructuum
772 2657 961 2731 negatorum.
1007 2656 1098 2712 natus
1130 2647 1212 2711 enim
1244 2665 1281 2710 ex
1312 2647 1446 2730 uirgine

292 2750 340 2814 dei
364 2749 455 2828 filius,
480 2769 538 2814 non
563 2757 628 2815 tum
653 2751 787 2831 prinmm
810 2753 859 2817 dei
883 2751 964 2816 filius
994 2771 1066 2816 cum
1096 2750 1179 2815 fitius
1209 2749 1357 2827 hominis,
1385 2752 1446 2814 scd

291 2855 322 2917 in
345 2853 408 2919 fflio
433 2855 481 2920 dei
507 2855 600 2920 ctiam
622 2855 703 2920 filius
726 2854 870 2931 hominis,
892 2867 925 2919 ut
947 2862 977 2920 et
999 2854 1082 2919 tilius
1106 2853 1241 2919 bominis
1270 2859 1358 2918 esset
1392 2855 1445 2919 dei

240 2981 264 3018 aa
291 2956 382 3036 iilius,
414 2966 557 3024 naturam
588 2959 617 3023 in
649 2980 683 3024 se
713 2960 867 3024 uniuersae
901 2960 1003 3023 carnis
1037 2958 1220 3039 adsumpsit,
1250 2977 1305 3038 per
1340 2977 1444 3040 quarn

334 3083 456 3152 camos
476 3100 521 3166 nr,
543 3101 582 3152 n.
621 3101 651 3152 ιι
670 3098 729 3152 Ioh.
748 3098 806 3164 xv,
827 3101 839 3152 1
860 3115 916 3165 seq.

333 3307 397 3360 det
415 3323 463 3358 om.
484 3306 560 3360 VPE
612 3308 821 3361 tabernaculum
844 3306 935 3359 Dauid
959 3307 988 3358 E
1037 3305 1103 3360 bin
1126 3321 1182 3372 quo
1205 3306 1253 3374 qui
1277 3323 1308 3358 e:
1331 3306 1443 3375 inquo

292 3409 346 3460 quo
372 3410 405 3445 m.
434 3391 453 3444 2
484 3393 510 3446 V
565 3393 716 3448 crediderit
742 3412 772 3447 ea
799 3393 969 3447 crediderint
995 3411 1028 3445 nr.
1056 3391 1076 3444 2
1105 3393 1130 3446 V
1184 3392 1399 3447 diabernaculi
1420 3395 1446 3445 Y

292 3479 431 3533 reueletur
446 3478 650 3533 VeuelicturE
688 3481 719 3534 11
732 3480 884 3534 cumaitE
922 3479 1219 3550 egoeaegoucm.lV
1258 3480 1445 3534 120mnisea

291 3635 387 3672 omues
406 3637 438 3671 m.
448 3617 497 3671 2V
532 3619 564 3672 lu
574 3565 714 3672 erffiitur
725 3638 792 3672 corr.
801 3639 834 3672 m.
845 3619 861 3670 1
870 3619 897 3671 n
908 3619 1095 3672 erudicabitur
1104 3637 1135 3671 ea
1144 3616 1333 3671 eradicauitur
1343 3617 1411 3672 m?
1421 3619 1447 3671 V

293 3707 326 3758 14
343 3709 372 3759 et
389 3721 497 3758 omnem
516 3704 613 3758 muudi
630 3707 812 3775 propaginem
827 3707 851 3758 V
900 3706 930 3759 in
947 3722 992 3759 mc
1010 3723 1041 3758 ex
1058 3705 1088 3758 in
1105 3722 1168 3759 mea
1185 3723 1218 3758 m.
1230 3705 1251 3758 2
1264 3705 1290 3759 V
1339 3722 1443 3760 amun·

291 3793 370 3846 dabit
387 3811 417 3845 ea
434 3792 596 3846 emundauit
620 3793 644 3846 V
695 3795 727 3846 lb
746 3811 807 3847 eam
824 3812 872 3846 om.
891 3793 970 3846 PTE
986 3791 1035 3862 (cf.
1048 3801 1105 3845 teat.
1115 3809 1202 3861 graec.
1214 3802 1239 3846 et
1250 3792 1374 3846 Secede
1384 3793 1443 3860 111,

292 3877 362 3944 463)
418 3880 450 3932 17
469 3878 552 3931 adfio
570 3879 591 3930 Γ
641 3878 681 3931 hii
700 3880 752 3932 RT
804 3879 910 3934 fructus
923 3878 946 3947 (a
959 3883 1050 3932 ieros.
1064 3877 1168 3932 2acl3
1180 3876 1238 3945 litt.)
1253 3879 1280 3931 R
1334 3881 1371 3934 19
1390 3879 1443 3935 aad

291 3981 357 4020 uero
376 3962 434 4030 (aad
453 3965 513 4018 add.
531 3981 564 4019 na.
577 3964 607 4029 2)
627 3967 651 4019 V
700 3966 859 4021 incredulae
878 3985 908 4020 ec
925 3966 1075 4020 incredulis
1094 3966 1155 4020 m.1
1165 3967 1191 4019 R
1243 3967 1278 4020 20
1295 3964 1444 4020 nat'Eet

291 4052 349 4105 nati
360 4051 381 4114 (i
399 4049 509 4118 eras.)R
549 4054 580 4106 al
593 4059 641 4106 aut
652 4054 688 4108 ob
700 4053 882 4108 inutilitatem
900 4072 930 4107 ea
947 4059 996 4108 aut
1008 4055 1038 4106 in
1050 4054 1085 4107 ob
1102 4053 1222 4107 ilitatem
1235 4053 1261 4106 V
1309 4055 1345 4106 22
1364 4049 1444 4108 fruc·

291 4146 371 4193 tuum
388 4156 419 4191 es
436 4136 530 4192 fluctu
549 4139 574 4191 R
625 4141 659 4192 23
678 4138 751 4197 filius
769 4156 826 4193 non
849 4145 909 4194 tam
933 4141 1055 4208 primum
1079 4140 1123 4194 dei
1142 4158 1199 4210 saep.
1217 4141 1263 4192 b'a
1280 4157 1298 4192 a
1316 4157 1350 4192 m.
1372 4139 1395 4192 2
1420 4140 1445 4192 V

291 4228 326 4279 24
343 4231 374 4278 ut
393 4229 422 4279 ct
439 4222 513 4277 filius
531 4224 651 4278 hominis
668 4233 740 4280 asset
758 4226 832 4280 filius
851 4226 896 4280 dci
915 4227 987 4280 TPb.
