3075 4967
299 232 363 298 858
644 236 760 288 ssnoti
780 234 913 289 Hilarii
932 232 1096 302 episcopi

299 424 448 489 subicitur
479 408 537 490 nec
570 426 675 489 auditu
711 425 830 506 eapitur
862 444 920 489 nec
952 434 1057 491 mente
1091 426 1268 507 percipitur,
1297 427 1433 510 quicquid

298 527 375 594 illud
400 528 498 595 beatis
521 530 644 595 aeternis
668 530 795 595 beatum
817 535 1030 613 aeternumque
1045 532 1244 614 promittitur.
1288 530 1435 596 soluentn

300 633 394 717 igitur
415 631 483 699 haec
507 635 611 699 omnia
639 634 729 713 niuis,
762 635 881 715 pruina
904 640 936 699 et
969 634 1105 719 crystalli
1139 634 1257 719 frigora
1286 644 1434 719 mmqusrn

300 737 373 803 flatu
405 738 521 821 tepenti
553 748 625 816 turn,
655 758 726 804 cum
759 744 830 819 post
852 738 1008 804 saecularis
1031 740 1131 804 noctis
1152 740 1273 823 rigores
1306 747 1436 820 tempora

262 876 274 911 s
300 841 353 906 ille
375 843 465 927 regni
487 844 593 909 aeterni
624 843 656 907 in
679 862 774 907 unam
797 848 890 927 atque
913 842 1169 908 indemutabilem
1192 842 1435 927 tranquillitatem
1527 901 1528 930 ,

302 948 351 1011 dei
374 948 500 1028 spiritus
523 948 715 1028 temperabit.

346 1051 374 1116 7.
398 1052 504 1135 Atque
527 1058 559 1117 ut
582 1052 640 1117 sub
663 1053 744 1117 niuis
768 1058 800 1116 et
818 1051 937 1117 nebulae
953 1059 985 1117 et
1003 1052 1141 1137 crystalli
1164 1050 1282 1135 frigore
1304 1049 1436 1116 intulere
1527 1099 1528 1116 ,

303 1154 364 1233 bili,
387 1156 413 1221 si
447 1162 595 1234 maneret,
631 1158 681 1221 dei
714 1163 820 1221 tumen
854 1156 964 1238 spiritu
997 1158 1030 1221 in
1064 1154 1233 1240 deliquium
1264 1154 1436 1221 resolneudo

302 1260 497 1344 significasse
520 1260 604 1325 illem
627 1262 734 1326 aeterni
758 1262 848 1345 regni
863 1267 979 1327 aeterno
994 1260 1105 1342 populo
1121 1260 1246 1325 beatam
1262 1260 1436 1343 temperiem

252 1393 275 1431 ιο
303 1385 506 1442 nosceremus,
530 1364 686 1447 psalmum
708 1364 861 1447 propbeta
883 1364 934 1444 tuli
959 1363 1152 1431 confessione
1167 1362 1332 1430 conclusit:
1355 1370 1437 1426 antu

303 1472 450 1537 faciem
474 1470 648 1555 frigoris
679 1471 766 1535 eius
797 1470 888 1553 quis
918 1467 1143 1535 subsistit?
1187 1468 1437 1544 emittituer·
1527 1503 1528 1546 r

303 1576 393 1641 bum
418 1596 537 1652 suurn,
573 1581 611 1639 et
641 1573 973 1657 liquefacietea3
1009 1571 1437 1653 flauitspirituseius
1527 1607 1528 1638 r

303 1687 342 1746 et
380 1680 512 1745 fluent
554 1699 674 1762 aquae.
730 1678 1004 1759 pronuntians
1049 1678 1216 1742 uerbum
1261 1694 1371 1741 snum
1406 1675 1437 1736 iu
1527 1665 1528 1754 l

303 1784 432 1857 Iacob,
457 1784 706 1849 institisset
730 1779 1230 1847 iudiciasuainlsrabel.
1255 1778 1438 1844 confecit
1527 1831 1528 1838 ,

253 1926 278 1962 1⁶
306 1890 449 1955 taliter
471 1888 577 1953 omni
600 1887 768 1965 nationi,
787 1894 825 1952 et
843 1886 998 1951 iudicia
1020 1906 1090 1951 sua
1111 1905 1186 1950 non
1211 1884 1438 1949 manifesta·
1527 1911 1528 1918 ¹

303 1994 362 2058 uit
385 1994 452 2058 eis.
497 1991 662 2074 peculiaris
685 1991 753 2057 haeo
776 1993 807 2056 in
832 1991 925 2055 Iacob
949 1997 980 2055 et
1003 1988 1123 2055 lsrabcl
1145 1989 1196 2055 dei
1219 1987 1362 2053 uoluntas
1383 1996 1438 2051 cst:
1527 1969 1528 2056 s

286 2090 365 2163 'non
387 2098 418 2163 in
442 2117 514 2163 eum
539 2096 659 2162 Israhel
693 2115 792 2179 neque
827 2096 859 2159 in
894 2114 964 2160 eum
1001 2094 1103 2171 Iacob,
1136 2094 1190 2178 qni
1222 2092 1284 2158 boc
1313 2090 1438 2172 corporis

213 2274 216 2285 ¹
304 2222 417 2267 nomen
441 2203 480 2266 ad
504 2200 647 2266 solatium
682 2200 776 2265 ueluti
810 2218 971 2285 generosae
993 2200 1026 2262 in
1049 2218 1083 2263 se
1105 2198 1211 2278 stirpis
1246 2196 1438 2277 amplectitur,
1527 2261 1528 2268 ,

305 2309 361 2372 sed
385 2326 454 2371 eum
479 2306 580 2383 laccb,
604 2306 657 2389 qui
680 2303 889 2385 subplanteuit
913 2303 1054 2384 priorem,
1089 2305 1143 2386 qui
1163 2302 1371 2384 primogenita
1391 2318 1438 2378 spe

253 2444 277 2480 20
305 2411 486 2477 aternitatis
510 2410 593 2487 emit,
616 2410 665 2475 cui
688 2407 811 2474 Israhel
834 2407 928 2473 deum
949 2408 1084 2473 uidendo
1105 2425 1280 2491 cognomen
1311 2411 1367 2478 est,
1393 2402 1439 2485 qui

305 2516 372 2596 ipse
403 2513 597 2581 Hierusalem
633 2522 665 2577 et
697 2513 784 2595 pacis
821 2518 869 2577 est
905 2511 1023 2585 ciuitas,
1061 2512 1115 2594 qui
1151 2509 1322 2575 edificatus
1359 2525 1439 2587 super

306 2626 427 2700 petram
443 2618 516 2683 fidei
533 2617 723 2683 confirmatis
746 2622 905 2698 portarum
923 2616 1000 2681 seris
1016 2614 1158 2679 fortiores
1174 2622 1279 2694 portas
1293 2618 1438 2694 portarurn

305 2722 397 2788 inferi
420 2723 577 2799 obtinebit,
602 2723 654 2805 qui
677 2723 708 2786 in
732 2721 827 2787 uerbo
862 2721 910 2785 dei
942 2724 1159 2803 congregatur,
1189 2718 1243 2801 qui
1266 2737 1326 2781 non
1348 2714 1439 2795 inopia

307 2836 386 2910 eget,
420 2846 480 2891 non
515 2825 671 2892 saecularis
705 2826 819 2909 rigoris
852 2824 969 2909 frigore
1002 2824 1156 2899 aduretur,
1190 2822 1246 2887 sed
1276 2818 1438 2905 liquefactis

252 2961 279 3019 ¹su
307 2931 450 2996 omnibus
474 2936 505 2995 et
528 2930 575 2995 dei
607 2931 717 3011 spiritu
750 2928 900 2994 absolutis
934 2928 1085 3009 temperie
1119 2934 1255 2992 eterna·
1277 2922 1438 2990 serenitatis

307 3041 416 3100 utetur.
468 3034 540 3099 huic
572 3035 786 3115 pronuntiatur
824 3032 882 3097 boc
918 3033 1058 3109 uerbum,
1097 3030 1149 3095 hie
1185 3049 1241 3111 per
1278 3024 1437 3109 spiritalem

306 3139 551 3223 intellegentiam
586 3137 643 3203 bas
677 3139 727 3204 dei
760 3138 892 3203 iustitias
926 3144 957 3201 et
987 3136 1100 3201 iudicia
1129 3139 1279 3215 expectat
1324 3147 1438 3198 consors

350 3301 367 3353 2
386 3298 531 3352 uoluuntur
550 3298 594 3351 lie
647 3299 663 3351 ὃ
682 3296 706 3350 ft
725 3295 843 3349 cristalli
859 3296 884 3348 R
902 3312 933 3345 *a
952 3293 1097 3362 chrystalli
1109 3292 1135 3346 G
1186 3293 1205 3345 4
1221 3295 1285 3360 post
1303 3286 1438 3343 saecularis

310 3387 334 3440 G
352 3392 416 3452 post
433 3384 483 3439 hos
502 3384 636 3438 secularis
656 3380 717 3449 (hos
735 3401 765 3436 ex
783 3381 824 3449 cs)
843 3382 869 3435 R
922 3382 937 3433 t
956 3377 1129 3435 intolerabili
1147 3378 1169 3432 si
1189 3378 1218 3429 E
1233 3374 1437 3431 estolertbihst*

310 3474 335 3527 G
352 3471 537 3527 intolerabilis
556 3472 581 3523 R
636 3473 665 3525 11
687 3470 814 3525 subsistit
837 3469 863 3522 R
886 3467 1034 3522 sustinebit
1052 3467 1079 3518 E
1131 3464 1235 3520 emittit
1254 3465 1280 3518 ll
1298 3462 1402 3517 emittet
1418 3458 1439 3509 E

311 3562 342 3614 12
359 3560 438 3615 fleuit
457 3560 482 3612 R
500 3558 579 3614 flabit
597 3558 625 3609 E
641 3559 676 3627 cs.
701 3558 821 3611 Sabutier
844 3556 883 3620 ΙΙ,
903 3554 960 3608 284
1014 3557 1047 3608 13
1065 3571 1100 3622 aq
1118 3554 1144 3606 rt
1195 3551 1376 3621 pronuntians
1395 3544 1438 3597 GR

308 3648 357 3716 qui
375 3646 522 3701 annuntiet
541 3646 569 3697 E
619 3645 648 3698 in
666 3645 746 3698 iacob
773 3644 798 3695 G
816 3643 896 3696 iacob
914 3642 969 3695 RE
1020 3642 1054 3695 14
1072 3640 1101 3693 in
1118 3638 1234 3693 istrahel
1256 3639 1282 3690 G
1299 3634 1378 3691 israel
1395 3630 1439 3685 lta

309 3736 342 3789 15
360 3734 454 3787 taliter
481 3750 510 3786 ac
537 3731 620 3786 aliter
646 3750 678 3785 ru.
708 3730 723 3783 1
748 3732 775 3783 R
801 3730 883 3783 aliter
903 3729 928 3781 G
980 3726 1214 3782 manifestabitli
1269 3728 1301 3779 16
1319 3722 1392 3777 uerbo
1414 3723 1437 3769 et

309 3820 465 3875 Israhel-
483 3835 573 3887 neque
600 3818 629 3871 in
647 3836 710 3871 eum
728 3818 819 3883 Iacob,
839 3834 903 3885 quae
921 3825 1008 3869 emant
1025 3816 1052 3867 iu
1073 3814 1106 3881 G,
1125 3831 1174 3867 om.
1191 3813 1217 3865 R
1271 3814 1305 3867 18
1322 3808 1436 3864 mutim

311 3908 336 3959 G
354 3905 531 3961 solaciumR
586 3908 618 3959 19
636 3905 684 3958 sed
711 3920 775 3957 eum
802 3903 881 3958 iacob
900 3903 940 3955 Re
967 3901 1015 3956 sed
1042 3900 1071 3954 in
1099 3918 1162 3954 eum
1189 3899 1302 3954 iecoblt
1352 3898 1384 3950 ab
1399 3894 1437 3945 dm
1527 3889 1528 3926 i

308 3992 429 4047 uidendo
447 3994 472 4045 R
490 3991 525 4045 dc
543 3993 595 4045 dec
614 3991 733 4045 nidendo
747 3990 776 4042 E
825 3992 858 4043 21
879 3989 971 4056 eupli
1006 3988 1131 4056 supraE
1181 3987 1216 4039 22
1234 3986 1304 4038 seris
1322 4002 1351 4037 ec
1366 3978 1437 4035 serris

309 4134 335 4185 lt
344 4132 428 4186 serris
440 4132 465 4184 G
517 4134 612 4199 portas
624 4136 767 4198 porterum
779 4130 831 4183 GR
842 4133 986 4198 portarum
999 4132 1094 4197 portes
1107 4127 1134 4178 E
1185 4126 1220 4178 23
1237 4076 1399 4192 congregstl·
1409 4119 1436 4180 (b

309 4220 348 4271 bic
366 4219 444 4271 deuia.
465 4218 498 4269 G.
