3075 4967
294 290 357 355 790
640 290 756 344 saneti
780 290 913 343 Hilarii
936 289 1094 358 episcopi

293 480 521 562 deprauabitur,
559 500 621 545 non
659 480 818 565 dirigetur.
864 478 919 545 sed
954 480 1036 562 qnod
1069 478 1126 542 ait:
1161 478 1368 563 dirigatur
1402 487 1439 544 ιι1

293 584 512 663 incensum,
536 584 781 668 intellegendum
805 592 859 663 est,
882 584 957 667 qnid
979 582 1039 648 sibi
1069 581 1142 648 uelit
1170 584 1347 664 conparatio
1369 604 1441 665 pro

292 688 391 770 posita
413 688 541 753 incensi.
586 693 615 753 et
636 688 774 769 primum
796 695 907 753 nature
928 688 1049 753 incensi
1072 707 1106 752 en
1131 697 1189 766 est,
1219 695 1252 752 ut
1281 687 1311 751 in
1344 688 1440 753 altum

293 812 326 857 se
349 795 388 858 de
412 791 580 857 humilibus
604 790 731 857 extollat
753 791 875 873 spirans
898 791 1012 872 optime
1035 798 1066 856 et
1088 810 1123 856 se
1145 790 1235 857 nohis
1262 793 1439 858 insensum

253 895 512 962 ssuaueolentiae
533 896 703 961 inmittens.
748 894 823 960 hine
853 916 890 960 ex
920 901 1063 978 quattuor
1096 896 1321 961 odoratissimis
1343 917 1439 981 gene

291 1000 377 1065 ribus
408 1000 440 1064 in
463 1000 630 1064 maximam
654 998 853 1065 subtilitatem
877 999 1073 1064 comminutis
1097 1006 1297 1080 conparatur:
1328 1008 1437 1077 stacte,

291 1102 422 1188 onyohe,
455 1102 597 1189 galbano,
622 1111 704 1183 tnre;
739 1122 809 1186 quae
831 1104 935 1167 omnia
957 1101 1026 1167 haeo
1049 1102 1081 1166 in
1104 1103 1236 1167 formam
1263 1104 1436 1169 orationum

291 1206 429 1274 fidelium
463 1208 626 1273 constituta
661 1226 729 1272 esse
763 1207 844 1272 beati
879 1204 1030 1272 Iohannis
1053 1206 1260 1291 Apoealypsis
1294 1210 1439 1285 ostendit,

293 1331 364 1377 oum
386 1311 443 1377 ait:
478 1317 517 1376 et
549 1310 613 1375 illi
648 1310 810 1395 quidem
844 1288 997 1395 uiglnti
1032 1312 1437 1395 quattuorseniores

242 1442 267 1479 ιι
295 1415 566 1497 prouiderunt
589 1420 681 1479 ante
704 1434 858 1499 agnum,
889 1413 1091 1480 habentes
1115 1416 1287 1499 quisque
1311 1417 1438 1482 eithe-

292 1539 375 1584 ram
399 1526 436 1585 et
458 1517 622 1600 phialas
656 1538 800 1584 aurens
834 1516 979 1600 plenas
1013 1518 1218 1595 odoribus,
1254 1520 1439 1603 quisunt

293 1622 501 1689 orationes
532 1626 775 1688 sanatorum.
819 1628 963 1705 quattuor
991 1628 1094 1687 antem
1125 1642 1241 1707 genera
1263 1624 1437 1690 orationum

293 1725 449 1808 apostolus
472 1746 540 1792 esse
563 1724 720 1811 signifieat
741 1727 780 1790 ad
804 1724 1002 1790 Timotheum
1031 1726 1187 1792 scribens:
1218 1724 1437 1794 exhortare

294 1851 389 1917 ergo
420 1831 547 1912 primo
581 1830 757 1895 omniurn
792 1829 892 1895 fieri
925 1830 1195 1912 precationes,
1219 1832 1438 1910 orationes,

241 1960 267 1999 ιι
292 1934 613 2017 postulationes,
637 1935 864 2019 gratiarum
886 1934 1083 2000 notiones.
1128 1933 1309 2001 humilitatis
1324 1942 1436 2002 nestrae

294 2044 341 2105 est
364 2039 531 2123 deprecari,
567 2036 808 2123 magnificentius
831 2038 881 2103 dei
905 2044 952 2103 eet
985 2039 1074 2109 orari.
1108 2036 1182 2104 fidei
1205 2044 1252 2104 est
1275 2040 1437 2121 postulare,

293 2142 494 2209 consessionis
511 2149 541 2209 et
555 2140 654 2207 laudis
671 2148 718 2207 est
733 2141 891 2226 gratulari.
938 2147 969 2207 et
990 2141 1072 2207 forte
1094 2148 1238 2226 quattuor
1252 2142 1307 2208 illa
1322 2164 1435 2229 genem

292 2248 421 2313 odorum
444 2247 484 2321 sd
506 2266 601 2312 unum
624 2244 795 2331 thymiama
817 2266 856 2310 er
878 2245 1018 2326 pertibus
1041 2245 1252 2312 subtilissimis
1270 2258 1434 2327 conparata

293 2351 424 2437 singulis
459 2370 581 2435 quoque
621 2349 790 2434 generibus
830 2350 965 2432 poterint
1000 2351 1252 2416 consummandae
1290 2351 1434 2417 orationis

241 2476 266 2515 ιι
293 2457 401 2536 aptari.
446 2474 633 2539 quamquem
645 2454 781 2535 speciem
794 2474 918 2538 quoque
930 2458 1073 2538 quattuor
1088 2452 1313 2520 elementorum
1328 2455 1434 2520 horum

293 2566 436 2645 quattuor
458 2562 586 2625 odorum
609 2566 718 2622 natura
740 2563 771 2623 et
793 2558 913 2638 speeies
936 2558 1115 2642 significare
1141 2558 1293 2637 uideatur,
1315 2566 1349 2625 ut
1377 2566 1432 2636 tns,

293 2665 376 2748 quod
392 2662 673 2745 perlucidissimum
690 2668 748 2742 est,
770 2662 890 2743 spiritui
912 2669 1105 2743 conparetur,
1130 2670 1228 2729 stacte
1250 2684 1324 2728 uero
1338 2664 1433 2747 aquis,

293 2766 460 2852 galbanum
483 2772 514 2833 et
535 2787 615 2851 onyx
638 2773 729 2833 terrae
751 2771 844 2849 etque
866 2765 949 2849 igni:
971 2774 1006 2831 ut
1027 2787 1084 2848 per
1104 2764 1174 2832 haeo
1204 2767 1351 2844 omnium,
1381 2766 1433 2850 qui

292 2870 324 2935 in
348 2870 422 2936 eaelo
445 2877 475 2935 et
496 2870 578 2935 infra
600 2869 707 2935 eaelum
732 2870 817 2935 etin
841 2876 923 2935 terre
946 2876 977 2935 et
998 2872 1031 2934 in
1054 2871 1141 2955 aquis
1157 2871 1227 2949 sint,
1251 2870 1361 2952 plneita
1374 2872 1432 2936 deo

241 2994 266 3033 ns
294 2974 412 3039 incensi
435 2976 526 3039 modo
549 2974 616 3040 haee
647 2972 792 3040 efferatur
822 2973 920 3039 laudis
950 2976 1054 3040 oratio.
1100 2975 1155 3040 sed
1178 2974 1248 3041 lraeo
1271 2974 1327 3053 his,
1356 2994 1432 3059 quos

292 3078 500 3160 profundioris
512 3078 650 3144 scientiae
665 3077 801 3162 cognitio
814 3077 955 3158 delectat,
970 3078 1195 3163 relinquamus:
1218 3079 1307 3145 nobis
1323 3078 1433 3144 suffieit

292 3182 472 3265 prophetias
487 3188 580 3266 atque
596 3182 763 3263 apostoliea
781 3183 954 3260 auotoritas,
977 3203 1045 3268 quae
1062 3190 1093 3248 et
1106 3183 1268 3249 incensum
1284 3182 1431 3248 orationes

293 3306 362 3352 esse
385 3286 540 3372 signifieat
562 3293 593 3351 et
615 3286 769 3352 orationes
793 3286 975 3367 depreeatur
999 3287 1089 3371 dirigi
1111 3295 1146 3352 ut
1167 3288 1337 3354 incensum.

338 3391 366 3455 3.
391 3390 453 3456 Sed
477 3392 529 3473 qui
553 3391 735 3474 deprecatus
758 3395 807 3456 est
821 3390 993 3456 orationem
1009 3411 1095 3456 susm
1111 3392 1203 3476 dirigi
1219 3398 1252 3456 ut
1266 3392 1430 3465 insensum,

241 3514 266 3551 so
294 3494 385 3560 etiam
409 3493 485 3559 illud
518 3498 587 3575 post
618 3494 686 3559 haeo
720 3495 779 3559 sit:
814 3494 1011 3560 alleuatio
1044 3515 1226 3560 manuum
1261 3514 1425 3561 mearum

336 3672 352 3721 9
371 3672 457 3737 Apoo.
476 3668 508 3736 V,
527 3670 551 3723 8,
589 3670 621 3723 18
639 3669 652 3722 Ι
671 3668 741 3721 Tim.
759 3671 786 3737 2,
806 3672 829 3723 1.

335 3830 491 3899 4οριὶιιιιιο
509 3829 535 3883 R
597 3834 626 3883 et
644 3846 703 3884 sese
722 3831 750 3882 E
810 3834 947 3886 dsuauae
964 3831 1083 3885 olentiae
1102 3832 1128 3885 R
1180 3830 1385 3901 boomponitur
1400 3827 1428 3879 E

292 3916 450 3986 'lonyohee
468 3917 494 3970 R
546 3920 626 3971 turus
654 3918 679 3969 R
706 3916 788 3972 thure
813 3919 841 3969 E
893 3921 926 3973 10
943 3917 1087 3986 cytheram
1113 3930 1142 3972 er
1165 3917 1243 3972 fialas
1268 3920 1294 3971 R
1345 3919 1376 3971 111
1390 3913 1422 3967 ad

293 4002 521 4058 TimothaeumR
573 4004 706 4057 exhortor
720 4005 892 4058 coniBened.
946 4006 979 4058 18
997 4003 1123 4058 timiama
1138 4005 1164 4058 R
1218 4008 1250 4059 19
1268 4000 1427 4074 poteruntE

292 4092 326 4159 cs.
345 4092 376 4143 F.
396 4091 470 4145 Neue
488 4092 618 4145 Formenl.
643 4090 682 4155 II,
706 4088 765 4144 602
834 4093 961 4160 20qnoq
979 4092 1071 4144 Rom.
1090 4092 1105 4144 b
1174 4092 1384 4146 aelementornm
1399 4086 1424 4138 R

292 4178 326 4229 22
344 4176 520 4245 perlucidum
538 4178 566 4229 E
633 4178 695 4248 effi
713 4196 785 4249 snpr-
803 4196 852 4232 scr.
870 4196 904 4231 m.
923 4179 938 4229 1
957 4177 983 4230 R
1053 4182 1160 4232 mentun
1178 4179 1205 4232 R
1273 4181 1308 4233 23
1324 4172 1424 4232 0me

292 4266 320 4317 et
338 4262 397 4331 igni
416 4263 444 4315 E
494 4280 564 4332 qune
580 4264 608 4317 Ε
657 4266 692 4319 25
710 4264 824 4318 incensu
843 4265 869 4318 R
920 4262 1054 4318 offeratur
1070 4264 1100 4317 Ε
1148 4266 1185 4319 28
1201 4264 1378 4334 depraecetur
1392 4260 1422 4313 R
