3075 4967
395 283 578 332 tractatus
596 279 632 332 in
650 280 823 348 psalmum
843 277 948 334 CXXV.
1180 275 1243 341 607

105 470 271 536 indubitate
309 479 413 536 essent
451 470 601 555 gerenda,
639 490 694 551 per
730 469 828 536 fidem
862 472 1073 554 gerendorum
1107 487 1243 534 nomme-

105 595 236 640 moresse
279 595 336 656 pro
380 574 489 658 gestis,
535 582 639 639 temen
681 575 833 640 dictorum
879 574 1107 657 uerborumque
1145 571 1243 636 uirtus

103 678 166 744 eins
197 679 315 744 redibis
348 676 597 764 gratulationem,
630 679 683 762 qui
717 685 788 759 post
821 677 1030 760 oepliuitetem
1067 675 1243 761 Babyloniae

103 780 237 848 indultus
259 793 314 861 est
337 801 419 848 nuno
441 802 498 847 nos
520 780 702 867 intellegere
724 803 785 847 non
810 783 942 865 patitur:
976 801 1046 848 oum
1070 779 1243 863 presertim

103 888 233 952 eundem
254 888 389 952 reditum
413 887 537 970 grauior
559 892 667 967 postea
688 887 730 952 eit
751 897 916 952 oonseonte
939 886 1110 967 septimbre,
1144 891 1175 950 et
1196 884 1244 948 in·
1284 910 1296 947 e

102 991 227 1074 dignum
250 989 402 1075 prophete
431 991 479 1068 sit,
509 998 668 1074 tamqnam
691 991 866 1077 ignorantie
895 997 998 1056 amoto
1028 989 1114 1054 omni
1148 988 1245 1073 eapti·

102 1095 202 1159 nitetis
225 1093 388 1175 obprobrio
412 1093 570 1178 gratulari,
601 1114 670 1159 enm
699 1094 914 1160 indemutabili
944 1114 1049 1159 rursus
1080 1092 1245 1174 obprobrio

101 1198 261 1280 septinites
283 1205 393 1263 iterato
415 1199 610 1264 successerit,
654 1205 704 1264 est
724 1205 827 1264 entem
850 1218 931 1264 nuno
953 1198 1052 1263 omnis
1067 1197 1100 1262 in
1117 1195 1244 1278 psalmo,

102 1302 189 1368 aienti
219 1301 416 1386 singularum
437 1322 541 1367 rernm
565 1303 758 1384 expositione
781 1303 1032 1381 monstrabimus,
1056 1321 1094 1366 ex
1116 1299 1245 1381 eaptiui-

101 1413 159 1472 tete
188 1407 333 1471 uitiorum
366 1407 398 1471 in
431 1405 609 1472 libertatem
642 1407 827 1491 cognitionis
862 1407 912 1472 dei
946 1405 1102 1472 redeuntis
1133 1405 1245 1468 enimse
1272 1429 1296 1466 ro

101 1510 270 1594 gratulatio.

141 1632 170 1696 4.
194 1631 238 1696 Et
270 1630 397 1716 quidem
442 1631 548 1716 granis
581 1638 631 1696 est
663 1633 825 1712 captiuitus
859 1631 1035 1713 corporalis,
1074 1649 1143 1714 quae
1179 1630 1244 1694 inre

100 1734 250 1801 libertatis
272 1736 389 1800 emisso
411 1735 562 1800 ariolorum
586 1736 760 1801 dominatui
776 1735 926 1801 subditur.
972 1741 1003 1800 et
1018 1734 1156 1800 seruiunt
1172 1741 1245 1798 tuno

101 1840 226 1922 quidem
250 1859 387 1920 corpora,
411 1840 467 1905 sed
490 1859 689 1924 nequaquam
713 1841 834 1921 eapitur
856 1839 957 1905 fidelis
981 1839 1094 1903 anime
1110 1838 1244 1903 libertas.

100 1949 192 2009 testes
229 1954 300 2008 sunt
333 1943 410 2008 mihi
445 1951 507 2008 tres
540 1943 628 2024 pueri
661 1944 743 2009 inter
776 1943 919 2008 flarrrmas
950 1951 1118 2020 ernustes,
1157 1941 1245 2007 testis
1272 1963 1297 2002 u

100 2047 210 2112 Daniel
233 2049 264 2111 in
289 2047 373 2111 same
396 2045 522 2112 leonum
545 2046 704 2128 prophete
727 2049 858 2129 prandio
882 2055 975 2126 satur,
1006 2047 1095 2113 testis
1116 2047 1245 2111 Eleazar

99 2149 176 2216 inter
198 2151 269 2216 iura
292 2151 485 2216 dominorum
509 2153 618 2233 patriis
642 2153 706 2217 suis
728 2152 851 2238 legibue
867 2151 956 2234 liber,
988 2157 1083 2216 testes
1100 2171 1168 2216 oum
1185 2169 1244 2215 ann

101 2274 154 2318 sne
176 2261 334 2338 martyres
368 2262 488 2336 septem
521 2258 579 2321 deo
610 2257 727 2340 gratias
749 2257 831 2322 inter
853 2275 933 2320 noua
955 2257 1063 2320 mortis
1091 2261 1246 2321 tormonte

101 2359 282 2424 reserentes.
327 2365 359 2425 et
383 2381 455 2425 uero
479 2366 592 2444 quanto
616 2359 767 2426 infelicior
791 2369 837 2425 est
859 2359 970 2425 animae
997 2359 1173 2440 captiuitas!
1219 2359 1245 2424 si

102 2483 167 2529 sem
199 2464 328 2528 auaritia
358 2465 483 2544 ceperit,
513 2485 569 2546 per
598 2484 710 2546 eorpus
732 2464 931 2530 latrocinetur
960 2485 996 2530 eo
1019 2471 1192 2548 grassatum
1217 2462 1244 2528 si
1271 2481 1296 2519 πο

101 2565 194 2632 libido
229 2568 347 2644 uicerit,
382 2569 591 2633 eommunicet
624 2590 695 2634 oum
729 2589 858 2650 oorpore
882 2569 1076 2646 seruitutem;
1100 2567 1245 2647 silurus,

101 2671 153 2751 ira,
177 2673 292 2750 odium,
315 2673 484 2750 temeritas,
507 2673 650 2751 ebrietas,
672 2673 790 2737 inuidia
813 2673 980 2758 subegerit,
1011 2673 1061 2738 his
1091 2673 1245 2752 imperen-

104 2775 182 2840 tibus
206 2776 265 2840 sibi
289 2777 421 2841 dominis
444 2781 475 2841 et
496 2777 600 2841 enimn
623 2783 654 2842 et
677 2795 787 2858 eorpus
811 2777 841 2840 in
865 2796 1029 2842 commune
1045 2776 1245 2842 famulantur:

102 2885 191 2962 etque
222 2879 265 2944 ite
295 2880 508 2961 captiuitatem
539 2881 650 2945 animae
680 2887 713 2947 et
741 2881 876 2962 eorporis
911 2881 1051 2964 seqnitur
1073 2881 1245 2962 captiuitas.

102 2988 235 3048 ueterum
273 2984 484 3050 condicionem
524 2985 661 3066 eorporis
705 2985 859 3069 religiosae
904 2986 1016 3050 euimae
1054 2985 1246 3070 generositas
1273 3001 1298 3040 2⁶

103 3086 242 3171 despicit.
288 3087 423 3153 affinium
447 3089 572 3172 quidem
597 3090 719 3168 durum,
749 3095 855 3154 tumen
887 3088 1003 3154 bomini
1037 3109 1097 3154 non
1121 3089 1245 3154 omnino

146 3211 158 3261 l
187 3209 361 3263 indubietate
387 3211 441 3262 ΒΡ
491 3212 507 3261 2
534 3210 674 3264 dictorum
701 3212 905 3278 uerborumque
935 3212 1013 3264 GRP
1038 3211 1147 3264 dictord
1174 3210 1245 3264 ratio

102 3297 317 3364 nerborthneV
365 3297 566 3365 dpraesertim
584 3316 615 3350 ex
632 3298 785 3366 praesentit
804 3315 870 3351 corr.
886 3317 918 3351 m.
934 3297 954 3350 2
970 3298 993 3350 V
1043 3296 1201 3366 dproletue
1216 3316 1246 3349 eur

102 3381 272 3448 profetaRP
322 3383 480 3451 ignorantia
492 3384 517 3436 G
529 3385 797 3454 ignorantemRVP
847 3389 939 3438 amoto
958 3384 1016 3438 eius
1036 3384 1206 3452 oaptinitatie
1225 3384 1249 3436 V

103 3469 428 3524 'leniindemntebilisV
472 3471 611 3524 iltiontV
655 3471 871 3526 monstrauimus
886 3472 936 3526 VP
981 3470 1246 3538 llgretulationeG

104 3556 136 3607 12
151 3555 230 3610 inrue
253 3557 302 3609 VR
356 3558 389 3611 13
414 3558 552 3612 libertatis
577 3576 607 3610 ez
631 3557 780 3611 libertietis
798 3577 865 3611 corr.
884 3556 956 3611 m.2
980 3559 1004 3610 V
1055 3563 1122 3611 tuno
1143 3560 1168 3607 (ι’
1185 3561 1245 3611 tum

104 3634 226 3708 ersom.
244 3645 269 3696 V
320 3646 354 3698 14
371 3644 475 3712 neptini
493 3645 518 3696 G
571 3644 662 3698 fidelis
679 3662 728 3698 om.
753 3645 779 3697 V
831 3648 862 3698 16
881 3645 973 3698 daniel
994 3649 1019 3696 (ι’
1027 3644 1050 3698 V
1065 3643 1177 3697 danihel
1196 3644 1249 3696 ΒΡ

104 3725 176 3788 (Ph
194 3747 264 3800 supr.
283 3730 359 3797 add.)
411 3731 501 3784 inonr.
516 3731 541 3783 P
591 3737 668 3786 eatur
686 3732 734 3785 VR
746 3729 886 3786 saturatus
897 3733 949 3784 PE
1000 3731 1133 3800 lupatria
1149 3729 1250 3784 suisV

104 3815 250 3880 patrissui
270 3818 323 3870 GP
375 3827 436 3889 poet
453 3818 526 3872 liber
543 3817 563 3870 3
581 3820 627 3873 litt.
646 3836 712 3872 eros.
731 3820 757 3871 R
810 3835 864 3872 anu
883 3835 931 3872 sne
956 3817 1031 3872 VRP
1046 3824 1135 3871 metre
1153 3834 1202 3871 sua
1220 3817 1249 3870 E

107 3902 138 3954 19
164 3903 266 3956 eduero
287 3903 342 3956 GV
392 3905 451 3958 siue
478 3905 598 3958 auaritia
624 3905 676 3958 GP
726 3908 761 3960 20
788 3905 972 3958 latrocinatur
998 3921 1031 3958 eo
1058 3922 1107 3958 om.
1137 3905 1190 3956 GP
1213 3921 1246 3957 eo

105 3994 245 4052 munstur
262 4008 311 4044 ont.
335 3991 384 4043 VR
435 3993 469 4046 al
488 4008 551 4046 enm
571 4009 619 4045 ont.
635 3993 660 4044 G
713 3993 824 4046 luxuria
842 3992 908 4045 odiu
929 3992 952 4044 V
1000 3993 1035 4044 23
1054 3991 1205 4044 famuletur
1223 3991 1249 4043 P

106 4075 139 4126 24
156 4080 238 4143 etque
255 4104 290 4114 —
309 4077 416 4131 enimse
435 4096 483 4131 om.
502 4080 529 4130 P
579 4078 705 4146 seqnitur
730 4097 779 4134 oro.
807 4081 834 4132 P
858 4078 982 4146 seqnitur
1000 4078 1100 4132 mentis
1121 4077 1161 4144 (io
1179 4095 1246 4132 uere.

107 4171 207 4214 aennte
228 4181 262 4216 m.
284 4163 313 4228 3,
336 4181 382 4218 me
405 4166 422 4217 i.
447 4163 513 4230 rus.)
539 4165 687 4233 captiuitee
706 4164 772 4234 (oep
791 4168 817 4218 io
835 4183 901 4219 uere.
920 4167 1022 4218 ineunte
1039 4167 1099 4219 add.
1119 4183 1151 4217 m.
1169 4163 1202 4231 3)
1221 4166 1247 4218 R

107 4245 139 4298 as
156 4247 268 4314 quidem
285 4251 338 4304 ΒΡ
354 4252 420 4305 lieet
444 4253 473 4304 l'.
