3075 4967
412 295 590 343 tractatus
609 291 643 342 in
661 291 831 358 psalmum
849 291 957 345 valr.
1189 291 1251 355 305

132 479 301 544 adferent
329 499 449 564 reges
480 500 650 545 munere
695 479 857 565 distinguit
886 479 1104 565 intellegentie
1133 480 1252 565 signiti-

130 584 274 662 cntionem,
298 605 337 649 ne
362 585 437 669 quid
459 584 624 650 confusum
640 584 883 669 ambiguumque
898 585 1046 670 subrepet
1060 586 1091 650 in
1108 606 1152 663 eo,
1168 588 1252 670 quod

130 688 177 752 nit:
197 690 335 754 rnande
350 691 447 754 deus
462 690 609 755 uirtuti
625 697 713 768 tuae;
735 690 818 772 quod
833 690 941 773 utique
957 696 1064 755 contre
1078 689 1251 755 humanum

128 812 240 858 sensum
262 800 293 858 et
313 814 405 860 usum
429 793 579 859 naturalis
601 794 833 859 consuetudinis
861 803 908 858 est
929 792 1058 858 loeutus.
1103 795 1252 858 mundare

127 896 198 962 enim
220 897 383 982 quisquam
405 897 511 963 uirtuti
535 918 598 964 suae
622 897 739 981 eliquid
761 917 823 962 non
846 898 976 975 uidetur,
1006 897 1081 981 quic
1103 917 1158 979 per
1180 917 1250 962 cem
1291 925 1304 962 e

125 1002 240 1066 internae
268 1003 428 1083 potestatis
457 1002 530 1067 insit
559 1001 701 1080 effectcs3
733 1009 763 1068 et
792 1023 863 1068 curn
892 1003 997 1067 ornnic
1026 1002 1137 1068 uirtute
1166 1002 1251 1078 ficut

124 1125 177 1169 non
198 1105 389 1172 existimatur
409 1105 516 1172 uirtuti
538 1106 597 1188 ipsi
620 1105 735 1188 aliquid
766 1107 908 1171 mundari
938 1105 1036 1172 solere
1066 1106 1252 1171 seeiendum.

125 1209 264 1275 sedenim
280 1211 330 1276 dei
353 1211 452 1276 uirtus
468 1211 580 1293 deique
603 1210 753 1294 sapientie
775 1217 823 1276 est
838 1211 981 1276 dominus
996 1209 1085 1276 Iesus
1100 1207 1251 1286 Christus,

125 1313 169 1396 qui
196 1321 224 1379 et
252 1315 402 1395 ponende
432 1315 544 1380 enimse
575 1334 610 1380 ec
647 1315 842 1380 resumendae
876 1316 1057 1380 mundatum
1086 1313 1205 1396 aceepit
1235 1335 1253 1378 a

125 1425 207 1497 petre.
261 1419 376 1484 idcirco
413 1438 474 1483 non
512 1425 618 1482 contre
655 1417 874 1503 intellegentiae
911 1419 1085 1485 communis
1125 1439 1251 1484 sensum
1279 1443 1305 1482 ιο

126 1521 229 1586 dictum
258 1523 389 1600 uidetur,
428 1523 510 1606 quod
539 1529 642 1587 tumen
672 1523 860 1604 propheticee
891 1523 1027 1588 scientiae
1065 1524 1251 1604 proprietate

125 1635 316 1691 memoratum
339 1639 394 1706 est,
416 1634 451 1692 ut
473 1627 578 1692 uirtuti
594 1647 658 1692 suae
674 1628 835 1693 manderet
850 1629 935 1703 deus,
957 1627 1117 1710 unigenito
1132 1625 1252 1691 scilicet

126 1729 181 1808 deo,
202 1731 254 1814 qni
278 1738 308 1797 et
331 1731 381 1796 dei
407 1732 505 1796 uirtus
534 1737 589 1796 est.
634 1730 748 1796 dehinc
778 1732 852 1814 quic
880 1751 986 1796 rerum
1016 1730 1189 1795 subitarum
1220 1731 1252 1794 in

126 1833 174 1898 deo
200 1855 261 1900 non
291 1836 375 1901 cedit
404 1855 485 1900 nouo
513 1855 685 1919 repensque
714 1835 842 1913 molitio,
872 1835 960 1900 ouius
998 1835 1159 1900 scientiam
1191 1853 1250 1900 non

125 1939 339 2022 subterfugiunt
361 1957 431 2022 quae
454 1940 591 2022 gerenda
607 1950 687 2017 sunt,
711 1939 785 2022 quie
800 1945 910 2005 nature
925 1938 990 2004 eius
1005 1939 1157 2014 unicorne
1181 1959 1251 2022 quae
1280 1962 1305 2000 11

125 2049 210 2120 erunt,
231 2043 355 2108 uirtutis
379 2063 442 2108 suee
466 2048 617 2123 potestate
646 2042 796 2125 conplexa
826 2051 879 2121 est
910 2043 942 2108 id
970 2063 1053 2108 nunc
1076 2043 1251 2108 confirmari

125 2147 263 2228 propheto
285 2146 425 2228 postulet,
449 2150 533 2230 quod
554 2149 616 2212 iem
640 2148 680 2212 sit
702 2149 786 2214 idem
817 2149 892 2213 deus
924 2155 1068 2229 operatus
1097 2147 1129 2212 iu
1151 2147 1251 2223 nobis,

125 2252 284 2316 secundum
305 2250 382 2316 illud
405 2251 549 2332 apostoli:
573 2250 818 2317 benedictus
841 2254 939 2317 deus
961 2258 1078 2332 peter
1100 2251 1251 2316 domini

125 2356 243 2420 nostri
282 2355 375 2421 iesu
404 2353 569 2434 Christi,
608 2356 675 2440 qui
713 2357 927 2422 benedixit
968 2377 1038 2421 nos
1075 2355 1252 2421 inomni

124 2459 298 2538 spiritali
336 2459 626 2525 benedictione
663 2461 702 2525 in
740 2460 994 2526 celestibus:
1031 2461 1071 2524 in
1109 2481 1184 2544 quo
1215 2468 1252 2525 et
1278 2480 1304 2517 2⁰

124 2561 241 2647 elegit
263 2585 333 2628 noe
357 2571 447 2628 unte
470 2564 606 2628 mundi
629 2565 1251 2635 constitutionem,utiessemus

123 2669 244 2733 sancti
276 2675 314 2733 et
343 2665 584 2732 inmaculati
614 2667 652 2732 in
682 2669 779 2750 ipsc.
825 2669 1037 2752 deuotoque,
1061 2669 1114 2752 qui
1138 2688 1251 2734 secun·

122 2770 185 2836 dum
201 2771 386 2853 prophetem
401 2772 482 2850 fecit,
506 2793 574 2856 quen
589 2781 720 2838 uenture
742 2781 822 2852 sunt,
845 2793 890 2851 ee,
915 2793 984 2857 qure
1007 2774 1069 2838 icrn
1091 2780 1162 2838 unte
1177 2794 1252 2838 eon·

122 2874 303 2941 stitutionem
332 2877 439 2940 mundi
469 2897 525 2958 per
555 2875 761 2942 definitionem
800 2878 1007 2961 gerendorum
1045 2884 1186 2959 operatus
1220 2878 1251 2940 in

123 2979 202 3044 nobis
224 2986 280 3056 est,
303 2979 497 3046 confirmauit
519 2981 549 3044 in
574 2981 708 3045 domino.
1278 2999 1304 3037 2⁶

162 3191 192 3242 18
208 3189 307 3257 Ephes.
326 3189 382 3255 1,e
401 3207 440 3256 sq.

162 3361 306 3416 luderent
333 3381 364 3416 en
389 3361 509 3416 offerunt
536 3363 561 3415 R
613 3363 822 3431 2subripetV
873 3363 1038 3432 dpotestati
1063 3363 1089 3414 R
1141 3366 1252 3417 ‘Imen-

121 3445 181 3501 dcre
207 3447 237 3502 V¹
289 3449 427 3503 faciedum
445 3468 475 3503 ec
492 3448 613 3503 faciedae
632 3468 664 3502 m.
684 3448 703 3502 2
723 3451 747 3502 V
797 3449 884 3504 8sed
903 3449 967 3517 quis
992 3451 1016 3500 V
1064 3442 1095 3502 di
1112 3468 1184 3521 supr.
1203 3468 1251 3502 scr.

122 3553 149 3585 m.
166 3535 220 3588 IV
269 3535 440 3622 111111111ῖί1ι
462 3537 489 3588 in
515 3555 597 3606 mcrp.
616 3538 676 3590 add.
695 3537 721 3588 P
771 3537 958 3605 propriaetate
979 3540 1146 3589 memoratus
1165 3539 1207 3589 cst
1231 3536 1256 3588 V

123 3691 150 3742 12
167 3641 200 3746 dle
218 3641 365 3748 eciliesil'R
419 3695 452 3748 13
470 3691 504 3746 ds
519 3691 609 3746 uirtus
628 3697 670 3746 est
694 3693 718 3746 V
767 3693 796 3746 in
815 3693 866 3745 deo
886 3693 983 3745 Vm
996 3693 1031 3761 cf.
1044 3692 1138 3745 Hurtel
1149 3693 1252 3744 Ennod.

118 3795 141 3844 p.
151 3777 212 3846 673,
223 3780 306 3850 [καῖ.
313 3799 341 3851 p.
354 3777 421 3847 364,
431 3779 579 3849 Petschenip
597 3780 659 3833 Viet.
669 3799 696 3851 p.
711 3779 901 3835 testaceum
915 3781 943 3831 E
986 3781 1019 3832 14
1036 3795 1187 3846 recensque
1199 3780 1251 3831 ΒΤ

121 3862 174 3925 (sed
184 3883 199 3920 c
211 3869 237 3919 in
250 3885 302 3922 rus.
314 3869 334 3919 3
346 3869 380 3932 R,
391 3869 418 3920 in
430 3885 512 3936 mary.
523 3883 544 3935 p
555 3867 614 3919 add.
629 3867 666 3933 T)
720 3867 753 3920 15
772 3865 976 3936 supter-fugient
992 3866 1016 3917 V
1066 3868 1099 3920 16
1117 3866 1252 3934 conplexa

122 3957 179 4006 sunt
194 3954 217 4006 V
268 3957 301 4010 18
313 3955 380 4008 dens
394 3958 422 4008 et
433 3958 512 4022 peter
525 3954 553 4005 E
603 3955 637 4008 20
648 3953 841 4007 benedictione
854 3953 975 4022 spirituli
988 3953 1016 4004 E
1065 3955 1098 4006 21
1118 3953 1253 4006 nonme

121 4089 149 4141 23
166 4050 312 4146 uentum?
363 4108 449 4159 caque
467 4109 537 4160 quac
556 4092 582 4145 P
631 4091 687 4145 ism
705 4111 753 4145 om.
778 4093 803 4145 V
852 4096 916 4145 ante
941 4091 1137 4145 const'tntione
1156 4092 1252 4145 mundi

128 4177 146 4226 V
160 4183 221 4232 ente
248 4179 345 4232 mundi
373 4178 598 4232 constitutionem
626 4179 651 4231 Τ
675 4183 740 4232 ente
767 4178 995 4232 constitutionem
1022 4175 1081 4243 (om.
1100 4177 1207 4242 mundi)
1228 4179 1254 4230 P

121 4264 150 4315 st
166 4283 213 4334 per
231 4265 418 4320 definitionem
437 4283 485 4318 om.
505 4265 554 4318 PT
573 4263 682 4330 (Beoed.
692 4267 772 4335 solea
790 4264 873 4331 adn).

167 4385 319 4427 1111111111.
335 4387 392 4426 rues
408 4396 458 4435 pm
473 4387 491 4427 1.
1063 4373 1098 4424 20
