3075 4967
252 292 314 357 882
724 291 919 361 Appendim

252 502 343 549 carna
366 481 566 559 circumcisio,
582 483 646 573 'sod
669 481 772 562 potius
793 480 915 546 illorum
939 480 1121 557 Iudaeorum,
1144 479 1195 562 qui
1219 477 1250 540 iu
1273 480 1396 540 sacrato

253 586 358 662 iudai,
383 586 496 670 quibus
518 586 711 651 circumcisio
739 586 849 662 cordia,
873 604 1005 669 quorum
1028 583 1126 669 gloria
1146 601 1210 646 non
1233 601 1271 645 cx
1293 579 1397 644 bomi-

251 690 352 767 nibus,
375 691 431 755 aad
454 712 491 755 arr
514 690 572 754 dao
595 695 650 755 ast
694 689 856 755 uideamus
879 689 1013 772 deniquo
1028 687 1138 770 psalmi
1154 691 1280 761 tartum,
1304 684 1331 748 si
1354 683 1395 747 ad

254 796 329 874 baec,
352 815 420 879 quaa
444 795 585 871 diximus,
608 794 726 859 attinet.

214 934 226 969 a
296 903 326 965 4.
350 894 609 978 Oustodi'ma
633 899 739 983 inquit,
772 900 940 979 domina,
976 898 1163 981 quoniam
1187 896 1226 958 iu
1249 901 1396 973 tcspa·

252 1003 347 1068 rani.
393 1004 446 1087 qui
470 1002 607 1077 debitum
641 1002 726 1083 petit,
759 1023 821 1067 nou
844 1007 963 1083 sparat3
997 1020 1068 1066 nam
1103 1000 1128 1065 si
1163 999 1294 1063 dabatur
1315 995 1395 1061 mibi

253 1107 378 1191 aliquid,
402 1107 467 1172 iura
490 1106 523 1172 id
544 1126 682 1187 reposco.
728 1108 810 1191 quod
827 1107 939 1190 siquis
955 1105 1030 1169 mihi
1048 1125 1085 1170 ax
1099 1103 1257 1169 uoluntate
1271 1101 1395 1167 tribuat.

254 1231 313 1277 non
337 1232 374 1276 ax
397 1210 558 1287 oblatione,
593 1211 631 1276 dc
654 1210 713 1276 hac
735 1211 954 1276 consuetudins
977 1208 1043 1274 aius
1065 1206 1305 1274 beniuolentiam
1328 1205 1396 1269 aius

254 1316 392 1396 sperabo.
437 1315 543 1399 itaquo
566 1314 625 1383 bio.
649 1316 700 1399 qui
716 1335 777 1379 non
793 1314 988 1395 exoperibus
1003 1313 1149 1379 iustitiam
1165 1308 1395 1395 magnificabat,

253 1421 310 1485 sad
333 1420 498 1499 gratuitam
522 1418 728 1503 deigratiam
751 1417 980 1484 introducebat:
1015 1416 1175 1483 custodi
1210 1434 1274 1492 ma,
1308 1413 1395 1491 dixit

254 1525 423 1601 domina,
454 1525 547 1606 quia
576 1524 615 1587 in
651 1528 687 1587 ta
722 1524 896 1605 speraui.
941 1520 1271 1587 dicamdomino:
1295 1518 1395 1597 ducas

254 1648 427 1693 mausus
452 1632 500 1692 tu.
545 1632 681 1707 potestus
716 1628 798 1692 cuim
833 1628 950 1691 domini
983 1627 1015 1689 in
1046 1646 1081 1691 co
1105 1632 1160 1703 ast,
1188 1629 1224 1689 ut
1246 1623 1340 1689 saciat
1361 1622 1395 1685 in

254 1751 389 1809 seruum,
413 1733 496 1815 quod
518 1730 594 1807 uult,
617 1752 677 1796 non
694 1732 776 1823 quod
794 1751 921 1797 accessa
936 1730 1038 1795 habat
1084 1730 1111 1795 si
1132 1736 1235 1793 autam
1252 1726 1397 1809 oporibus

255 1856 374 1902 marcas
398 1835 535 1913 debatur,
564 1836 598 1901 id
621 1835 697 1901 mibi
720 1835 879 1913 retribuet,
904 1836 986 1919 quod
1009 1854 1138 1900 accessa
1160 1830 1310 1907 babuerit
1333 1850 1396 1894 non

255 1941 338 2025 quod
360 1939 499 2006 uoluerit.
543 1940 568 2005 si
592 1940 672 2006 anim
696 1946 840 2021 operatus
862 1939 957 2017 sucro,
980 1938 1056 2004 uclit
1070 1937 1151 2017 nolit
1176 1937 1304 2002 dabatur
1317 1934 1396 1999 mihi

256 2064 373 2110 marcas
397 2050 429 2109 at
452 2044 650 2109 euacuabitur
671 2064 727 2125 par
748 2043 815 2109 haec
837 2044 940 2128 gratia
962 2043 1021 2122 dei,
1055 2042 1135 2108 sicut
1157 2040 1315 2122 apostolus
1337 2039 1396 2103 ait:

256 2148 431 2232 namqui
455 2158 656 2229 oporatur,
681 2144 1396 2228 marcasilliaccaptafitpardabi-

255 2260 343 2331 tum‚
375 2272 449 2317 non
479 2273 549 2333 par
577 2254 768 2337 gratiam3
800 2255 856 2319 sad
879 2253 931 2336 qui
954 2272 1071 2317 sarion
1096 2250 1300 2332 exoperibus
1323 2250 1395 2314 suis.

255 2358 310 2439 sad
334 2377 371 2422 cx
396 2357 496 2441 gratia
518 2357 568 2422 dei
602 2356 721 2423 saluum
744 2357 812 2422 fieri
841 2356 915 2431 uuit,
946 2357 1025 2421 sicut
1053 2361 1172 2435 oportat
1201 2374 1257 2419 nos
1287 2372 1394 2418 omncs

255 2463 390 2539 credero,
426 2460 478 2526 hic
512 2480 640 2541 sperans
672 2460 705 2525 in
740 2462 832 2526 dcam
866 2461 1033 2527 constituat
1065 2458 1124 2525 sibi
1157 2458 1283 2526 bonam.
1315 2459 1391 2541 quod

254 2565 386 2632 uoluerit
419 2566 503 2638 daus,
539 2586 599 2631 non
624 2565 704 2649 quod
729 2585 855 2631 uacasse
889 2564 1049 2642 habuerim
1083 2584 1119 2629 ac
1140 2582 1195 2643 pcr
1217 2561 1277 2627 hoc
1300 2561 1395 2646 signi·

254 2670 456 2735 ficantarait:
482 2671 561 2735 dixi
586 2670 761 2735 domiuo:
788 2662 884 2735 dous
907 2688 1016 2734 maus
1040 2689 1080 2733 cs
1103 2675 1150 2733 tu.
1196 2666 1396 2750 naquacnim

255 2792 402 2857 umquam
427 2774 569 2839 dominus
592 2775 708 2859 gratias
731 2776 798 2859 agit
819 2794 917 2851 seruo,
951 2774 977 2839 si
1000 2772 1117 2849 sacaria
1150 2772 1235 2855 quod
1256 2771 1398 2836 iusserit:

255 2878 312 2943 sad
345 2897 400 2957 par
435 2876 500 2941 baec
533 2879 638 2942 omnia
671 2879 826 2959 expectari
859 2878 942 2943 uolat
975 2876 1214 2942 beniuolentiam
1247 2894 1335 2940 suam
1367 2878 1398 2938 ct

256 2981 399 3064 gratiam,
416 2981 693 3048 sicutatdomiuus
707 2983 929 3049 docctdiceus:
954 2982 1045 3066 quis
1068 3001 1112 3046 ax
1134 2980 1252 3046 uobis
1274 2978 1400 3043 habat

255 3105 415 3151 seruum
449 3091 632 3151 arantem
666 3093 732 3151 aut
769 3082 1032 3167 pascuatam?
1078 3083 1279 3166 numquit
1310 3101 1396 3146 cum

254 3189 417 3254 uenerit
446 3189 609 3267 domum,
640 3190 742 3255 dicit
777 3192 828 3255 ci:
854 3190 985 3255 transi
1010 3196 1047 3253 at
1069 3186 1282 3252 recumbe?
1326 3188 1399 3251 sad

256 3293 372 3359 dicit:
397 3293 527 3358 transi
551 3304 588 3360 at
607 3295 799 3361 ministra
822 3294 929 3372 mihi,
946 3301 984 3359 at
1007 3300 1100 3357 tunc
1121 3291 1399 3356 manducabis.

256 3398 450 3481 numquid
474 3398 560 3483 agit
582 3400 767 3465 dominus
790 3399 854 3465 illi
877 3399 1036 3483 gratias
1068 3417 1191 3473 seruo,
1215 3396 1307 3478 quia
1336 3395 1399 3458 sic

256 3500 429 3567 facerit?
475 3522 588 3567 aman
622 3503 711 3569 dico
746 3505 870 3579 uobis,
906 3504 998 3586 quia
1032 3521 1105 3565 non
1137 3501 1231 3583 agit.
1276 3498 1335 3562 sic
1358 3508 1400 3563 ct

256 3626 325 3671 uos
348 3625 434 3671 cum
457 3607 588 3671 omnia
610 3607 913 3691 faceritis,quae
936 3601 1398 3679 iusserouobis,dicito:

257 3710 368 3774 serui
411 3710 582 3776 inutiles
624 3732 773 3777 sumus:
818 3712 924 3796 quod
968 3729 1139 3775 necessa
1175 3706 1399 3780 habuimus

256 3814 438 3878 fecimus.
484 3815 576 3898 igitur
600 3816 651 3899 qui
675 3817 816 3901 agnoscit
834 3834 868 3881 aa
883 3818 976 3881 deum
994 3814 1116 3883 habore,
1141 3810 1234 3876 talam
1250 3809 1400 3875 exhibere

258 3916 351 3981 dabat
373 3917 529 3983 seruitutis
546 3918 754 3985 humilitatam.
800 3921 856 3987 aad
872 3920 939 3985 hac
955 3919 1107 3984 consessio
1121 3936 1183 3981 non
1199 3923 1246 3980 ast
1260 3934 1399 3994 operum,

205 4041 230 4077 u
258 4020 312 4085 ssd
336 4018 417 4086 fidoi.
463 4022 565 4105 itaquo
588 4026 658 4089 noui
682 4026 858 4090 testamenti
882 4025 961 4089 barro
995 4021 1193 4087 annuntiator
1224 4018 1282 4083 ait:
1314 4020 1400 4083 dixi

258 4123 433 4188 domiuo:
458 4126 553 4191 daus
576 4148 684 4193 maus
709 4150 749 4194 os
773 4135 819 4193 tu.
849 4137 896 4215 ,at
918 4128 992 4211 quid
1014 4132 1084 4207 post
1107 4124 1174 4189 hac
1197 4120 1292 4187 dicit?

300 4263 1157 4332 fflmmmmmmmffl.fflmmm
