3075 4967
288 277 328 344 92
627 276 743 330 sancti
768 276 903 330 Hilarii
927 276 1089 344 episcopi

286 469 389 550 plures
420 469 513 532 etiam
543 486 599 547 per
629 467 902 547 praesumptionem
931 467 1003 531 uitae
1034 467 1087 530 diu
1116 467 1288 531 innocentis
1311 467 1351 530 ad
1374 467 1443 531 cri·

287 575 369 638 urina
394 570 552 636 deuolutos
575 577 615 648 et,
639 591 707 636 cum
733 569 844 636 delicta
866 570 934 636 aliis
958 572 1187 650 exprobrarent,
1210 571 1294 652 ipsos
1316 571 1369 635 nix
1394 571 1441 634 ad

287 675 472 758 paenitentias
495 675 617 740 ueniam
648 675 828 755 pertinere?
862 694 921 738 non
957 681 1005 740 eet
1032 674 1126 758 igitur
1155 674 1354 755 obprobrium
1378 677 1443 740 ad·

286 799 393 847 uersus
416 779 571 860 proximos
593 778 771 854 ineundum,
801 778 865 857 ssd,
888 779 916 844 si
939 778 1013 862 quid
1037 779 1068 842 iu
1092 777 1152 842 illis
1174 778 1379 854 incuriosum,¹
1410 779 1441 842 si

248 913 260 950 a
288 885 363 968 quid
384 883 565 967 neglegens,
589 883 614 946 si
638 881 713 964 quid
735 881 885 962 petulans,
908 883 934 946 si
958 883 1032 964 quid
1047 883 1241 947 incontinens
1256 881 1443 962 depreben-

287 989 376 1066 ditur‚
400 988 466 1052 sine
482 986 723 1067 exprobrationis
751 987 955 1052 amaritudine
978 985 1191 1051 blandimento
1206 986 1444 1051 emendationis

287 1097 334 1158 est
356 1091 582 1176 corrigendum.
629 1089 689 1155 hoa
712 1089 879 1169 humilitas,
903 1089 962 1155 hoe
984 1090 1031 1155 sui
1046 1109 1102 1170 per
1117 1096 1235 1156 metum
1247 1089 1443 1162 diffident-ia,

287 1215 355 1280 quae
378 1194 569 1260 ualidissima
591 1193 711 1260 fiduciae
735 1201 837 1260 custos
860 1201 916 1272 est,
940 1201 1035 1272 curat,
1058 1214 1098 1259 ne
1120 1195 1161 1259 sit
1173 1193 1344 1258 admonitio
1360 1213 1444 1260 oon-

286 1299 422 1380 hrmelia,
444 1319 483 1364 ne
506 1298 546 1363 sit
569 1299 744 1364 emendatio
760 1299 969 1379 obprobrium,
992 1298 1445 1364 nesitdoctrinaconuicium.

235 1433 259 1468 ιο
287 1405 331 1469 sie
353 1402 499 1469 fiduciam
523 1402 638 1467 orantis
661 1401 805 1482 pharisaei
830 1403 974 1468 dominus
1004 1402 1035 1466 in
1070 1401 1241 1485 euangeliis
1264 1402 1445 1479 damnauit,

285 1514 351 1572 tum
374 1527 445 1573 eum
478 1507 509 1570 iu
545 1505 647 1570 medio
681 1507 852 1572 consistens
886 1507 929 1571 ita
962 1507 1235 1572 sermocinaretur:
1270 1508 1445 1591 gratias

286 1611 361 1676 tibi
385 1631 467 1695 ago,
490 1610 660 1687 domine,
679 1610 783 1693 quod
806 1630 881 1674 nou
905 1631 998 1692 sum,
1022 1611 1130 1675 siout
1151 1611 1282 1676 ceteri
1305 1609 1444 1676 homi—

285 1735 366 1797 nes,
389 1713 579 1791 adulteri,
603 1715 725 1792 suari,
761 1715 868 1780 sieut
895 1721 934 1780 et
955 1713 1022 1780 hic
1043 1713 1297 1796 publicanus.
1344 1728 1446 1780 erat

285 1825 418 1884 autem
441 1817 683 1898 publicanus
707 1819 745 1882 in
769 1825 928 1883 secreto
951 1838 1086 1883 orans:
1111 1820 1280 1897 domine,
1315 1820 1445 1884 mise·

233 1953 258 1989 n
285 1942 376 1988 rere
398 1922 498 1988 mihi
521 1923 741 2002 presentari.
789 1922 860 1988 huic
883 1923 1012 1988 orationi
1035 1923 1100 1988 eins
1115 1923 1267 2004 scriptura
1282 1923 1445 1989 subiecit:

285 2027 377 2110 quia
406 2028 537 2111 magis
567 2026 829 2092 iustificatus
863 2046 1059 2111 egressus
1090 2033 1152 2092 est
1185 2027 1445 2107 publicanus

284 2151 400 2214 quam
435 2130 671 2212 pharisaeas.
719 2131 964 2197 misericordiam
1000 2131 1049 2196 dei
1083 2131 1201 2211 peceati
1234 2131 1446 2197 consessione

283 2234 452 2315 promeruit
475 2235 670 2316 publicanus:
693 2235 866 2316 pharisaeus
887 2255 961 2301 uero
984 2235 1134 2300 honorem
1157 2255 1272 2314 eorum,
1296 2256 1373 2318 quae
1402 2240 1446 2303 de

284 2359 318 2404 se
339 2337 533 2420 praelerebat,
555 2355 610 2419 per
632 2338 827 2403 insolentiam
850 2338 1006 2419 obprobrii
1028 2340 1140 2404 amisit.

233 2467 257 2506 so
330 2441 379 2507 12.
403 2442 464 2507 Sed
488 2440 566 2506 torte
589 2441 651 2505 iam
682 2442 812 2526 dignum
835 2461 869 2506 se
891 2442 970 2524 quis,
993 2442 1021 2506 si
1042 2441 1110 2507 haee
1132 2443 1275 2508 uniuersa
1297 2443 1446 2526 adeptus

284 2546 334 2627 sit,
358 2544 613 2625 promissionibus
637 2543 687 2609 dei
710 2546 823 2610 eredit:
853 2565 924 2610 eum
948 2566 982 2612 ee
1010 2554 1081 2626 post
1111 2547 1329 2626 innocentiam,
1363 2560 1447 2630 post

283 2650 461 2726 bonitatem,
486 2655 554 2728 post
577 2649 746 2728 prudentia
770 2647 896 2712 modum
920 2650 1012 2713 etiam
1048 2648 1221 2716 humilitate
1250 2651 1446 2718 moderatus

284 2753 333 2818 sit.
378 2754 432 2818 sed
455 2753 543 2834 plura
566 2751 668 2817 adhuc
690 2758 817 2817 restant.
863 2771 937 2817 nam
959 2760 993 2817 ut
1015 2753 1202 2837 significauit
1223 2755 1256 2818 in
1279 2775 1316 2820 eo
1341 2777 1445 2823 ruen-

283 2857 370 2923 daoio
393 2877 462 2923 esse
484 2863 653 2938 peceatum,
684 2856 710 2920 si
734 2856 822 2921 alteri
852 2857 969 2921 malum
999 2859 1177 2924 mentientis
1208 2859 1327 2925 salsitas
1361 2883 1447 2928 eon-

230 2989 255 3026 n
282 2967 412 3040 pararet,
428 2960 470 3024 ita
492 2979 582 3042 nune,
602 2960 654 3026 ubi
674 2959 839 3040 obprobria
860 2962 1009 3026 aduersus
1026 2963 1181 3043 proximos
1197 2983 1258 3028 non
1273 2973 1443 3033 sumenda

282 3064 427 3141 decernit,
450 3062 628 3127 habendam
651 3071 756 3128 tamen
780 3065 930 3130 rationem
962 3065 1059 3146 ipsius
1089 3066 1271 3132 humilitatis
1305 3070 1444 3137 adiecit.

281 3187 350 3250 quae
373 3173 477 3230 autem
500 3165 567 3232 heac
591 3167 666 3231 ratio
690 3168 738 3244 sit
762 3167 895 3234 cohaeret
917 3169 949 3232 in
970 3190 1077 3235 uersu:
1102 3178 1140 3236 et
1162 3171 1445 3252 obprobrium

326 3309 357 3362 11
376 3305 443 3360 nuo.
462 3305 561 3373 xvrn,
582 3309 628 3374 ¹13
649 3309 690 3360 13.

326 3428 522 3482 linnoceutes
535 3427 561 3481 R
613 3429 1019 3499 2exprobrentexexprobent
1033 3432 1139 3487 ΜΓ
1188 3435 1400 3503 dpenitentiae
1423 3440 1450 3490 Γ

280 3514 471 3586 poenitenciae
494 3514 521 3568 R
572 3514 655 3568 laed
680 3515 703 3568 si
727 3517 795 3584 qnid
819 3517 849 3570 in
873 3517 930 3572 illis
953 3519 1123 3573 incuriosum
1148 3521 1172 3574 si
1190 3521 1257 3589 quid
1275 3523 1445 3593 neglegens

280 3603 304 3685 si
323 3601 389 3685 quid
408 3600 558 3683 ¹¹.⁰lll.⁰ss.⁰l¹⁸
582 3601 605 3654 si
625 3599 691 3668 quid
709 3603 838 3669 petulans
857 3605 880 3657 ai
898 3603 966 3672 quid
984 3607 1061 3676 petul
1080 3607 1255 3662 incontinens
1279 3609 1304 3661 Γ
1327 3611 1387 3665 sed
1418 3615 1444 3666 si

280 3689 347 3759 quid
364 3690 393 3742 in
412 3689 468 3741 illis
485 3687 655 3742 incuriosum
674 3687 696 3740 si
715 3688 782 3755 quid
801 3691 928 3757 petulans
947 3692 970 3744 si
989 3675 1056 3761 aluid
1074 3694 1248 3750 incontinens
1267 3695 1293 3748 R
1346 3699 1368 3750 5
1391 3701 1446 3754 de·

279 3775 477 3845 praehenditur
495 3775 519 3828 Γ
569 3775 656 3844 'lsup
675 3781 780 3828 metum
793 3777 819 3828 lt
873 3781 906 3832 10
923 3779 1033 3834 farisaei
1052 3782 1077 3833 R
1094 3781 1187 3836 samsai
1206 3783 1231 3835 V
1279 3782 1309 3835 in
1325 3799 1446 3842 euuan-

279 3897 360 3967 geliis
377 3897 424 3952 VR
478 3861 661 3950 lloonsiatens
674 3895 698 3950 Γ
740 3897 987 3954 tessaracosten
1000 3902 1025 3953 V
1067 3904 1100 3956 15
1108 3903 1164 3956 mei
1173 3905 1443 3974 peceatolthqr‘.

280 4001 400 4054 mnatre
418 4001 472 4066 111,
489 3999 546 4052 aas
600 3974 715 4054 baran
734 4003 798 4054 mu
819 4003 844 4056 r
890 4004 1234 4073 antescripturaeras.sut
1248 4008 1273 4059 n
1331 4012 1366 4063 17
1383 4014 1444 4066 mr·
1532 4038 1533 4057 r

279 4085 424 4140 serdst
479 4088 511 4141 18
523 4085 687 4154 publicanus
696 4107 744 4140 orn.
761 4089 810 4142 VR
861 4091 977 4145 lariacus
992 4093 1196 4147 l'larisaeuslt
1247 4093 1393 4152 bonorem
1409 4119 1444 4154 er

277 4172 420 4226 homonem
440 4191 470 4226 m.
490 4173 510 4224 2
533 4173 557 4225 V
608 4176 641 4227 19
659 4174 818 4242 proferebat
841 4177 878 4230 Vb
929 4179 964 4230 22
981 4185 1045 4247 post
1063 4179 1239 4247 prudentiam
1257 4181 1379 4238 modum
1401 4187 1443 4240 Vr

279 4261 313 4314 ‘33
330 4253 342 4312 i
360 4275 393 4313 eo
411 4259 562 4312 mendaciis
580 4276 640 4313 esse
664 4262 687 4312 Γ
738 4263 773 4314 27
792 4263 904 4318 coheret
929 4266 985 4317 VR.
