3075 4967
194 245 257 311 504
540 245 658 299 sancti
676 245 813 299 Hilarii
831 245 996 313 episcopi

192 435 326 501 faciendi
372 435 496 501 domino
534 435 750 501 contineretur.
810 434 860 500 lex
897 434 982 499 enim
1018 435 1120 500 omnis
1164 435 1349 500 aduentum

193 539 310 605 domini
344 544 458 606 testata
492 548 547 618 est,
582 540 648 620 ipso
683 539 821 605 dicente:
860 540 894 604 si
928 539 1158 605 crederetis
1196 537 1353 623 Moysi,

192 644 426 710 crederetis
449 642 773 728 utiquectmihi;
798 644 1036 710 demeanim
1060 642 1131 708 ille
1153 643 1352 724 scripsit.

193 748 339 813 mandata
361 746 456 832 igitur
479 748 527 813 dei
550 748 590 813 ob
614 747 645 812 id
666 747 817 831 propheta
832 729 945 826 dilexit,
968 749 1041 832 quie
1055 749 1087 812 iu
1103 747 1152 813 his
1167 749 1351 813 aduentum

154 881 166 918 ι
194 852 357 918 dominicae
381 851 602 934 corporationis
631 851 792 937 intellegit
836 853 867 916 in
902 872 939 917 co
973 860 1084 932 autem,
1108 854 1191 936 quod
1227 851 1353 936 diligit,

193 956 262 1038 plus
286 957 389 1022 neseio
420 957 495 1041 quid
528 956 691 1041 signifieat.
737 957 840 1023 secere
869 962 973 1022 autem
1002 955 1120 1040 aliquid
1149 957 1261 1021 minus
1302 963 1354 1020 est

193 1081 287 1145 quam
310 1061 449 1146 diligere,
482 1061 553 1145 quia
587 1060 770 1145 plerumque
800 1061 841 1139 id,
871 1063 953 1144 quod
976 1062 1106 1145 agimus,
1141 1061 1351 1126 necessitatis

193 1174 248 1242 est,
272 1163 394 1230 dilectio
417 1185 490 1230 uero
514 1165 645 1246 propriae
668 1165 836 1230 uoluntatis
859 1165 992 1231 adiectio
1016 1171 1070 1230 est.

237 1268 287 1334 16.
311 1269 374 1334 Sed
397 1269 519 1336 dilectio
550 1289 586 1334 ea
616 1270 745 1334 demum
776 1270 912 1352 perfecta
941 1275 997 1346 est,
1029 1289 1097 1354 quae
1131 1269 1277 1333 maxima
1303 1276 1356 1335 est

144 1399 169 1436 ιο
196 1379 227 1438 et
260 1394 330 1457 quae
363 1373 439 1462 nulli
473 1372 524 1439 ulii
559 1375 776 1456 conparatione
809 1373 958 1439 similium
995 1379 1179 1457 coaequatur.
1240 1372 1356 1457 diligit

194 1483 299 1543 autem
323 1480 469 1544 mandata
491 1478 540 1543 dei
564 1497 686 1562 super
708 1497 846 1544 aurum
868 1485 907 1544 et
936 1478 1139 1562 topazion.
1181 1475 1356 1542 humanus

195 1601 279 1648 error
300 1567 464 1662 pretiosius
486 1581 565 1647 nihil
594 1603 667 1648 auro
699 1589 730 1648 et
760 1585 895 1667 gemmis
918 1583 1069 1664 opinatur,
1100 1589 1131 1647 et
1159 1580 1230 1645 haec
1264 1589 1354 1658 sunt,

180 1705 262 1770 'quae
285 1685 449 1752 hominum
471 1687 652 1768 cupiditates
684 1687 854 1752 dominatui
878 1687 970 1768 pretii
992 1689 1040 1752 sui
1063 1693 1095 1750 et
1116 1684 1245 1750 honoris
1274 1686 1355 1750 suh·

195 1790 350 1855 diderunt.
395 1811 467 1855 suro
482 1791 539 1868 ius,
563 1790 718 1864 honestas,
742 1791 889 1872 pudicitia
905 1791 1023 1856 uenalis
1039 1797 1102 1870 est;
1125 1808 1180 1871 per
1194 1807 1355 1872 gemmas

143 1915 167 1954 ιι
194 1913 267 1958 uero
288 1892 417 1959 humani
441 1896 578 1976 corporis
602 1897 804 1976 prestantior,
828 1900 862 1960 ut
885 1901 999 1976 putant,
1022 1895 1142 1979 species
1165 1894 1206 1958 ad
1221 1901 1356 1960 naturae

159 2077 161 2082 Ι
194 1997 413 2063 contumeliam
436 1999 598 2080 expetitur.
644 2005 674 2064 et
705 1999 820 2065 idcirco
851 1998 929 2064 nihil
960 1997 1056 2064 habet
1085 2017 1177 2062 serus
1207 2003 1355 2082 uterque

194 2103 366 2182 pretiosius,
392 2104 466 2168 dum
495 2104 555 2168 uiri
586 2123 678 2184 posse
707 2104 812 2168 omnia
841 2123 915 2168 auro
946 2102 1060 2181 uolunt,
1091 2101 1237 2167 mulieres
1270 2121 1356 2168 uero

193 2225 249 2287 por
273 2195 416 2291 gemmas
439 2206 505 2271 lieri
530 2227 563 2272 se
587 2207 764 2272 existimant
788 2206 985 2288 pulchriores.
1030 2211 1155 2288 praestat
1177 2210 1291 2270 numm
1316 2214 1356 2271 ut

195 2310 304 2376 ceteris
328 2309 460 2376 metallis
484 2331 601 2388 aurum,
624 2312 667 2376 ita
690 2317 720 2377 et
742 2311 811 2376 aliis
826 2310 980 2394 lapidibus
995 2311 1145 2390 topazion.
1189 2316 1240 2374 est
1256 2311 1354 2376 enim

146 2437 170 2475 ao
196 2415 262 2494 ipse
297 2415 472 2480 rarissimus
507 2423 537 2480 et
570 2415 818 2496 speciosissimus
854 2415 994 2480 omnium
1031 2419 1063 2480 et
1099 2414 1265 2479 maximus.
1318 2416 1354 2479 in

197 2517 365 2583 Thebaidis
388 2539 462 2584 uero
485 2517 559 2594 loeo,
583 2519 631 2584 cui
655 2518 861 2585 Alabastrane
883 2539 997 2584 nomen
1020 2524 1075 2595 est,
1098 2517 1226 2598 reperiri
1250 2518 1353 2584 solet.

194 2619 278 2685 huno
311 2622 404 2688 otiam
439 2622 542 2687 ferunt
575 2622 767 2688 secularium
804 2629 963 2707 gestorum
993 2621 1102 2688 litterae
1131 2622 1163 2685 in
1192 2619 1352 2702 Topazou

193 2723 293 2790 insula
316 2726 355 2790 ab
378 2725 486 2790 incolis
519 2727 593 2802 eius,
623 2727 654 2792 id
686 2733 733 2792 est
754 2726 954 2812 'troglodytis
977 2727 1090 2792 Arabis
1113 2726 1280 2790 inuentum
1307 2727 1353 2792 ad

193 2835 325 2893 matrem
348 2831 432 2915 regis
457 2831 595 2914 Aegypti
618 2829 788 2910 Ptolomaei,
819 2832 876 2897 sub
907 2851 968 2915 quo
998 2831 1158 2911 scriptura
1187 2828 1271 2914 legis
1308 2852 1352 2897 ex

235 3037 441 3107 dffiffiffl

237 3217 344 3271 lenim
367 3217 447 3271 bonis
468 3219 490 3270 C
539 3218 598 3272 hei
624 3218 738 3273 creditis
765 3219 855 3287 moysi
882 3218 997 3274 creditis
1018 3216 1056 3289 p(
1057 3217 1108 3284 Ah
1159 3217 1298 3272 admone
1326 3219 1354 3269 Γ

192 3302 1351 3374 ΜὼψαώΜΜλνῳΜΜώ-Μηωωωΐ

192 3393 281 3460 'tque
299 3391 479 3460 plerumquae
503 3393 528 3445 V
577 3393 741 3462 8proprice
754 3393 846 3446 —sed
864 3392 977 3446 dilectio
995 3409 1044 3445 om.
1065 3393 1103 3462 Cp
1155 3391 1292 3445 eodem
1307 3412 1348 3462 pe

193 3477 1348 3550 mfflffnmfflfflmmmmfflmmomm

191 3563 289 3620 tiosius
315 3565 362 3618 VR
416 3567 449 3620 13
467 3570 495 3620 et
512 3565 670 3620 hominihus
689 3565 872 3620 subdiderunt
896 3566 921 3618 V
970 3567 1005 3619 14
1022 3581 1090 3618 auro
1112 3564 1182 3618 uiris
1205 3565 1344 3620 honestas

192 3649 1348 3722 mmmelMQMmmmmm2VlefflmffiCa

190 3738 1349 3808 mmmmffllmmmemempwm

192 3824 303 3880 cliisV
351 3828 386 3881 20
403 3831 432 3881 at
455 3825 671 3894 speciosissimus
689 3828 716 3879 in
735 3843 819 3894 mcrp.
837 3827 915 3895 inser.
934 3826 1039 3879 aaut
1088 3828 1123 3880 al
1141 3824 1295 3880 theibaidis
1322 3826 1351 3877 V

192 3910 330 3966 alabastra
344 3913 394 3982 pE
409 3914 444 3982 ef.
462 3913 544 3966 Aecd.
560 3932 588 3982 p.
608 3911 664 3966 106
684 3910 765 3982 (fort.
785 3915 918 3980 rependam
930 3910 1120 3978 Alabastrom)
1173 3913 1209 3966 ἥ
1225 3910 1347 3967 litterae

192 4014 240 4050 om.
261 3999 287 4050 R
339 3999 448 4067 topazio
460 3997 703 4069 croperioopffl)
722 3997 1028 4067 tophariaR'l'opazoa
1045 3999 1080 4067 ef.
1100 3998 1169 4052 Plio
1188 3998 1346 4056 XXXVII.

193 4083 220 4150 8,
233 4084 282 4136 107
293 4085 403 4154 Dettefs.
454 4089 489 4141 23
504 4085 691 4155 throglodytis
705 4085 890 4154 Vtoglodytis
901 4084 1171 4155 Otroglotidispol)
1225 4086 1262 4139 24
1276 4091 1344 4154 pto·

194 4222 276 4276 lomei
303 4223 350 4276 Vn
367 4223 514 4279 tholomaei
534 4223 719 4293 Cptolemeei
734 4225 786 4294 pE
836 4180 987 4278 scribtura0
999 4223 1028 4277 V.
