3075 4967
257 293 319 358 300
600 293 715 345 suncti
735 291 872 345 Hilarii
891 291 1052 359 episcopi

255 485 292 548 in
332 497 470 558 cerne:
509 501 578 547 cum
617 501 742 546 consum
780 481 812 544 in
850 479 900 544 his
938 479 1160 563 exordiumque
1206 480 1325 560 peccati
1362 500 1398 542 eu

255 607 290 650 ee
314 587 391 667 ipso,
416 587 501 670 quod
523 585 555 650 in
579 605 672 650 cerne
696 604 753 650 sus
777 605 832 665 per
852 584 1031 649 instinctum
1056 583 1236 664 proditionis
1259 592 1397 664 peccunt.

254 691 285 754 id
309 699 355 755 est
379 691 417 754 de
440 701 567 770 peccato
591 689 694 754 earnis
717 696 878 768 peccatum
901 689 932 751 in
957 707 1051 752 cerne
1074 689 1268 753 condemnet

298 794 348 859 ⁶25.
374 795 472 860 Tenet
494 794 598 878 iteque
622 793 735 858 diuirue
760 792 999 873 dispensationis
1029 792 1169 856 ordinem
1199 791 1397 872 propheticus

215 927 226 960 s
255 919 355 964 sermo
380 905 410 963 et
433 897 665 983 euangeliorum
689 917 785 978 opera
808 897 992 960 adumbrate
1016 915 1085 960 esse
1108 916 1163 976 per
1195 895 1297 980 legem
1321 896 1397 976 ipsis

253 1003 313 1067 iilis
326 1001 404 1085 legis
417 1003 562 1082 operibus
575 1001 732 1066 declaret·
766 1000 863 1066 mults
875 1000 959 1065 enim
972 1000 1157 1083 plerumque
1167 1019 1223 1079 per
1236 997 1397 1065 nominum

253 1107 456 1187 proprietates
479 1107 522 1171 its
545 1125 692 1186 expresse-
722 1113 815 1188 etque
849 1103 987 1169 obsolute
1023 1113 1102 1180 sunt
1135 1111 1170 1169 ut
1202 1125 1263 1168 nen
1294 1105 1398 1188 megis

253 1209 400 1294 gerendis
422 1211 455 1274 in
479 1229 617 1290 presens
640 1210 740 1290 potius
760 1228 856 1292 quum
871 1208 904 1272 in
920 1208 1058 1272 futurum
1074 1207 1288 1291 significandis
1303 1208 1398 1272 rebus

252 1315 383 1394 inpense
406 1314 481 1378 sint:
505 1321 539 1378 ut
560 1333 642 1378 nune
665 1319 735 1394 post
764 1319 866 1376 tentes
896 1333 933 1376 ae
964 1320 1027 1377 teni
1057 1312 1238 1376 manifestus
1261 1331 1399 1395 euange-

202 1449 225 1484 ιο
253 1417 318 1482 licae
342 1418 408 1498 spei
431 1418 666 1498 predicet-iones
690 1415 780 1482 ultius
810 1417 961 1499 quiddam
992 1416 1079 1480 nobis
1110 1423 1140 1480 et
1171 1415 1252 1480 ultre
1276 1417 1399 1480 surium

252 1541 378 1588 sensum
402 1523 503 1587 sdiert
525 1522 683 1586 subiectus
706 1522 780 1585 ordo
803 1521 972 1586 dictorum:
996 1521 1100 1584 dixit
1127 1521 1328 1586 deminus:
1353 1541 1400 1584 ex

252 1627 382 1690 Basen
418 1633 637 1691 conuerter
661 1627 699 1690 in
723 1626 967 1706 profundum
992 1625 1125 1690 muris.
1168 1625 1291 1689 uidetur
1315 1626 1400 1689 euim

252 1728 304 1794 hie
326 1750 426 1794 sermo
458 1731 572 1794 domiui
604 1731 708 1800 fuisse,
740 1749 811 1794 eum
844 1730 881 1793 ud
914 1729 1117 1794 diuidendum
1148 1729 1187 1793 ed
1216 1729 1276 1793 iter
1311 1749 1401 1794 mere

251 1836 500 1918 ererendsmque
523 1835 554 1898 in
579 1833 703 1898 Phereo
727 1834 803 1898 iram
828 1843 876 1898 est
898 1853 1075 1898 conuersus.
1120 1833 1175 1898 sed
1190 1832 1345 1916 numquid
1361 1853 1402 1898 ex

200 1968 224 2004 ιι
256 1939 354 2002 Busan
385 1957 571 2003 conuersum
602 1959 672 2002 eum
708 1958 779 2002 esse
801 1937 849 2002 lex
873 1935 999 2002 docuit?
1044 1958 1106 2003 non
1128 1937 1244 2020 utique.
1291 1938 1400 2002 Busan

250 2061 324 2106 uero
348 2050 394 2106 est
417 2042 525 2107 ciuitas
561 2041 680 2107 hostilis
714 2043 874 2126 quondum
908 2042 1006 2124 regui.
1042 2062 1111 2125 quae
1146 2041 1203 2106 fuit
1232 2040 1282 2122 Og
1310 2042 1401 2125 regis

251 2145 416 2225 habiteti0;
451 2147 506 2211 sed
535 2145 746 2226 interpretatio
776 2146 911 2210 nominis
942 2147 1087 2226 pudorem
1118 2145 1401 2228 confusionemque

250 2250 411 2334 significet.
432 2243 435 2248 ’
457 2257 557 2330 petest
579 2251 704 2334 quidem
720 2243 887 2326 uiderint
901 2271 938 2315 eu
954 2251 1069 2330 pudore
1084 2249 1189 2330 populi
1203 2249 1235 2313 in
1247 2249 1401 2333 Aegypto

251 2355 423 2432 seruientis,
455 2373 524 2419 cum
556 2355 721 2435 depressus
745 2375 763 2418 u
786 2353 910 2418 Pherae
939 2355 1041 2434 ipsum
1071 2353 1157 2418 ilium
1187 2355 1401 2418 eenserusndi

199 2485 223 2522 ιο
250 2458 465 2541 educendique
490 2451 613 2542 generis
632 2453 806 2522 libertatem
823 2457 1019 2540 perdidisset,
1042 2459 1074 2521 in
1089 2457 1276 2537 profundum
1288 2459 1401 2524 maris.

250 2561 281 2626 id
304 2570 352 2628 est
374 2563 413 2626 sd
438 2562 589 2627 liberandi
612 2561 718 2643 populi
741 2562 789 2626 sui
812 2562 1076 2646 magnificentium
1099 2562 1176 2626 deus
1206 2569 1289 2626 esset
1321 2583 1399 2628 con-

250 2686 367 2732 uersus.
413 2667 468 2732 sed
492 2667 545 2749 qui
569 2668 742 2730 seeundum
773 2667 947 2747 proximum
979 2666 1051 2732 huie
1081 2665 1238 2747 psalmum
1268 2666 1399 2732 dixerit:

250 2768 453 2848 seluemo,
478 2771 585 2846 deus,
610 2770 799 2852 quonium
830 2771 1096 2836 intrauerunt
1125 2789 1236 2854 eques
1265 2790 1399 2855 usque

292 2927 529 2993 23Ps.LxV111,
548 2929 564 2978 2
583 2944 623 2995 sq.

295 3102 390 3154 lcum
403 3116 514 3155 eausam
528 3101 600 3152 -in
613 3117 753 3154 cerneum.
769 3102 795 3154 V
843 3053 1037 3155 ‘denudemust
1050 3102 1192 3157 corum?
1207 3103 1231 3155 V
1281 3107 1397 3157 diener

249 3205 279 3240 eu:
296 3191 375 3240 teneo
394 3186 499 3240 new
549 3187 766 3255 despensatidnis
790 3189 815 3239 V
864 3189 962 3269 dpeir
979 3208 1046 3243 corr.
1064 3209 1097 3243 m.
1119 3190 1177 3243 lV
1225 3192 1314 3258 6per
1333 3193 1397 3244 add.

248 3310 281 3344 m.
309 3288 329 3343 2
358 3291 380 3343 V
430 3293 641 3360 'Iproprietutis
675 3292 700 3344 V
750 3309 895 3360 expresses
923 3294 949 3345 P
999 3295 1062 3347 ets
1088 3312 1160 3363 supr.
1186 3311 1236 3347 scr.
1264 3311 1298 3346 m.
1331 3295 1346 3346 l
1370 3295 1397 3348 R

251 3381 282 3430 10
299 3377 512 3446 praedicationis
531 3379 630 3432 uletius
649 3379 762 3446 quidam
786 3379 811 3431 V
863 3381 890 3431 ll
913 3380 1050 3434 subiectus
1068 3381 1093 3434 1⁷
1145 3383 1177 3434 12
1196 3386 1397 3434 conuerteret

248 3472 397 3518 conuertur
415 3483 447 3516 m.
467 3463 486 3516 2
509 3464 535 3517 V
550 3471 697 3518 conuertur
716 3471 864 3520 conuerter
882 3467 962 3518 PTE
1012 3466 1095 3520 muris
1113 3485 1162 3520 om.
1188 3466 1286 3536 (spatie
1312 3485 1397 3522 uacuo

247 3604 293 3656 rel.
303 3603 340 3669 P)
351 3605 401 3655 PT
455 3606 487 3657 13
505 3551 610 3686 ddr'nimi
628 3621 718 3657 sermo
730 3605 755 3657 V
793 3605 1002 3675 postfuissedel.
1015 3599 1170 3659 dinn2V
1223 3606 1260 3660 ed
1268 3553 1396 3664 diuiden-

248 3705 313 3760 dum
329 3707 366 3794 ἒξ
386 3706 472 3771 (alter.
492 3707 526 3760 ad
535 3718 606 3777 port.
619 3707 700 3772 eras.)
720 3709 745 3793 Id
801 3711 833 3761 14
851 3708 1127 3804 exhereudemqueP
1176 3711 1206 3763 in
1224 3711 1302 3763 fureo
1321 3711 1399 3763 VRP

247 3832 346 3880 estem.
363 3827 411 3880 VR
463 3827 673 3896 sedunumquid
692 3829 715 3880 V
771 3829 801 3882 16
819 3831 957 3884 estomR
1012 3830 1130 3898 quodem
1148 3831 1173 3883 V
1223 3830 1275 3884 fuit
1284 3833 1394 3901 graecis

247 3915 273 3966 rt
291 3913 344 3968 suit
361 3914 484 3982 inzoc,
512 3917 542 3983 (g
560 3934 590 3968 er
608 3915 633 3980 c)
661 3917 734 3984 regis
753 3916 780 3968 P
801 3917 835 3985 cf.
855 3919 936 3970 deod.
952 3938 980 3988 p.
1000 3917 1040 3970 22
1096 3920 1128 3970 17
1152 3918 1336 3986 interprsetio
1361 3916 1394 3971 V¹

249 4004 280 4054 19
298 4001 448 4054 seruientes
467 4001 493 4053 P
543 4019 559 4053 a
578 4002 653 4054 seruo
672 4003 747 4054 VRP
798 4005 832 4057 20
851 4004 1023 4071 perdidissed
1042 4004 1070 4057 id
1089 4005 1118 4057 in
1137 4005 1162 4058 V
1175 4005 1346 4073 perdidisset
1365 4004 1394 4057 id

501 4091 510 4124 ι
650 4089 651 4094 ,

246 4140 275 4192 in
295 4140 320 4191 R
371 4141 404 4192 21
425 4139 499 4194 ides
526 4157 592 4194 corr.
611 4159 643 4194 m.
663 4140 682 4192 2
703 4142 728 4192 V
781 4149 853 4195 esset
877 4143 951 4210 Vos.
979 4144 1073 4197 Hurtel
1098 4143 1183 4209 Lucis.
1208 4163 1237 4212 p.
1264 4141 1322 4196 376
1351 4149 1393 4197 est

247 4225 323 4278 RPT
341 4225 376 4278 sit
395 4227 423 4277 E
473 4227 507 4279 23
526 4235 568 4295 sq.
587 4245 673 4298 usque
693 4243 797 4318 usquee
814 4246 880 4282 corr.
899 4247 932 4282 m.
952 4229 980 4284 ⁶).
1003 4230 1034 4284 1³.
