3075 4967
434 332 613 380 tractatus
632 326 667 379 in
686 326 857 392 psalmum
876 324 997 380 CXVIII.
1223 328 1286 393 467

184 638 390 720 Quomodo
425 638 550 704 dilexi
585 637 717 723 legem
751 646 868 714 tuem,
892 638 1069 703 domiue!
1104 645 1188 704 tota
1223 641 1287 705 die

140 742 357 808 meditatio
381 754 443 809 est
466 741 575 807 mibi.

186 846 214 912 1.
238 846 324 913 Utile
347 845 408 913 hoc
430 846 519 912 nobis
543 864 580 912 uc
603 845 814 913 necessarium
837 844 996 927 propheta
1019 866 1097 929 opus
1119 854 1174 927 est
1204 848 1287 935 quod

140 952 180 1017 ad
216 952 388 1032 perlectam
422 952 471 1017 dci
507 950 715 1035 cognitionem
748 960 841 1034 atque
870 950 1088 1016 obeditionem
1111 953 1285 1017 edocemur.
1326 981 1338 1016 a

140 1054 261 1121 duabus
285 1056 379 1121 rebus
402 1056 536 1121 maxime
559 1054 731 1120 infirmitati
766 1061 879 1120 nostrae
913 1056 1060 1139 congruis
1082 1055 1228 1122 instituit:
1252 1063 1286 1123 ut

139 1166 170 1226 et
192 1160 297 1237 deum,
321 1160 373 1243 qui
397 1159 558 1244 ignoratus
582 1159 630 1238 sit,
654 1160 832 1225 nouerimus
854 1164 885 1226 ot
907 1159 1063 1224 mandatis
1086 1159 1152 1225 eius
1176 1179 1286 1226 secun·

139 1263 215 1329 dum
246 1263 438 1329 uoluntatem
472 1263 587 1329 decreti
622 1263 670 1328 sui
704 1264 962 1348 obtemperemus.
1007 1263 1178 1345 perlectum
1201 1265 1285 1329 enim

138 1366 226 1453 legis,
261 1366 484 1451 prophetarum
520 1376 550 1433 et
584 1367 817 1453 euangeliorum
849 1366 950 1433 uirum
985 1368 1017 1432 in
1051 1369 1134 1433 omni
1173 1368 1283 1450 psalmi

138 1472 227 1537 istius
263 1492 391 1556 corpore
424 1469 577 1553 propheta
607 1471 780 1537 conformat
802 1470 853 1537 uel
876 1492 914 1537 ex
936 1492 993 1537 sua
1014 1470 1065 1537 uel
1088 1471 1283 1551 exoberius,
1311 1500 1336 1537 ιο

139 1595 234 1660 quem
269 1576 416 1655 instituat,
439 1595 578 1658 persona,
612 1576 660 1641 cui
697 1576 729 1640 in
762 1576 878 1641 fidncia
911 1576 959 1653 sit
994 1575 1062 1642 haec
1086 1577 1124 1641 ds
1147 1596 1189 1654 se,
1213 1597 1283 1661 quae

138 1679 278 1747 subiecta
300 1686 380 1757 sunt,
404 1680 583 1762 praedlcaxe.
630 1685 677 1746 est
699 1686 802 1746 autem
818 1681 949 1765 dignum
972 1681 1119 1758 contueri,
1136 1701 1198 1765 quo
1213 1701 1282 1747 uer·

137 1784 250 1849 borum
274 1782 441 1869 diligentia,
465 1804 527 1869 quo
549 1783 769 1869 intellegentia
792 1784 986 1851 absolutione
1009 1804 1065 1850 nos
1088 1786 1120 1851 in
1150 1785 1282 1871 singulis

138 1888 315 1972 quibusque
338 1889 488 1955 dictorum
514 1889 682 1973 generibus
706 1887 857 1971 propheta
878 1888 1050 1955 confirmet.

181 1992 210 2057 2.
236 1992 319 2059 Dicit
343 1994 426 2059 euim
449 1994 480 2058 in
515 1994 612 2059 textiae
646 1994 776 2059 decimae
808 1992 918 2059 littera
940 2014 1049 2059 uersu:
1084 1994 1280 2077 quomodo
1308 2018 1333 2055 ιε

137 2096 266 2163 dilexi
289 2097 422 2182 legem
445 2106 559 2173 tuam,
584 2098 756 2162 domine!
788 2104 872 2163 tota
895 2098 959 2163 die
981 2098 1197 2163 meditatio
1220 2107 1281 2163 est

137 2200 245 2266 mihi.
290 2209 469 2283 promptum
492 2202 599 2287 utique
621 2201 723 2269 fuerat
747 2202 877 2268 dixisse:
908 2203 1064 2285 quomodo
1094 2200 1154 2267 leci
1178 2201 1282 2287 legem

136 2306 237 2370 tuam!
280 2306 338 2376 ¹sed
361 2307 435 2390 quia
457 2307 558 2372 maius
581 2306 726 2371 meritum
761 2312 819 2384 est,
854 2312 1011 2371 amantem
1041 2304 1158 2390 aliquid
1181 2306 1281 2387 potius

136 2428 231 2493 agero
255 2430 349 2494 qnam
371 2412 542 2489 timentem,
564 2410 680 2477 idcirco
704 2410 761 2475 ait:
794 2417 835 2476 ut
857 2408 985 2475 dilexi
1008 2409 1140 2495 legem
1164 2417 1280 2476 tuam.

136 2511 239 2579 differt
262 2513 343 2579 enim
367 2514 459 2599 longe
475 2514 659 2598 obsequium
674 2515 789 2580 amoris
805 2535 823 2579 a
837 2514 956 2579 timoris
972 2512 1090 2593 officio;
1113 2534 1171 2581 nec
1187 2514 1281 2581 babet
1308 2540 1333 2578 o

136 2618 271 2701 gratiam
301 2617 466 2685 uoluntatis
500 2618 693 2685 necessitatis
728 2619 873 2700 operatio.
918 2638 978 2683 non
1009 2618 1113 2684 omnia
1135 2619 1218 2685 euim
1241 2620 1281 2685 ad

136 2721 262 2802 perfecti
282 2722 422 2807 obsequii
438 2722 737 2788 consummationem
751 2723 811 2788 sibi
826 2722 880 2788 illa
894 2722 1058 2803 sufiiciunt¹
1077 2742 1154 2807 quae,
1172 2743 1279 2808 quam-

135 2826 183 2891 uis
206 2846 283 2907 opus
307 2846 397 2891 suum
420 2826 565 2908 inpleant,
589 2832 701 2905 tamen,
725 2827 798 2910 quia
820 2832 926 2893 coacta
948 2833 1028 2905 sunt,
1051 2827 1161 2892 merito
1180 2827 1279 2909 plene

137 2930 246 3014 gratim
268 2930 418 3015 indigent.
463 2929 529 2995 uult
561 2930 656 3015 igitur
689 2929 842 3012 propbeta
876 2951 953 3013 opus
987 2952 1077 2997 suum
1106 2930 1278 2999 dilectionis

136 3033 236 3115 potius
259 3054 354 3119 qnam
377 3034 503 3101 terroris
527 3053 604 3112 asse,
629 3042 659 3100 et
682 3056 719 3100 ex
742 3036 870 3101 caritate
893 3036 1079 3119 obsequium
1094 3056 1193 3115 suum,
1215 3056 1278 3102 non
1305 3060 1330 3099 aa

137 3158 172 3204 ex
194 3146 281 3205 metu
301 3139 424 3220 suscipi.
470 3138 557 3205 multi
574 3139 719 3219 ieiunant,
744 3140 818 3204 dnm
835 3140 957 3206 anobis
980 3140 1137 3225 obiurgari
1160 3141 1278 3207 timent.

137 3242 221 3309 multi
245 3242 362 3328 aliquid
392 3243 423 3307 in
454 3263 545 3309 usum
568 3242 776 3327 indigentium
811 3245 958 3325 prebent,
994 3244 1068 3309 dnm
1102 3244 1276 3325 exprobrari

136 3345 343 3432 inreligiosum
367 3347 503 3412 nutritiae
527 3367 590 3413 suae
615 3358 644 3413 et
666 3346 810 3413 inutilem
833 3347 1033 3429 cupiditatem
1045 3348 1277 3429 pertimescunt.

138 3450 220 3517 multi
243 3450 409 3517 ecclesiam
439 3452 562 3527 adeunt
593 3452 668 3516 dum
699 3452 787 3535 argui
810 3452 984 3517 absentiam
1007 3471 1096 3517 suam
1119 3456 1151 3517 ot
1172 3450 1277 3536 negle-

137 3556 272 3638 gentiam
307 3556 501 3623 erubescunt.
548 3556 605 3621 sed
638 3576 699 3621 non
738 3575 846 3621 omnes
884 3557 925 3632 id,
963 3557 1046 3641 quod
1084 3555 1210 3631 faciunt,
1245 3548 1284 3622 et'
1304 3576 1329 3615 so

178 3721 385 3790 lMenlllV
432 3724 499 3778 dut
525 3722 614 3778 dilexi
639 3724 698 3777 lul.
721 3723 769 3777 VC
819 3723 1005 3778 BmeaeG
1054 3711 1278 3793 dquoadpE

137 3808 378 3879 5perseotumV
436 3810 577 3865 dduabus
603 3826 652 3864 nos
671 3810 753 3866 rebus
769 3810 806 3881 pb
868 3810 995 3864 maximis
1019 3810 1045 3862 V
1093 3808 1216 3864 instituti
1240 3809 1275 3864 Vc

137 3897 231 3951 ‘laius
255 3916 285 3951 ea
302 3896 347 3951 ius
364 3894 437 3951 m.2
461 3897 486 3951 V
534 3898 792 3966 doptemperemus
815 3897 863 3951 VO
911 3898 975 3950 liet
992 3896 1191 3966 prophetarum
1214 3896 1277 3967 VCp

137 3983 230 4050 psalmi
242 4002 314 4055 supr.
326 4000 375 4037 ser.
389 4000 421 4037 m.
435 3982 452 4035 1
465 3983 491 4037 R
545 3986 578 4039 10
596 3982 740 4037 confirmat
754 3984 807 4055 Ope
862 3986 892 4037 11
907 3981 1103 4038 ouiliduoiat'
1153 3984 1278 4052 liprce·

137 4068 258 4125 dicaret*
299 4072 333 4125 18
342 4069 554 4125 obsoletioneV
597 4068 785 4124 lleonlirmat
790 4088 812 4141 p
857 4071 890 4125 18
899 4069 1089 4161 meritatildC
1130 4070 1243 4139 aliquod
1258 4070 1281 4123 l'

138 4191 168 4243 17
185 4192 264 4246 multi
282 4192 358 4282 euim
382 4192 488 4261 aliquid
512 4210 579 4247 corr.
603 4210 636 4245 m.
661 4190 682 4244 2
703 4158 735 4245 Ι17
801 4192 835 4246 29
860 4190 989 4246 eclesiam
1019 4192 1226 4247 Vsoolaesiam
1252 4192 1278 4245 R

140 4312 293 4368 aecclesiam
308 4332 330 4385 p
383 4316 418 4368 30
435 4331 491 4368 non
508 4331 556 4368 om.
581 4314 610 4367 V.

1070 4402 1121 4473 so*
