3075 4967
406 272 587 321 tractatus
612 270 646 321 iu
671 269 844 337 psalmum
870 272 904 323 11.
1189 271 1226 333 41

125 440 256 520 ὶηειηῑειῖ)
294 456 537 522 adstiterunt
582 478 703 543 rages
749 468 885 534 tarra,
938 467 978 525 et
1020 462 1232 543 principes

123 567 359 624 conuenerunt
381 561 419 625 in
443 582 562 626 unum
585 562 625 626 id
648 564 779 643 ipsum
803 564 1004 629 aduersus
1027 566 1231 631 donrinnrn

119 664 342 729 eladuersns
369 664 581 730 Christum
613 668 718 731 eius.
749 677 1030 733 conuenerunt
1060 670 1162 733 enirn
1193 671 1232 733 in

118 768 264 833 ueritate
295 770 332 832 in
366 769 538 834 ciuitate
568 771 651 835 ista
681 771 880 836 aduersus
911 780 1094 837 sanetum
1125 780 1232 837 tunm

26 870 27 879 ’
115 869 224 935 lilium
256 872 395 939 lesum.
430 894 544 957 quern
575 877 741 951 unxisti,
774 876 957 942 Herodes
991 884 1029 941 et
1062 877 1271 943 Pontinsa

113 974 244 1041 Pilatus
273 984 309 1041 et
339 976 514 1059 populus
545 978 707 1045 Israhel
737 978 886 1049 faeere.
917 987 1067 1063 quanta
1092 1000 1232 1046 manus

112 1086 163 1141 ruo
182 1088 212 1145 et
233 1082 448 1145 eonsilium
471 1084 731 1164 praesoripsit
753 1083 859 1149 sieri.
883 1091 918 1148 et
939 1104 1048 1165 nuno,
1071 1087 1231 1163 domine,

111 1185 248 1263 respice
283 1186 321 1250 in
361 1187 491 1251 ruinas
530 1192 673 1264 eorum,
709 1196 748 1251 et·
782 1188 830 1252 da
863 1190 998 1253 seruis
1033 1189 1114 1253 tuis
1148 1210 1231 1254 ounr

111 1288 194 1352 orani
215 1288 369 1354 liduoia
392 1289 503 1372 loqui
526 1292 693 1355 uerbum
717 1299 832 1356 tuum.
869 1312 929 1355 non
953 1313 1027 1378 ergo
1050 1293 1231 1377 ambiguum

112 1396 154 1465 est,
174 1393 241 1473 quid
263 1400 347 1457 tanto
370 1395 523 1458 anteriore
547 1400 687 1475 tempore
710 1395 880 1476 prophetiae
902 1397 1041 1477 psalmus
1052 1397 1230 1466 «tetenderit,
1261 1428 1284 1461 a

112 1512 167 1557 nam
188 1498 322 1576 permixti
348 1504 412 1561 tum
436 1497 495 1563 sibi
517 1499 549 1562 in
574 1498 698 1563 Herode
714 1505 806 1582 atque
820 1499 919 1565 Pilato
936 1506 1046 1585 gent-es
1062 1502 1231 1567 frementes

111 1608 134 1660 et
149 1600 239 1680 populi
261 1622 339 1665 uana
363 1603 549 1667 meditantes
583 1604 613 1667 in
638 1623 733 1667 unum
757 1624 827 1669 oum
850 1606 928 1684 ipsis
958 1606 1021 1670 suis
1052 1606 1179 1689 regibus
1202 1619 1233 1670 et

110 1704 272 1785 principibus
294 1707 487 1771 adstiterunt.
511 1708 668 1771 communi
691 1709 776 1771 eninr
800 1715 831 1772 ot
853 1710 994 1788 praetoris
1017 1716 1048 1773 et
1071 1709 1231 1775 tetrarchae

110 1806 249 1873 iudiciuin
273 1811 434 1875 dominum
457 1810 640 1875 confirmata
664 1812 872 1876 harenationis
896 1821 942 1876 est
966 1814 1079 1893 passio.

143 1910 166 1975 6.
195 1911 232 1975 Et
253 1915 379 1997 quidem
414 1912 581 1998 diligenter
615 1917 786 1981 seeundum
821 1915 1033 1997 prophet-ioum
1069 1918 1230 1982 seientiam
1259 1946 1285 1982 aa

111 2015 248 2099 anianique
276 2020 385 2103 generi
408 2025 440 2084 et
462 2020 580 2084 nomini
615 2019 808 2103 singulorum
842 2039 1036 2103 quomurque
1065 2020 1230 2086 narbomrn

109 2123 147 2180 est
165 2124 322 2201 proprietas
345 2128 499 2203 coaptata:
534 2131 569 2188 ut
603 2129 712 2207 gentes
747 2124 936 2198 fremuerint,
959 2125 1091 2205 inperito
1114 2124 1232 2190 seilicet

109 2228 177 2287 notu
206 2226 418 2310 inoonditoque
452 2233 624 2305 commotae,
660 2229 708 2293 dei
742 2228 840 2292 filiurn
865 2229 895 2292 in
920 2248 1047 2309 eorpore
1070 2234 1232 2293 cernentes

109 2330 132 2389 ot
149 2328 302 2396 audientes,
349 2350 416 2413 quae
449 2352 548 2415 usque
582 2332 658 2396 adeo
692 2332 892 2408 sremnemnt
925 2339 959 2397 ut
992 2353 1103 2397 corona
1125 2334 1233 2413 spinea

109 2436 309 2513 eonpumerint
332 2443 419 2501 ueste
441 2438 527 2520 regia
551 2437 692 2500 indutum
708 2434 890 2501 salutatione
906 2442 1000 2519 atque
1015 2436 1132 2502 honore
1146 2438 1231 2522 regis
1259 2468 1283 2501 ²⁰

108 2532 252 2617 inluserint
273 2539 445 2605 harundine
469 2546 561 2621 eaput
583 2540 786 2616 contuderint,
810 2548 945 2606 aeetoao
961 2539 1033 2605 felle
1047 2542 1229 2621 potauerint

110 2635 195 2705 laneea
216 2642 291 2733 latus
314 2644 456 2709 foderint.
503 2644 614 2709 eohors
637 2646 719 2709 enim
752 2643 883 2709 militum
907 2644 1006 2709 Pilato
1037 2646 1227 2710 subditorum

110 2760 139 2805 er
157 2744 268 2812 fremitu
287 2750 342 2813 irae
365 2750 600 2831 intemperantis
624 2748 691 2813 hara
714 2735 820 2832 gessit

142 2848 166 2913 7.
185 2848 321 2931 Populi
345 2860 449 2919 autern
482 2854 619 2918 inania
654 2852 843 2917 meditati
878 2862 971 2917 sunt
1004 2853 1037 2917 id
1068 2859 1115 2917 est
1145 2854 1228 2917 inani

107 2950 130 3012 in
149 2952 280 3021 doetrinis
304 2958 354 3021 dei
376 2958 574 3021 meditatione
590 2958 712 3033 uersati,
735 2977 806 3022 cum
829 2977 885 3037 per
901 2958 1133 3021 meditationem
1147 2956 1227 3040 legis
1256 2984 1282 3021 aa

108 3074 155 3119 non
181 3060 385 3141 intellexerint,
420 3064 472 3145 qni
506 3062 731 3143 predicabatur
765 3065 795 3126 irr
828 3061 906 3146 lege.
956 3063 1019 3127 iarn
1051 3063 1133 3127 eninr
1164 3068 1229 3126 turn

109 3178 156 3224 uon
186 3172 295 3229 tantum
329 3186 366 3230 ex
400 3166 452 3230 illu
490 3168 659 3231 seeundum
697 3186 822 3231 earnem
857 3165 994 3230 Abrahae
1031 3168 1230 3250 generatione

110 3282 252 3351 synagoge
285 3270 413 3351 populus
436 3271 620 3347 abundabat,
644 3271 699 3335 sed
734 3291 769 3334 er
805 3270 910 3335 multis
944 3270 1084 3353 populis3
1115 3271 1146 3334 in
1169 3290 1230 3333 nno

109 3365 208 3435 lsrahel
230 3374 327 3454 populi
352 3377 476 3439 nomine
512 3374 675 3439 nrultorurn
701 3374 884 3455 populorum
907 3376 1071 3440 diuersitas
1095 3375 1229 3439 contine·

142 3562 196 3615 aid
214 3564 300 3631 ipsum
317 3586 366 3619 rau.
387 3567 442 3619 RE
498 3569 514 3621 3
530 3576 588 3635 poet
606 3565 665 3619 eius
685 3566 710 3617 R
728 3568 751 3618 lr.
771 3566 787 3618 l.
807 3568 890 3635 inepte
908 3569 985 3619 etiam
1003 3584 1070 3618 uera.
1088 3567 1115 3616 :a
1132 3568 1231 3633 psalmi

109 3648 205 3701 uliurrtr'r
221 3650 391 3721 disrr'rpamus
404 3653 514 3707 uincula
530 3658 596 3707 eord
612 3658 640 3707 et
659 3651 804 3723 (piciamus
817 3669 833 3706 a
845 3652 925 3706 nobis
940 3652 1007 3717 iuge
1024 3650 1119 3720 ipsnrsr
1172 3656 1188 3705 7
1204 3654 1229 3706 ei

109 3734 269 3790 consiliamll
335 3740 516 3808 praesoribsit
539 3741 588 3792 VR
640 3738 788 3794 8illorum
808 3740 862 3791 RE
913 3738 1023 3791 domni
1047 3736 1184 3792 fiduonoia
1200 3758 1231 3793 ex

109 3822 185 3875 omnib
196 3822 340 3880 liduouoiae
353 3826 419 3879 aa?
436 3828 462 3881 V
505 3829 537 3882 10
549 3826 685 3895 profetiae
702 3827 727 3881 V
771 3826 902 3893 lladque
917 3826 966 3879 VR
1012 3828 1044 3879 ln
1056 3825 1229 3894 principibus

109 3909 269 3977 etregibusE
302 3916 333 3967 13
345 3912 524 3967 tetrachaeV
569 3913 745 3967 ltindr'rol'
791 3912 824 3964 16
833 3912 975 3965 seientiam
985 3930 1043 3981 sup.
1053 3902 1234 3966 lin.orrr.?V

110 3992 134 4043 19
162 4012 244 4065 quaeq
271 3999 294 4051 R
319 4016 401 4068 queq.
432 4000 458 4053 V
525 4016 611 4067 usque
644 3999 678 4053 ad
706 3998 752 4052 dria
785 3999 811 4051 V
877 4000 913 4051 20
939 3996 1029 4066 adque
1069 4000 1094 4053 V
1123 4000 1177 4067 adq
1204 4000 1230 4053 R

108 4076 420 4155 honomap.tin.am.?
437 4088 462 4140 V
505 4088 538 4140 21
553 4085 640 4154 capud
661 4086 709 4139 Vll
753 4088 789 4138 24
806 4086 887 4139 idest
904 4085 998 4139 inania
1013 4086 1038 4138 V
1080 4087 1233 4139 25eurnE

110 4166 135 4217 ld
150 4168 333 4227 intellexerunt
352 4174 379 4225 E
438 4176 471 4227 Ἢ
489 4190 544 4225 nnn
572 4192 628 4243 sup.
648 4174 692 4225 lin.
717 4172 741 4224 l'
800 4178 909 4225 tanturn
936 4191 965 4224 ar
991 4177 1070 4225 tanto
1094 4190 1127 4224 m.
1157 4172 1176 4223 ί)
1209 4174 1233 4226 V

110 4249 223 4311 hnlrrnlrae
242 4260 265 4311 ll
315 4262 348 4313 29
365 4258 481 4313 istrahel
506 4261 533 4313 l'.
