3075 4967
315 284 379 349 834
653 289 772 341 sancti
794 288 930 342 Hilarii
954 285 1117 356 episcopi

313 474 434 540 infinita
470 477 595 559 quidem
631 482 677 542 est
711 478 863 543 memoria
897 484 927 543 et
960 477 1150 542 abundantia
1183 480 1352 558 suauitatis,
1383 482 1441 564 quia

254 572 256 579 ’
313 597 515 663 nequaquam
538 582 614 645 deus
637 588 691 645 aut·
712 581 902 647 obliuiscitur
933 601 1002 647 esse
1034 583 1138 647 suauis
1168 588 1221 647 aut
1242 584 1371 663 desinit;
1397 587 1442 649 sed
1521 605 1522 682 t

312 682 497 749 infinitatem
521 685 680 750 memoria
703 692 796 770 atque
818 687 1017 776 abundantiae
1038 687 1155 751 iustitia
1176 687 1336 754 interiecta
1350 689 1441 753 moda·
1521 703 1522 708 ’

312 792 405 852 ratur.
450 789 627 854 moderatur
643 794 746 855 autem
768 809 831 854 non
854 791 1014 871 praebendi
1034 791 1135 869 modo,
1159 793 1216 857 sed
1229 793 1351 857 utendi:
1374 792 1442 860 dun.

273 912 286 949 s
314 891 396 975 quod
419 913 475 972 per
498 894 720 958 abundantiam
744 899 775 958 et
797 894 981 960 memoriam
996 893 1046 960 dei
1062 914 1187 977 semper
1201 896 1301 979 aquis
1315 896 1442 960 omnibus

311 989 460 1077 patet'id
483 996 522 1060 ab
553 997 666 1081 iniquis
696 997 800 1062 utendi
831 998 1017 1081 indignitate
1047 1018 1110 1062 non
1138 999 1266 1079 capitur.
1310 1000 1442 1065 sanctitas

312 1100 361 1165 dei
384 1100 442 1165 iter
465 1101 575 1183 populo
599 1120 653 1167 suo
676 1100 777 1166 diuiso
798 1102 877 1166 mari
906 1103 1052 1182 praebuit;
1083 1105 1137 1168 sed
1169 1104 1278 1167 eadem
1309 1104 1443 1169 sanctitas

311 1209 342 1269 et
364 1202 510 1268 terribilis
534 1204 594 1269 fuit
614 1205 719 1282 uirtus,
743 1224 815 1270 cum
838 1206 990 1290 ingressis
1012 1205 1044 1270 in
1067 1206 1170 1290 ipsum
1192 1208 1250 1271 iter
1264 1207 1380 1291 impiis,
1398 1207 1442 1272 ubi

310 1306 411 1371 dierat
433 1307 515 1372 salus
538 1306 762 1392 religiosorum,
785 1309 828 1374 ibi
852 1328 943 1389 poena
965 1310 1102 1375 constitit
1117 1310 1291 1391 impiorum.
1325 1312 1442 1376 circum·

258 1430 284 1468 1⁰
311 1419 395 1477 stant
410 1412 486 1477 alios
502 1412 649 1478 firmitate
670 1414 752 1478 muri
774 1413 912 1493 solidatae
926 1414 1034 1491 undae3
1057 1412 1134 1478 alios
1152 1414 1265 1479 refusa
1286 1415 1364 1497 ipsae
1384 1415 1441 1490 illa,
1521 1475 1522 1480 ,

310 1536 378 1601 quae
402 1517 612 1594 constiterant,
636 1516 811 1582 absorbent.
856 1518 894 1582 ad
925 1520 1001 1583 istos
1031 1517 1162 1601 pelagus
1192 1523 1335 1588 naturam
1367 1538 1441 1584 suan

308 1620 421 1699 nescit;
446 1620 503 1685 hos
526 1640 581 1702 per
603 1628 746 1686 naturam
769 1640 858 1686 suam
881 1620 976 1703 punit.
1021 1622 1060 1686 ad
1090 1622 1165 1686 istos
1195 1642 1231 1687 ex
1262 1623 1343 1686 mari
1372 1630 1441 1688 terra

309 1728 372 1802 eet;
406 1724 481 1803 istis,
516 1726 598 1808 quod
629 1730 701 1800 erat
735 1744 824 1789 mare
854 1730 911 1790 est.
957 1724 1070 1791 horum
1104 1724 1187 1791 salus
1220 1726 1369 1791 sanctitas
1388 1737 1440 1790 cst:

308 1826 422 1893 horum
461 1849 544 1894 mors
579 1841 678 1894 terror
712 1834 767 1894 est.
813 1835 865 1894 aut
899 1848 967 1895 cum
1001 1830 1100 1895 tribus
1134 1829 1238 1911 pueris
1268 1830 1300 1893 in
1331 1829 1440 1895 camino

257 1967 282 2003 ιε
309 1932 503 1998 cantantibus
526 1933 760 1999 circumstantes
783 1932 927 2009 flammis,
961 1954 1039 2017 quas
1061 1933 1106 1997 illi
1129 1953 1190 1998 non
1223 1933 1366 2011 sentiunt
1396 1934 1440 1998 ad·

308 2042 444 2115 uruntur,
467 2035 528 2102 illis
542 2038 575 2101 in
590 2037 670 2102 roris
685 2036 850 2103 humorem
872 2038 955 2122 ignis
978 2043 1176 2119 temperatur,
1199 2036 1255 2103 hos
1279 2045 1439 2103 exastuans

308 2141 390 2226 ignis
413 2141 562 2206 conburit.
608 2141 684 2222 ipsae
707 2142 789 2206 intus
812 2146 959 2224 extraque
981 2141 1116 2207 fiammae
1139 2148 1219 2219 aunt,
1243 2161 1372 2225 quarum
1393 2161 1438 2221 pro

308 2244 488 2311 diuersitate
510 2245 692 2310 maritorum
719 2250 750 2310 et
773 2245 918 2310 deficite
941 2252 1115 2323 sanatura,
1138 2265 1197 2311 nec
1220 2245 1333 2310 deficit
1375 2264 1457 2328 nan·

308 2350 390 2431 quod
414 2355 469 2427 ast,
493 2355 598 2414 manat
619 2368 693 2432 erga
724 2368 777 2414 eos
806 2349 890 2433 ignis
920 2368 998 2427 esse,
1021 2368 1098 2433 quos
1120 2350 1196 2427 urit;
1231 2355 1261 2413 et
1285 2350 1365 2432 quod
1386 2368 1437 2411 non

254 2482 280 2522 πο
308 2462 362 2533 est,
385 2472 514 2519 necesse
537 2452 637 2518 estin
661 2451 710 2517 his
733 2472 811 2530 esse,
840 2453 952 2537 quibus
974 2472 1025 2518 ros
1048 2459 1103 2518 est.
1148 2458 1241 2536 atque
1263 2453 1308 2517 ita
1329 2451 1437 2536 magni·

306 2557 445 2623 tudinem
469 2557 627 2622 memoriae
650 2563 681 2621 et
703 2547 875 2621 sanctitatis
891 2557 941 2621 dei
957 2556 1073 2621 iustitia
1096 2556 1161 2622 sola
1176 2556 1362 2634 moderatur,
1376 2574 1437 2620 cnm

305 2680 363 2741 per
384 2661 532 2726 iustitiam
555 2661 605 2726 dei
628 2661 666 2724 ad
689 2660 811 2744 iniquos
834 2667 927 2744 atque
956 2661 1053 2725 iustos
1076 2667 1108 2725 et
1131 2666 1280 2726 terrorem
1302 2663 1436 2725 sanctitas

306 2769 336 2829 et
358 2770 457 2829 terror
479 2770 631 2845 temperet
652 2764 855 2829 sanctitatem.

350 2869 399 2933 14.
423 2868 463 2932 Et
486 2869 602 2933 iustitia
624 2868 751 2952 quidem
776 2867 963 2951 [hominum]
987 2874 1072 2933 recta
1095 2874 1188 2952 atque
1206 2868 1290 2932 utitis
1305 2875 1367 2942 eet;
1388 2865 1435 2931 sed

253 3000 278 3039 aa
305 2978 407 3036 tamen
432 2974 542 3037 eadem
566 2972 633 3052 ipsa
653 2972 818 3056 aliquando
832 2973 977 3054 praedura
992 2978 1048 3047 est,
1070 2971 1114 3036 ita
1129 2978 1164 3035 ut
1178 2972 1237 3036 sibi
1251 2972 1296 3036 uti
1311 2971 1437 3036 bonitate

303 3095 365 3140 non
388 3075 488 3155 liceat,
512 3077 587 3141 dum
608 3096 664 3157 pro
687 3077 865 3142 diuersitate
881 3076 986 3141 iudicii
1001 3076 1208 3152 decernendo,
1232 3077 1314 3160 quod
1333 3076 1436 3140 iustum

303 3188 362 3263 est²
383 3180 419 3245 fit
442 3200 559 3245 seuera.
605 3182 662 3245 sed
685 3181 735 3245 dei
758 3180 875 3245 iustitia
888 3180 1012 3244 iustitiae
1028 3200 1088 3244 non
1105 3191 1280 3263 coequatur
1296 3179 1436 3244 humana.

302 3304 405 3368 neque
429 3286 511 3349 enim
535 3291 652 3349 naturae
675 3283 737 3368 legi
761 3283 885 3350 subdite
907 3291 962 3361 est
995 3304 1051 3364 per
1074 3302 1169 3366 quam
1192 3292 1239 3349 est
1259 3283 1310 3348 lex
1331 3287 1436 3347 stntrta

303 3394 434 3453 naturae:
465 3396 498 3453 ut
520 3390 741 3454 necessitatem
763 3408 823 3452 non
847 3387 961 3453 habeat
982 3389 1064 3453 bona
1087 3408 1149 3453 non
1172 3407 1249 3464 esse,
1272 3407 1343 3453 cum
1363 3387 1435 3450 iusta

250 3521 276 3559 ao
303 3492 350 3557 sit.
396 3491 492 3557 habet
514 3492 563 3556 dei
585 3491 703 3556 iustitia
725 3491 893 3557 miserandi
915 3490 1123 3570 uoluntatem;
1145 3511 1247 3575 neque
1270 3497 1373 3556 tamen
1386 3508 1436 3571 per

225 3606 230 3615 '
302 3596 472 3661 mtserandi
504 3594 695 3660 uoluntatem
718 3596 761 3659 ita
783 3616 810 3659 a·
824 3614 859 3659 se
889 3595 948 3659 erit
977 3595 1145 3673 demutata
1178 3614 1218 3659 ne
1251 3593 1363 3661 iustitia
1389 3592 1433 3657 sit.

303 3697 437 3764 humana
460 3705 563 3764 autem
587 3698 702 3763 iustitia
724 3698 804 3763 solet
825 3700 857 3762 in
880 3699 912 3763 id
935 3698 1091 3775 dedanim,
1122 3720 1163 3764 ne
1194 3699 1365 3765 misericors
1389 3696 1433 3766 sit,

302 3808 334 3866 et
354 3802 567 3867 misericordia
589 3802 633 3867 ita
655 3822 689 3867 se
711 3816 868 3885 prestare,
890 3822 930 3867 ne
945 3803 1025 3867 iusta
1040 3802 1087 3867 sit.
1133 3802 1344 3868 misericordia
1357 3800 1430 3867 enim

344 3994 500 4047 dinatitiae
519 3995 545 4046 R
597 3994 660 4048 Sin
679 3994 899 4062 immi-(eras.
913 3992 942 4059 d)
955 3994 980 4046 R
1034 3997 1065 4048 11
1085 3994 1276 4049 absorbuntR
1325 3992 1431 4062 pelagus

188 4136 191 4145 1
301 4098 331 4133 aa
348 4080 460 4149 pelagos
478 4080 505 4133 R
558 4084 591 4133 12
608 4080 701 4149 puniit
718 4081 744 4134 R
798 4084 830 4135 16
847 4080 993 4134 humorem
1011 4082 1037 4134 R
1054 4080 1212 4135 humoreE
1263 4082 1295 4134 17
1312 4076 1430 4133 conburit

301 4166 327 4219 R
345 4166 467 4220 amburit
485 4167 513 4218 E
563 4167 622 4233 ipse
641 4168 666 4219 R
719 4168 905 4235 extraquaeR
956 4170 992 4221 24
1008 4167 1152 4221 hominum
1170 4168 1256 4239 suppl.
1275 4167 1428 4231 Emodon.

302 4254 347 4319 Rq
360 4251 546 4306 <inhumanat
560 4254 595 4322 cf.
610 4255 655 4306 lia.
671 4252 712 4306 32
764 4256 798 4307 27
816 4272 872 4307 non
887 4259 1077 4322 quoaequatur
1089 4256 1116 4308 R
1166 4257 1201 4309 32
1218 4253 1385 4308 missericors
1397 4248 1428 4302 R
