3075 4967
307 274 369 339 832
650 280 763 331 sancti
784 278 919 331 Hilarii
937 279 1100 347 episcopi

306 465 398 530 linem
432 468 665 551 magnificentia
699 468 796 548 ipsius
828 470 936 537 nescit.
974 476 1004 533 et
1042 468 1178 551 aliquam
1217 467 1377 533 emetiendi
1402 489 1429 530 se

305 572 479 650 opinionem
513 573 654 639 inmensa
688 573 868 657 magnitudo
902 592 963 637 non
999 573 1121 653 patitur.
1167 580 1288 637 extenta
1322 572 1430 653 ubique.

306 682 427 739 extenta
464 696 587 757 semper
624 684 686 753 est,
733 676 813 741 hano
849 676 970 741 habens
1006 677 1168 741 infinitatis
1205 697 1269 740 suae
1312 675 1430 739 laudem.

305 786 440 845 cetemm
472 800 594 845 omnem
625 780 870 864 intellegentiam
900 780 1029 845 infinitae
1059 781 1149 845 huius
1171 781 1202 844 in
1227 801 1261 845 se
1291 779 1430 863 qualitatis

266 914 278 949 a
306 885 468 949 excedens.

349 990 377 1053 7.
404 988 443 1052 Et
476 990 549 1071 quia
594 988 659 1053 hauc
694 989 741 1054 uel
780 990 930 1055 inmensae
967 988 1192 1073 magnitudinis
1229 989 1359 1071 cognitio
1389 986 1430 1050 uel

304 1092 437 1157 laudatio
460 1113 587 1173 operum
611 1094 659 1157 dei
684 1115 743 1158 non
768 1095 906 1158 omnium
937 1095 1074 1178 gentium
1107 1102 1164 1166 est,
1196 1093 1308 1176 quibus
1331 1110 1430 1155 acon·

304 1196 460 1261 stitutione
484 1199 589 1261 mundi
613 1198 675 1261 uita
697 1206 727 1262 et
750 1219 861 1262 sensus
885 1198 994 1263 suisset
1024 1198 1188 1281 futuraque
1218 1205 1309 1273 esset,
1339 1215 1431 1261 conse

304 1306 433 1386 quanter
471 1301 616 1367 subiecit:
662 1303 878 1385 generatio
915 1310 952 1367 et
997 1302 1214 1386 genoratio
1259 1299 1430 1365 laudubit

253 1428 277 1463 10
304 1424 425 1485 opera
447 1414 522 1470 tua.
569 1426 629 1471 non
653 1408 759 1489 utique
783 1408 1000 1490 generationes
1024 1413 1054 1470 et
1077 1407 1301 1490 generationes,
1325 1425 1387 1487 qua
1407 1410 1430 1466 et

303 1510 494 1587 temporibus
518 1516 548 1574 et
571 1510 715 1593 gentibus
738 1509 843 1575 multae
867 1518 961 1595 atque
985 1512 1117 1576 diuersae
1141 1520 1221 1585 sunt
1253 1511 1309 1574 sed
1332 1528 1430 1591 geue·

303 1614 416 1689 ralia,
440 1633 510 1697 quae
534 1615 572 1678 ab
593 1614 755 1679 Abraham
779 1616 881 1695 coepit,
905 1634 974 1698 quse
990 1636 1045 1695 per
1061 1616 1186 1699 signum
1203 1611 1429 1678 circumcisionis

305 1718 466 1798 deputatur
487 1718 519 1781 in
543 1718 655 1801 legem,
679 1727 716 1783 et
739 1722 964 1803 generatio.
988 1739 1057 1802 quae
1082 1724 1246 1783 renouatur
1269 1715 1429 1781 inGluisto.

304 1842 372 1905 quae
396 1842 433 1886 eu
456 1822 604 1887 doctrinis
630 1822 817 1903 propheticis
836 1824 876 1887 ad
891 1824 984 1888 fidem
1008 1822 1197 1906 euangelica
1219 1819 1429 1886 iustificationis

202 2000 206 2011 ¹
252 1946 275 1981 ιῡ
302 1926 470 1991 insimitnr.
517 1926 625 1989 lterum
649 1927 743 2010 igitur
766 1928 999 2013 generationum
1026 1928 1185 2007 proprium
1208 1935 1257 1991 est
1278 1926 1329 1989 dei
1349 1942 1430 2006 opera

302 2029 438 2094 laudare.

347 2133 375 2199 8.
399 2134 531 2197 Laudari
563 2142 663 2199 autem
696 2156 791 2215 opera
820 2137 868 2200 dei
900 2156 959 2199 non
989 2134 1049 2199 alia
1071 2136 1148 2199 ratio
1172 2134 1317 2199 admonet
1348 2149 1427 2214 quam

303 2239 384 2321 quod
418 2238 521 2301 amnia
555 2240 593 2303 ab
628 2259 663 2303 eo
697 2246 838 2319 potenter
871 2238 983 2305 effecta
1020 2246 1100 2312 suut
1146 2238 1219 2322 quia
1256 2236 1425 2317 preconium

302 2342 417 2407 habeat
439 2363 498 2406 non
516 2342 632 2425 aliquid
648 2344 758 2426 egisse.
783 2345 839 2408 sed
855 2349 993 2424 potenter
1009 2344 1121 2427 egisse.
1166 2342 1282 2407 ntideo
1298 2339 1427 2405 subiecit:

251 2462 276 2499 20
303 2454 342 2511 et
365 2447 586 2527 potentiam
612 2454 717 2511 tuam
739 2449 1073 2528 pronuntiabunt.

347 2552 375 2614 9.
398 2552 459 2615 Sed
496 2552 628 2630 potentia
661 2572 788 2631 operum
823 2572 860 2616 ea
893 2554 1018 2617 demum
1054 2552 1253 2633 pradicanda
1286 2556 1338 2626 est
1370 2566 1427 2629 qun

303 2655 540 2738 magnificentia
571 2664 748 2738 exaequetur
778 2658 941 2739 operantia,
972 2664 1005 2721 ut
1035 2656 1169 2739 potentis
1203 2651 1426 2739 magnificentia·

302 2767 410 2838 potens
433 2758 630 2842 intellegatur
652 2760 798 2839 operatio.
842 2761 881 2825 ob
898 2762 981 2843 quod
997 2753 1210 2843 consequitur:
1235 2766 1272 2824 et
1294 2754 1426 2839 magni·

301 2862 517 2926 licentiam
541 2864 774 2929 maiestatis
798 2872 879 2929 tuae.

250 2979 275 3017 2⁵
348 2966 398 3029 10.
422 2966 486 3031 Sed
508 2968 748 3051 magnificentia,
772 2969 796 3033 si
822 2969 905 3052 quod
927 2969 960 3033 in
983 2990 1017 3033 se
1040 2978 1088 3033 eet
1111 2975 1229 3033 tautum
1245 2967 1303 3032 sibi
1319 2964 1426 3029 habear.

302 3070 394 3135 habet
424 3070 668 3149 admirationem,
702 3093 763 3136 uon
798 3073 893 3137 habet
925 3072 1066 3149 landom;
1100 3080 1131 3137 et
1163 3073 1261 3137 otiosa
1294 3068 1358 3134 aliis
1388 3075 1426 3128 est

302 3176 435 3256 potentis
458 3176 600 3255 operatio,
635 3177 694 3241 nisi
718 3197 774 3257 per
796 3178 952 3257 operantis
975 3178 1171 3243 sanctitatem
1192 3195 1283 3241 usum
1305 3172 1424 3254 aliquem

302 3300 339 3343 ex
362 3300 395 3344 se
417 3279 485 3352 illis.
517 3281 569 3363 qui
600 3281 768 3345 laudabunt
798 3288 828 3345 et
857 3282 1101 3355 admirabuntur,
1124 3281 1278 3361 inpertiet.
1323 3296 1356 3341 en
1377 3292 1426 3357 quo

302 3392 499 3464 conpetenter
511 3384 569 3448 hoo
582 3386 731 3468 sequitur:
756 3394 790 3451 et
806 3386 1072 3451 sanctitatem
1089 3384 1424 3467 tuamloqnentur.

248 3498 275 3538 ³⁰
302 3496 332 3553 et
354 3490 500 3554 sanctitas
524 3489 651 3571 quidem
673 3490 735 3554 iam
766 3491 846 3554 bona
875 3496 923 3555 est
953 3509 1055 3573 neque
1085 3495 1203 3553 tantum
1234 3488 1294 3553 sibi
1322 3480 1424 3566 prolicit

301 3612 402 3675 neque
418 3592 485 3669 hoc,
502 3594 584 3675 quod
600 3613 638 3658 ex
654 3613 686 3657 se
701 3600 757 3670 est,
781 3594 862 3657 intra
875 3614 967 3659 usum
979 3592 1133 3659 commodi
1147 3592 1262 3673 proprii
1281 3587 1423 3655 consumit.

302 3716 371 3760 narn
398 3697 488 3762 etiam
516 3697 555 3761 ad
581 3698 810 3777 prouocandam
835 3698 867 3761 in
890 3718 924 3763 se
947 3697 1075 3763 aliorum
1094 3696 1331 3762 beneficentiam
1348 3708 1424 3755 sanc·

301 3800 394 3864 titatis
425 3800 535 3865 officiis
565 3820 633 3866 sese
663 3802 731 3880 ipsa
760 3802 964 3866 commendat.
1010 3803 1065 3866 sed
1089 3800 1167 3864 nilril
1190 3803 1230 3866 de
1253 3821 1287 3864 se
1310 3798 1423 3880 dignun

344 3942 421 3992 'lest
439 3957 487 3992 orn.
505 3940 531 3992 R
583 3940 800 4008 Bsutnraqoae
826 3958 868 3994 ess
887 3940 911 3993 dr
930 3942 956 3993 R
1010 3942 1040 3994 ll
1060 3940 1186 3993 diuersae
1211 3940 1251 3992 Re
1276 3932 1423 3991 aduersael

302 4028 334 4079 17
352 4026 460 4080 laudari
479 4031 570 4079 autem
590 4028 629 4080 Re
646 4028 787 4081 laudarit
841 4030 873 4080 18
892 4028 957 4095 quia
976 4028 1016 4080 Ru
1036 4028 1116 4095 quie
1168 4028 1203 4079 22
1221 4021 1422 4095 magnificentiae

301 4112 342 4164 Re
360 4112 591 4181 magnificentiae
644 4122 812 4182 exaequetur
825 4116 865 4167 Ru
884 4122 1062 4182 exequature
1113 4116 1148 4167 23
1167 4113 1190 4166 ἁ
1208 4107 1422 4181 magnificentiam

301 4252 346 4301 Ru
365 4250 598 4317 magnificentiam
616 4272 628 4303 e
681 4256 714 4307 98
733 4200 888 4323 ³¹¹1ptillt
906 4271 973 4307 corr.
991 4273 1024 4307 m.
1044 4254 1060 4305 1
1078 4254 1111 4306 R.
