<?xml version="1.0" encoding="UTF-8"?>
<!DOCTYPE html PUBLIC "-//W3C//DTD XHTML 1.0 Transitional//EN"
    "http://www.w3.org/TR/xhtml1/DTD/xhtml1-transitional.dtd">
<html xmlns="http://www.w3.org/1999/xhtml" xml:lang="en" lang="en">
 <head>
  <title>
</title>
<meta http-equiv="Content-Type" content="text/html;charset=utf-8" />
  <meta name='ocr-system' content='tesseract 3.04.00' />
  <meta name='ocr-capabilities' content='ocr_page ocr_carea ocr_par ocr_line ocrx_word'/>
</head>
<body>
  <div class='ocr_page' id='page_1' title='image "./corpusscriptoru23wiengoog_0904.png"; bbox 0 0 3075 4967; ppageno 0'>
   <div class='ocr_carea' id='block_1_1' title="bbox 271 283 1072 353">
    <p class='ocr_par' dir='ltr' id='par_1_1' title="bbox 271 283 1072 353">
     <span class='ocr_line' id='line_1_1' title="bbox 271 283 1072 353; baseline -0.009 -9"><span class='ocrx_word' id='word_1_1' title='bbox 271 283 335 349; x_wconf 75' lang='lat'>864</span> <span class='ocrx_word' id='word_1_2' title='bbox 616 285 734 339; x_wconf 86' lang='lat' dir='ltr'>saneti</span> <span class='ocrx_word' id='word_1_3' title='bbox 753 284 889 339; x_wconf 87' lang='lat' dir='ltr'>Hilarii</span> <span class='ocrx_word' id='word_1_4' title='bbox 907 285 1072 353; x_wconf 74' lang='lat' dir='ltr'>episcopi</span> 
     </span>
    </p>
   </div>
   <div class='ocr_carea' id='block_1_2' title="bbox 218 474 1444 3580">
    <p class='ocr_par' dir='ltr' id='par_1_2' title="bbox 218 474 1429 2437">
     <span class='ocr_line' id='line_1_2' title="bbox 271 474 1424 560; baseline 0 -21"><span class='ocrx_word' id='word_1_5' title='bbox 271 474 338 541; x_wconf 86' lang='lat' dir='ltr'>haee</span> <span class='ocrx_word' id='word_1_6' title='bbox 351 474 495 541; x_wconf 90' lang='lat' dir='ltr'>laudandi</span> <span class='ocrx_word' id='word_1_7' title='bbox 510 495 602 541; x_wconf 86' lang='lat' dir='ltr'>eausa</span> <span class='ocrx_word' id='word_1_8' title='bbox 613 476 771 557; x_wconf 85' lang='lat' dir='ltr'>proposita</span> <span class='ocrx_word' id='word_1_9' title='bbox 782 482 842 540; x_wconf 90' lang='lat' dir='ltr'>est:</span> <span class='ocrx_word' id='word_1_10' title='bbox 859 476 944 560; x_wconf 89' lang='lat' dir='ltr'>quia</span> <span class='ocrx_word' id='word_1_11' title='bbox 959 474 1183 540; x_wconf 81' lang='lat' dir='ltr'>exaltatum</span> <span class='ocrx_word' id='word_1_12' title='bbox 1198 483 1255 540; x_wconf 87' lang='lat' dir='ltr'>est</span> <span class='ocrx_word' id='word_1_13' title='bbox 1270 495 1362 541; x_wconf 92' lang='lat' dir='ltr'>nom</span> <span class='ocrx_word' id='word_1_14' title='bbox 1373 496 1424 541; x_wconf 88' lang='lat' dir='ltr'>eu</span> 
     </span>
     <span class='ocr_line' id='line_1_3' title="bbox 270 578 1427 660; baseline -0.003 -14"><span class='ocrx_word' id='word_1_15' title='bbox 270 580 356 647; x_wconf 89' lang='lat' dir='ltr'>eius</span> <span class='ocrx_word' id='word_1_16' title='bbox 380 579 518 657; x_wconf 86' lang='lat' dir='ltr'>solius,</span> <span class='ocrx_word' id='word_1_17' title='bbox 543 580 751 647; x_wconf 78' lang='lat' dir='ltr'>confessio</span> <span class='ocrx_word' id='word_1_18' title='bbox 780 580 867 645; x_wconf 89' lang='lat' dir='ltr'>eius</span> <span class='ocrx_word' id='word_1_19' title='bbox 890 599 1012 660; x_wconf 88' lang='lat' dir='ltr'>super</span> <span class='ocrx_word' id='word_1_20' title='bbox 1034 578 1173 645; x_wconf 84' lang='lat' dir='ltr'>oaelum</span> <span class='ocrx_word' id='word_1_21' title='bbox 1195 584 1233 645; x_wconf 91' lang='lat' dir='ltr'>et</span> <span class='ocrx_word' id='word_1_22' title='bbox 1255 587 1427 646; x_wconf 90' lang='lat' dir='ltr'>terram.</span> 
     </span>
     <span class='ocr_line' id='line_1_4' title="bbox 271 683 1429 768; baseline -0.003 -18"><span class='ocrx_word' id='word_1_23' title='bbox 271 690 302 750; x_wconf 91' lang='lat' dir='ltr'>et</span> <span class='ocrx_word' id='word_1_24' title='bbox 336 684 394 750; x_wconf 85' lang='lat' dir='ltr'>hae</span> <span class='ocrx_word' id='word_1_25' title='bbox 428 685 555 768; x_wconf 91' lang='lat' dir='ltr'>quidem</span> <span class='ocrx_word' id='word_1_26' title='bbox 589 685 665 750; x_wconf 88' lang='lat' dir='ltr'>deus</span> <span class='ocrx_word' id='word_1_27' title='bbox 700 704 810 768; x_wconf 83' lang='lat' dir='ltr'>regum</span> <span class='ocrx_word' id='word_1_28' title='bbox 842 688 874 749; x_wconf 93' lang='lat' dir='ltr'>et</span> <span class='ocrx_word' id='word_1_29' title='bbox 906 683 1087 764; x_wconf 90' lang='lat' dir='ltr'>populomm</span> <span class='ocrx_word' id='word_1_30' title='bbox 1124 689 1154 748; x_wconf 88' lang='lat' dir='ltr'>et</span> <span class='ocrx_word' id='word_1_31' title='bbox 1187 684 1364 765; x_wconf 75' lang='lat' dir='ltr'>principum</span> <span class='ocrx_word' id='word_1_32' title='bbox 1392 692 1429 747; x_wconf 87' lang='lat' dir='ltr'>et</span> 
     </span>
     <span class='ocr_line' id='line_1_5' title="bbox 270 787 1428 872; baseline -0.001 -18"><span class='ocrx_word' id='word_1_33' title='bbox 270 789 407 855; x_wconf 81' lang='lat' dir='ltr'>iudicum</span> <span class='ocrx_word' id='word_1_34' title='bbox 430 795 461 854; x_wconf 93' lang='lat' dir='ltr'>et</span> <span class='ocrx_word' id='word_1_35' title='bbox 483 795 608 854; x_wconf 84' lang='lat' dir='ltr'>aetatum</span> <span class='ocrx_word' id='word_1_36' title='bbox 643 789 782 853; x_wconf 92' lang='lat' dir='ltr'>omnium</span> <span class='ocrx_word' id='word_1_37' title='bbox 805 789 1020 854; x_wconf 72' lang='lat' dir='ltr'>constitutione</span> <span class='ocrx_word' id='word_1_38' title='bbox 1046 787 1209 854; x_wconf 89' lang='lat' dir='ltr'>laudabilis</span> <span class='ocrx_word' id='word_1_39' title='bbox 1244 795 1298 867; x_wconf 79' lang='lat' dir='ltr'>est</span> <span class='ocrx_word' id='word_1_40' title='bbox 1335 789 1428 872; x_wconf 91' lang='lat' dir='ltr'>qnod</span> 
     </span>
     <span class='ocr_line' id='line_1_6' title="bbox 231 892 1426 975; baseline -0.002 -17"><span class='ocrx_word' id='word_1_41' title='bbox 231 920 244 958; x_wconf 78' lang='lat' dir='ltr'>r</span> <span class='ocrx_word' id='word_1_42' title='bbox 271 892 415 959; x_wconf 84' lang='lat' dir='ltr'>humanae</span> <span class='ocrx_word' id='word_1_43' title='bbox 438 895 510 959; x_wconf 75' lang='lat' dir='ltr'>uita</span> <span class='ocrx_word' id='word_1_44' title='bbox 541 913 663 959; x_wconf 82' lang='lat' dir='ltr'>cursum</span> <span class='ocrx_word' id='word_1_45' title='bbox 687 892 740 959; x_wconf 87' lang='lat' dir='ltr'>tali</span> <span class='ocrx_word' id='word_1_46' title='bbox 763 894 958 958; x_wconf 86' lang='lat' dir='ltr'>diuersorum</span> <span class='ocrx_word' id='word_1_47' title='bbox 990 892 1162 957; x_wconf 82' lang='lat' dir='ltr'>officiorum</span> <span class='ocrx_word' id='word_1_48' title='bbox 1192 894 1426 975; x_wconf 77' lang='lat' dir='ltr'>temperatione</span> 
     </span>
     <span class='ocr_line' id='line_1_7' title="bbox 271 995 1426 1081; baseline -0.001 -18"><span class='ocrx_word' id='word_1_49' title='bbox 271 998 441 1077; x_wconf 81' lang='lat' dir='ltr'>contineat;</span> <span class='ocrx_word' id='word_1_50' title='bbox 465 1004 578 1075; x_wconf 67' lang='lat' dir='ltr'>amen,</span> <span class='ocrx_word' id='word_1_51' title='bbox 602 998 675 1080; x_wconf 89' lang='lat' dir='ltr'>quia</span> <span class='ocrx_word' id='word_1_52' title='bbox 690 998 793 1063; x_wconf 87' lang='lat' dir='ltr'>omnis</span> <span class='ocrx_word' id='word_1_53' title='bbox 813 997 952 1077; x_wconf 81' lang='lat' dir='ltr'>superior</span> <span class='ocrx_word' id='word_1_54' title='bbox 973 996 1107 1061; x_wconf 89' lang='lat' dir='ltr'>laudatio</span> <span class='ocrx_word' id='word_1_55' title='bbox 1130 996 1211 1062; x_wconf 86' lang='lat' dir='ltr'>beati</span> <span class='ocrx_word' id='word_1_56' title='bbox 1228 995 1311 1061; x_wconf 87' lang='lat' dir='ltr'>illins</span> <span class='ocrx_word' id='word_1_57' title='bbox 1327 998 1426 1081; x_wconf 78' lang='lat' dir='ltr'>regni</span> 
     </span>
     <span class='ocr_line' id='line_1_8' title="bbox 270 1099 1425 1185; baseline -0.002 -18"><span class='ocrx_word' id='word_1_58' title='bbox 270 1109 393 1182; x_wconf 85' lang='lat' dir='ltr'>tempus</span> <span class='ocrx_word' id='word_1_59' title='bbox 408 1103 551 1182; x_wconf 89' lang='lat' dir='ltr'>ostendit,</span> <span class='ocrx_word' id='word_1_60' title='bbox 564 1100 645 1167; x_wconf 87' lang='lat' dir='ltr'>hane</span> <span class='ocrx_word' id='word_1_61' title='bbox 659 1121 785 1167; x_wconf 87' lang='lat' dir='ltr'>eausam</span> <span class='ocrx_word' id='word_1_62' title='bbox 800 1100 902 1167; x_wconf 90' lang='lat' dir='ltr'>laudis</span> <span class='ocrx_word' id='word_1_63' title='bbox 918 1101 1046 1167; x_wconf 84' lang='lat' dir='ltr'>adiecit:</span> <span class='ocrx_word' id='word_1_64' title='bbox 1071 1102 1169 1185; x_wconf 89' lang='lat' dir='ltr'>quia</span> <span class='ocrx_word' id='word_1_65' title='bbox 1192 1099 1380 1166; x_wconf 85' lang='lat' dir='ltr'>exaltatu</span> <span class='ocrx_word' id='word_1_66' title='bbox 1390 1122 1425 1165; x_wconf 93' lang='lat' dir='ltr'>m</span> 
     </span>
     <span class='ocr_line' id='line_1_9' title="bbox 270 1204 1422 1272; baseline -0.002 0"><span class='ocrx_word' id='word_1_67' title='bbox 270 1212 332 1272; x_wconf 91' lang='lat' dir='ltr'>est</span> <span class='ocrx_word' id='word_1_68' title='bbox 366 1226 508 1272; x_wconf 87' lang='lat' dir='ltr'>nomen</span> <span class='ocrx_word' id='word_1_69' title='bbox 542 1208 628 1271; x_wconf 88' lang='lat' dir='ltr'>eius</span> <span class='ocrx_word' id='word_1_70' title='bbox 661 1204 802 1272; x_wconf 91' lang='lat' dir='ltr'>solius.</span> <span class='ocrx_word' id='word_1_71' title='bbox 847 1212 912 1270; x_wconf 90' lang='lat' dir='ltr'>tum</span> <span class='ocrx_word' id='word_1_72' title='bbox 936 1206 1019 1270; x_wconf 92' lang='lat' dir='ltr'>enim</span> <span class='ocrx_word' id='word_1_73' title='bbox 1043 1206 1120 1271; x_wconf 91' lang='lat' dir='ltr'>deus</span> <span class='ocrx_word' id='word_1_74' title='bbox 1142 1224 1222 1269; x_wconf 92' lang='lat' dir='ltr'>nnus</span> <span class='ocrx_word' id='word_1_75' title='bbox 1252 1206 1345 1271; x_wconf 88' lang='lat' dir='ltr'>etiam</span> <span class='ocrx_word' id='word_1_76' title='bbox 1379 1206 1422 1270; x_wconf 87' lang='lat' dir='ltr'>ab</span> 
     </span>
     <span class='ocr_line' id='line_1_10' title="bbox 269 1308 1424 1396; baseline -0.002 -21"><span class='ocrx_word' id='word_1_77' title='bbox 269 1310 374 1376; x_wconf 93' lang='lat' dir='ltr'>inuitis</span> <span class='ocrx_word' id='word_1_78' title='bbox 398 1320 428 1375; x_wconf 88' lang='lat' dir='ltr'>et</span> <span class='ocrx_word' id='word_1_79' title='bbox 450 1310 638 1396; x_wconf 84' lang='lat' dir='ltr'>intellegitur</span> <span class='ocrx_word' id='word_1_80' title='bbox 660 1316 691 1375; x_wconf 87' lang='lat' dir='ltr'>et</span> <span class='ocrx_word' id='word_1_81' title='bbox 712 1310 836 1375; x_wconf 91' lang='lat' dir='ltr'>uidetur</span> <span class='ocrx_word' id='word_1_82' title='bbox 856 1308 986 1393; x_wconf 84' lang='lat' dir='ltr'>religato</span> <span class='ocrx_word' id='word_1_83' title='bbox 1009 1308 1130 1374; x_wconf 89' lang='lat' dir='ltr'>diaholo</span> <span class='ocrx_word' id='word_1_84' title='bbox 1153 1315 1184 1374; x_wconf 85' lang='lat' dir='ltr'>et</span> <span class='ocrx_word' id='word_1_85' title='bbox 1207 1308 1329 1393; x_wconf 83' lang='lat' dir='ltr'>augelis</span> <span class='ocrx_word' id='word_1_86' title='bbox 1352 1310 1424 1373; x_wconf 86' lang='lat' dir='ltr'>eius</span> 
     </span>
     <span class='ocr_line' id='line_1_11' title="bbox 219 1412 1424 1499; baseline -0.007 -14"><span class='ocrx_word' id='word_1_87' title='bbox 219 1450 245 1486; x_wconf 83' lang='grc' dir='ltr'>ιο</span> <span class='ocrx_word' id='word_1_88' title='bbox 271 1434 370 1496; x_wconf 82' lang='lat' dir='ltr'>poenae</span> <span class='ocrx_word' id='word_1_89' title='bbox 394 1434 465 1480; x_wconf 86' lang='lat' dir='ltr'>eum</span> <span class='ocrx_word' id='word_1_90' title='bbox 488 1434 524 1480; x_wconf 87' lang='lat' dir='ltr'>eo</span> <span class='ocrx_word' id='word_1_91' title='bbox 547 1414 654 1480; x_wconf 85' lang='lat' dir='ltr'>aeterni</span> <span class='ocrx_word' id='word_1_92' title='bbox 678 1414 761 1499; x_wconf 82' lang='lat' dir='ltr'>ignis</span> <span class='ocrx_word' id='word_1_93' title='bbox 785 1414 917 1479; x_wconf 78' lang='lat' dir='ltr'>addictis</span> <span class='ocrx_word' id='word_1_94' title='bbox 940 1420 970 1478; x_wconf 93' lang='lat' dir='ltr'>et</span> <span class='ocrx_word' id='word_1_95' title='bbox 991 1413 1074 1478; x_wconf 92' lang='lat' dir='ltr'>omni</span> <span class='ocrx_word' id='word_1_96' title='bbox 1099 1412 1284 1496; x_wconf 78' lang='lat' dir='ltr'>spiritalium</span> <span class='ocrx_word' id='word_1_97' title='bbox 1309 1414 1424 1497; x_wconf 86' lang='lat' dir='ltr'>nequi·</span> 
     </span>
     <span class='ocr_line' id='line_1_12' title="bbox 271 1518 1422 1602; baseline -0.003 -18"><span class='ocrx_word' id='word_1_98' title='bbox 271 1520 382 1585; x_wconf 83' lang='lat' dir='ltr'>tiaram</span> <span class='ocrx_word' id='word_1_99' title='bbox 405 1525 556 1602; x_wconf 78' lang='lat' dir='ltr'>potestate</span> <span class='ocrx_word' id='word_1_100' title='bbox 579 1518 709 1597; x_wconf 74' lang='lat' dir='ltr'>sublata</span> <span class='ocrx_word' id='word_1_101' title='bbox 744 1538 815 1583; x_wconf 88' lang='lat' dir='ltr'>oum</span> <span class='ocrx_word' id='word_1_102' title='bbox 848 1518 910 1583; x_wconf 88' lang='lat' dir='ltr'>iam</span> <span class='ocrx_word' id='word_1_103' title='bbox 945 1537 1007 1584; x_wconf 91' lang='lat' dir='ltr'>nou</span> <span class='ocrx_word' id='word_1_104' title='bbox 1038 1527 1209 1599; x_wconf 81' lang='lat' dir='ltr'>peecatum,</span> <span class='ocrx_word' id='word_1_105' title='bbox 1241 1537 1301 1581; x_wconf 93' lang='lat' dir='ltr'>uon</span> <span class='ocrx_word' id='word_1_106' title='bbox 1326 1537 1422 1593; x_wconf 77' lang='lat' dir='ltr'>mors</span> 
     </span>
     <span class='ocr_line' id='line_1_13' title="bbox 270 1620 1422 1689; baseline -0.003 -1"><span class='ocrx_word' id='word_1_107' title='bbox 270 1643 331 1688; x_wconf 93' lang='lat' dir='ltr'>non</span> <span class='ocrx_word' id='word_1_108' title='bbox 355 1628 495 1689; x_wconf 86' lang='lat' dir='ltr'>terrenus</span> <span class='ocrx_word' id='word_1_109' title='bbox 529 1622 582 1688; x_wconf 88' lang='lat' dir='ltr'>hio</span> <span class='ocrx_word' id='word_1_110' title='bbox 611 1626 747 1689; x_wconf 92' lang='lat' dir='ltr'>muudus</span> <span class='ocrx_word' id='word_1_111' title='bbox 778 1623 827 1687; x_wconf 91' lang='lat' dir='ltr'>sit</span> <span class='ocrx_word' id='word_1_112' title='bbox 874 1622 917 1687; x_wconf 88' lang='lat' dir='ltr'>ait</span> <span class='ocrx_word' id='word_1_113' title='bbox 950 1623 1050 1687; x_wconf 91' lang='lat' dir='ltr'>enim:</span> <span class='ocrx_word' id='word_1_114' title='bbox 1085 1620 1296 1687; x_wconf 83' lang='lat' dir='ltr'>consessio</span> <span class='ocrx_word' id='word_1_115' title='bbox 1330 1622 1422 1686; x_wconf 86' lang='lat' dir='ltr'>eius</span> 
     </span>
     <span class='ocr_line' id='line_1_14' title="bbox 270 1724 1420 1809; baseline -0.003 -16"><span class='ocrx_word' id='word_1_116' title='bbox 270 1734 563 1809; x_wconf 89' lang='lat' dir='ltr'>superterram</span> <span class='ocrx_word' id='word_1_117' title='bbox 588 1737 624 1792; x_wconf 89' lang='lat' dir='ltr'>et</span> <span class='ocrx_word' id='word_1_118' title='bbox 654 1725 808 1793; x_wconf 77' lang='lat' dir='ltr'>celum:</span> <span class='ocrx_word' id='word_1_119' title='bbox 843 1726 1049 1792; x_wconf 79' lang='lat' dir='ltr'>exaltabit</span> <span class='ocrx_word' id='word_1_120' title='bbox 1081 1745 1247 1791; x_wconf 81' lang='lat' dir='ltr'>cornum</span> <span class='ocrx_word' id='word_1_121' title='bbox 1277 1724 1420 1808; x_wconf 93' lang='lat' dir='ltr'>populi</span> 
     </span>
     <span class='ocr_line' id='line_1_15' title="bbox 271 1828 1421 1909; baseline -0.005 -11"><span class='ocrx_word' id='word_1_122' title='bbox 271 1832 340 1909; x_wconf 89' lang='lat' dir='ltr'>sui,</span> <span class='ocrx_word' id='word_1_123' title='bbox 363 1832 395 1896; x_wconf 93' lang='lat' dir='ltr'>id</span> <span class='ocrx_word' id='word_1_124' title='bbox 418 1837 466 1897; x_wconf 87' lang='lat' dir='ltr'>est</span> <span class='ocrx_word' id='word_1_125' title='bbox 489 1832 520 1896; x_wconf 92' lang='lat' dir='ltr'>in</span> <span class='ocrx_word' id='word_1_126' title='bbox 550 1831 601 1896; x_wconf 93' lang='lat' dir='ltr'>illo</span> <span class='ocrx_word' id='word_1_127' title='bbox 636 1832 733 1897; x_wconf 83' lang='lat' dir='ltr'>beatae</span> <span class='ocrx_word' id='word_1_128' title='bbox 769 1830 900 1896; x_wconf 82' lang='lat' dir='ltr'>ciuitatis</span> <span class='ocrx_word' id='word_1_129' title='bbox 934 1829 1014 1895; x_wconf 91' lang='lat' dir='ltr'>illius</span> <span class='ocrx_word' id='word_1_130' title='bbox 1049 1828 1169 1906; x_wconf 65' lang='lat' dir='ltr'>aemulo,</span> <span class='ocrx_word' id='word_1_131' title='bbox 1204 1829 1257 1895; x_wconf 91' lang='lat' dir='ltr'>ubi</span> <span class='ocrx_word' id='word_1_132' title='bbox 1291 1848 1421 1894; x_wconf 88' lang='lat' dir='ltr'>eorunm</span> 
     </span>
     <span class='ocr_line' id='line_1_16' title="bbox 218 1915 1421 2020; baseline -0.006 -15"><span class='ocrx_word' id='word_1_133' title='bbox 218 1968 243 2007; x_wconf 62' lang='grc' dir='ltr'>ιε</span> <span class='ocrx_word' id='word_1_134' title='bbox 270 1936 374 2020; x_wconf 91' lang='lat' dir='ltr'>populi</span> <span class='ocrx_word' id='word_1_135' title='bbox 397 1936 444 2002; x_wconf 91' lang='lat' dir='ltr'>sui</span> <span class='ocrx_word' id='word_1_136' title='bbox 467 1936 609 2001; x_wconf 89' lang='lat' dir='ltr'>dominus</span> <span class='ocrx_word' id='word_1_137' title='bbox 640 1935 755 2001; x_wconf 84' lang='lat' dir='ltr'>exaltat</span> <span class='ocrx_word' id='word_1_138' title='bbox 785 1944 815 2001; x_wconf 89' lang='lat' dir='ltr'>et</span> <span class='ocrx_word' id='word_1_139' title='bbox 836 1916 1097 2016; x_wconf 76' lang='lat' dir='ltr'>indorruptiouem</span> <span class='ocrx_word' id='word_1_140' title='bbox 1129 1935 1167 2009; x_wconf 69' lang='lat' dir='ltr'>ei</span> <span class='ocrx_word' id='word_1_141' title='bbox 1197 1915 1267 2017; x_wconf 76' lang='lat' dir='ltr'>quaa</span> <span class='ocrx_word' id='word_1_142' title='bbox 1300 1932 1421 2017; x_wconf 80' lang='lat' dir='ltr'>signifi·</span> 
     </span>
     <span class='ocr_line' id='line_1_17' title="bbox 271 2038 1419 2121; baseline -0.006 -14"><span class='ocrx_word' id='word_1_143' title='bbox 271 2040 410 2107; x_wconf 73' lang='lat' dir='ltr'>daturin</span> <span class='ocrx_word' id='word_1_144' title='bbox 434 2060 537 2117; x_wconf 84' lang='lat' dir='ltr'>oornu,</span> <span class='ocrx_word' id='word_1_145' title='bbox 560 2061 616 2121; x_wconf 90' lang='lat' dir='ltr'>per</span> <span class='ocrx_word' id='word_1_146' title='bbox 640 2038 791 2105; x_wconf 85' lang='lat' dir='ltr'>honorem</span> <span class='ocrx_word' id='word_1_147' title='bbox 808 2038 1034 2105; x_wconf 70' lang='lat' dir='ltr'>inmortalitatis</span> <span class='ocrx_word' id='word_1_148' title='bbox 1051 2038 1205 2119; x_wconf 88' lang='lat' dir='ltr'>inpertiet</span> <span class='ocrx_word' id='word_1_149' title='bbox 1250 2044 1317 2104; x_wconf 90' lang='lat' dir='ltr'>tum</span> <span class='ocrx_word' id='word_1_150' title='bbox 1333 2039 1419 2102; x_wconf 90' lang='lat' dir='ltr'>euim</span> 
     </span>
     <span class='ocr_line' id='line_1_18' title="bbox 270 2140 1417 2224; baseline -0.004 -13"><span class='ocrx_word' id='word_1_151' title='bbox 270 2144 380 2211; x_wconf 83' lang='lat' dir='ltr'>eaelum</span> <span class='ocrx_word' id='word_1_152' title='bbox 403 2164 517 2209; x_wconf 93' lang='lat' dir='ltr'>nouum</span> <span class='ocrx_word' id='word_1_153' title='bbox 541 2152 572 2210; x_wconf 87' lang='lat' dir='ltr'>et</span> <span class='ocrx_word' id='word_1_154' title='bbox 594 2152 675 2209; x_wconf 90' lang='lat' dir='ltr'>terra</span> <span class='ocrx_word' id='word_1_155' title='bbox 697 2164 780 2209; x_wconf 89' lang='lat' dir='ltr'>noua</span> <span class='ocrx_word' id='word_1_156' title='bbox 801 2150 857 2222; x_wconf 88' lang='lat' dir='ltr'>est,</span> <span class='ocrx_word' id='word_1_157' title='bbox 879 2163 951 2209; x_wconf 87' lang='lat' dir='ltr'>oum</span> <span class='ocrx_word' id='word_1_158' title='bbox 970 2142 1020 2209; x_wconf 88' lang='lat' dir='ltr'>his</span> <span class='ocrx_word' id='word_1_159' title='bbox 1035 2142 1243 2224; x_wconf 70' lang='lat' dir='ltr'>presentibus</span> <span class='ocrx_word' id='word_1_160' title='bbox 1258 2140 1417 2207; x_wconf 85' lang='lat' dir='ltr'>dissolutis</span> 
     </span>
     <span class='ocr_line' id='line_1_19' title="bbox 270 2245 1417 2329; baseline -0.003 -15"><span class='ocrx_word' id='word_1_161' title='bbox 270 2269 352 2314; x_wconf 90' lang='lat' dir='ltr'>noua</span> <span class='ocrx_word' id='word_1_162' title='bbox 374 2248 427 2313; x_wconf 93' lang='lat' dir='ltr'>illa</span> <span class='ocrx_word' id='word_1_163' title='bbox 449 2255 482 2314; x_wconf 89' lang='lat' dir='ltr'>et</span> <span class='ocrx_word' id='word_1_164' title='bbox 504 2254 620 2314; x_wconf 77' lang='lat' dir='ltr'>aterna</span> <span class='ocrx_word' id='word_1_165' title='bbox 639 2250 815 2314; x_wconf 76' lang='lat' dir='ltr'>suecedent</span> <span class='ocrx_word' id='word_1_166' title='bbox 859 2248 930 2313; x_wconf 92' lang='lat' dir='ltr'>ideo</span> <span class='ocrx_word' id='word_1_167' title='bbox 945 2245 1101 2313; x_wconf 78' lang='lat' dir='ltr'>confessio</span> <span class='ocrx_word' id='word_1_168' title='bbox 1117 2247 1182 2312; x_wconf 89' lang='lat' dir='ltr'>eius</span> <span class='ocrx_word' id='word_1_169' title='bbox 1198 2266 1291 2329; x_wconf 91' lang='lat' dir='ltr'>super</span> <span class='ocrx_word' id='word_1_170' title='bbox 1306 2245 1417 2311; x_wconf 84' lang='lat' dir='ltr'>oaelum</span> 
     </span>
     <span class='ocr_line' id='line_1_20' title="bbox 271 2349 1417 2437; baseline -0.004 -19"><span class='ocrx_word' id='word_1_171' title='bbox 271 2360 447 2431; x_wconf 78' lang='lat' dir='ltr'>attentam,</span> <span class='ocrx_word' id='word_1_172' title='bbox 470 2353 624 2437; x_wconf 89' lang='lat' dir='ltr'>quianon</span> <span class='ocrx_word' id='word_1_173' title='bbox 649 2352 680 2416; x_wconf 93' lang='lat' dir='ltr'>in</span> <span class='ocrx_word' id='word_1_174' title='bbox 704 2352 764 2417; x_wconf 90' lang='lat' dir='ltr'>hoo</span> <span class='ocrx_word' id='word_1_175' title='bbox 794 2352 907 2417; x_wconf 78' lang='lat' dir='ltr'>eaeeulo</span> <span class='ocrx_word' id='word_1_176' title='bbox 936 2371 1038 2435; x_wconf 88' lang='lat' dir='ltr'>neque</span> <span class='ocrx_word' id='word_1_177' title='bbox 1073 2351 1105 2415; x_wconf 92' lang='lat' dir='ltr'>in</span> <span class='ocrx_word' id='word_1_178' title='bbox 1127 2349 1188 2416; x_wconf 87' lang='lat' dir='ltr'>hoo</span> <span class='ocrx_word' id='word_1_179' title='bbox 1210 2371 1280 2428; x_wconf 82' lang='lat' dir='ltr'>are,</span> <span class='ocrx_word' id='word_1_180' title='bbox 1303 2351 1360 2416; x_wconf 91' lang='lat' dir='ltr'>sed</span> <span class='ocrx_word' id='word_1_181' title='bbox 1384 2350 1417 2413; x_wconf 95' lang='lat' dir='ltr'>in</span> 
     </span>
    </p>

    <p class='ocr_par' dir='ltr' id='par_1_3' title="bbox 219 2455 1444 3580">
     <span class='ocr_line' id='line_1_21' title="bbox 219 2455 1275 2540; baseline -0.004 -17"><span class='ocrx_word' id='word_1_182' title='bbox 219 2486 243 2523; x_wconf 77' lang='lat' dir='ltr'>ro</span> <span class='ocrx_word' id='word_1_183' title='bbox 271 2457 478 2539; x_wconf 85' lang='lat' dir='ltr'>superioribus</span> <span class='ocrx_word' id='word_1_184' title='bbox 501 2457 577 2523; x_wconf 87' lang='lat' dir='ltr'>loeis</span> <span class='ocrx_word' id='word_1_185' title='bbox 600 2457 683 2523; x_wconf 87' lang='lat' dir='ltr'>sedis</span> <span class='ocrx_word' id='word_1_186' title='bbox 707 2457 788 2522; x_wconf 88' lang='lat' dir='ltr'>beati</span> <span class='ocrx_word' id='word_1_187' title='bbox 811 2455 893 2521; x_wconf 90' lang='lat' dir='ltr'>illius</span> <span class='ocrx_word' id='word_1_188' title='bbox 915 2457 1003 2540; x_wconf 82' lang='lat' dir='ltr'>regni</span> <span class='ocrx_word' id='word_1_189' title='bbox 1029 2461 1078 2520; x_wconf 90' lang='lat' dir='ltr'>est</span> <span class='ocrx_word' id='word_1_190' title='bbox 1100 2455 1275 2520; x_wconf 76' lang='lat' dir='ltr'>constituta</span> 
     </span>
     <span class='ocr_line' id='line_1_22' title="bbox 314 2558 1419 2646; baseline -0.003 -19"><span class='ocrx_word' id='word_1_191' title='bbox 314 2561 344 2627; x_wconf 87' lang='lat'>8.</span> <span class='ocrx_word' id='word_1_192' title='bbox 367 2560 409 2627; x_wconf 82' lang='lat' dir='ltr'>Et</span> <span class='ocrx_word' id='word_1_193' title='bbox 432 2560 600 2646; x_wconf 88' lang='lat' dir='ltr'>quiaillud</span> <span class='ocrx_word' id='word_1_194' title='bbox 623 2567 800 2626; x_wconf 83' lang='lat' dir='ltr'>sanatorum</span> <span class='ocrx_word' id='word_1_195' title='bbox 823 2568 872 2625; x_wconf 90' lang='lat' dir='ltr'>ast</span> <span class='ocrx_word' id='word_1_196' title='bbox 893 2579 1037 2644; x_wconf 87' lang='lat' dir='ltr'>regnum,</span> <span class='ocrx_word' id='word_1_197' title='bbox 1066 2579 1123 2641; x_wconf 86' lang='lat' dir='ltr'>per</span> <span class='ocrx_word' id='word_1_198' title='bbox 1152 2558 1235 2642; x_wconf 89' lang='lat' dir='ltr'>quod</span> <span class='ocrx_word' id='word_1_199' title='bbox 1264 2570 1419 2643; x_wconf 84' lang='lat' dir='ltr'>regnante</span> 
     </span>
     <span class='ocr_line' id='line_1_23' title="bbox 271 2661 1417 2749; baseline -0.003 -18"><span class='ocrx_word' id='word_1_200' title='bbox 271 2666 395 2731; x_wconf 93' lang='lat' dir='ltr'>domino</span> <span class='ocrx_word' id='word_1_201' title='bbox 418 2667 458 2731; x_wconf 90' lang='lat' dir='ltr'>ad</span> <span class='ocrx_word' id='word_1_202' title='bbox 482 2668 608 2732; x_wconf 87' lang='lat' dir='ltr'>beatum</span> <span class='ocrx_word' id='word_1_203' title='bbox 630 2684 762 2749; x_wconf 83' lang='lat' dir='ltr'>regnum</span> <span class='ocrx_word' id='word_1_204' title='bbox 794 2665 843 2730; x_wconf 92' lang='lat' dir='ltr'>dei</span> <span class='ocrx_word' id='word_1_205' title='bbox 874 2664 971 2745; x_wconf 90' lang='lat' dir='ltr'>patris</span> <span class='ocrx_word' id='word_1_206' title='bbox 1001 2664 1158 2741; x_wconf 84' lang='lat' dir='ltr'>aooedeut,</span> <span class='ocrx_word' id='word_1_207' title='bbox 1192 2661 1351 2743; x_wconf 88' lang='lat' dir='ltr'>psalmum</span> <span class='ocrx_word' id='word_1_208' title='bbox 1373 2662 1417 2727; x_wconf 85' lang='lat' dir='ltr'>ita</span> 
     </span>
     <span class='ocr_line' id='line_1_24' title="bbox 271 2765 1416 2853; baseline -0.004 -18"><span class='ocrx_word' id='word_1_209' title='bbox 271 2768 596 2851; x_wconf 84' lang='lat' dir='ltr'>prophetaeonelusit:</span> <span class='ocrx_word' id='word_1_210' title='bbox 621 2769 792 2853; x_wconf 84' lang='lat' dir='ltr'>hymnus</span> <span class='ocrx_word' id='word_1_211' title='bbox 814 2769 999 2842; x_wconf 79' lang='lat' dir='ltr'>omnibns</span> <span class='ocrx_word' id='word_1_212' title='bbox 1019 2766 1290 2844; x_wconf 83' lang='lat' dir='ltr'>sanatiseius,</span> <span class='ocrx_word' id='word_1_213' title='bbox 1307 2765 1416 2830; x_wconf 87' lang='lat' dir='ltr'>filiis</span> 
     </span>
     <span class='ocr_line' id='line_1_25' title="bbox 273 2870 1417 2957; baseline -0.005 -18"><span class='ocrx_word' id='word_1_214' title='bbox 273 2872 606 2957; x_wconf 84' lang='lat' dir='ltr'>Israhelpopulo</span> <span class='ocrx_word' id='word_1_215' title='bbox 629 2873 980 2957; x_wconf 80' lang='lat' dir='ltr'>adpropinquanti</span> <span class='ocrx_word' id='word_1_216' title='bbox 1002 2870 1095 2937; x_wconf 86' lang='lat' dir='ltr'>sibi.</span> <span class='ocrx_word' id='word_1_217' title='bbox 1124 2870 1417 2937; x_wconf 82' lang='lat' dir='ltr'>sanatorumomuis</span> 
     </span>
     <span class='ocr_line' id='line_1_26' title="bbox 220 2970 1444 3061; baseline -0.002 -19"><span class='ocrx_word' id='word_1_218' title='bbox 220 3013 244 3051; x_wconf 75' lang='lat' dir='ltr'>n</span> <span class='ocrx_word' id='word_1_219' title='bbox 272 2977 323 3044; x_wconf 88' lang='lat' dir='ltr'>hie</span> <span class='ocrx_word' id='word_1_220' title='bbox 345 2977 481 3061; x_wconf 85' lang='lat' dir='ltr'>hymnus</span> <span class='ocrx_word' id='word_1_221' title='bbox 505 2970 647 3061; x_wconf 72' lang='lat' dir='ltr'>estqui</span> <span class='ocrx_word' id='word_1_222' title='bbox 670 2974 831 3043; x_wconf 86' lang='lat' dir='ltr'>dominum</span> <span class='ocrx_word' id='word_1_223' title='bbox 861 2997 922 3042; x_wconf 93' lang='lat' dir='ltr'>non</span> <span class='ocrx_word' id='word_1_224' title='bbox 953 2983 986 3042; x_wconf 90' lang='lat' dir='ltr'>ut</span> <span class='ocrx_word' id='word_1_225' title='bbox 1016 2976 1111 3042; x_wconf 86' lang='lat' dir='ltr'>aeteri</span> <span class='ocrx_word' id='word_1_226' title='bbox 1141 2995 1233 3060; x_wconf 86' lang='lat' dir='ltr'>reges</span> <span class='ocrx_word' id='word_1_227' title='bbox 1255 2988 1310 3041; x_wconf 85' lang='lat' dir='ltr'>aut</span> <span class='ocrx_word' id='word_1_228' title='bbox 1331 2974 1444 3056; x_wconf 81' lang='lat' dir='ltr'>prin.</span> 
     </span>
     <span class='ocr_line' id='line_1_27' title="bbox 272 3079 1417 3163; baseline -0.006 -14"><span class='ocrx_word' id='word_1_229' title='bbox 272 3083 356 3163; x_wconf 85' lang='lat' dir='ltr'>eipes</span> <span class='ocrx_word' id='word_1_230' title='bbox 371 3089 425 3148; x_wconf 90' lang='lat' dir='ltr'>aut</span> <span class='ocrx_word' id='word_1_231' title='bbox 444 3082 561 3148; x_wconf 81' lang='lat' dir='ltr'>iudices</span> <span class='ocrx_word' id='word_1_232' title='bbox 583 3102 639 3163; x_wconf 91' lang='lat' dir='ltr'>pro</span> <span class='ocrx_word' id='word_1_233' title='bbox 661 3083 784 3147; x_wconf 89' lang='lat' dir='ltr'>uirtutis</span> <span class='ocrx_word' id='word_1_234' title='bbox 800 3088 831 3148; x_wconf 92' lang='lat' dir='ltr'>et</span> <span class='ocrx_word' id='word_1_235' title='bbox 845 3080 1048 3147; x_wconf 85' lang='lat' dir='ltr'>eonfessionis</span> <span class='ocrx_word' id='word_1_236' title='bbox 1063 3080 1269 3146; x_wconf 71' lang='lat' dir='ltr'>admiratione</span> <span class='ocrx_word' id='word_1_237' title='bbox 1285 3079 1417 3156; x_wconf 71' lang='lat' dir='ltr'>laudent</span> 
     </span>
     <span class='ocr_line' id='line_1_28' title="bbox 272 3183 1415 3271; baseline -0.004 -19"><span class='ocrx_word' id='word_1_238' title='bbox 272 3188 328 3253; x_wconf 88' lang='lat' dir='ltr'>sed</span> <span class='ocrx_word' id='word_1_239' title='bbox 350 3206 406 3270; x_wconf 93' lang='lat' dir='ltr'>pro</span> <span class='ocrx_word' id='word_1_240' title='bbox 437 3186 552 3271; x_wconf 86' lang='lat' dir='ltr'>gaudio</span> <span class='ocrx_word' id='word_1_241' title='bbox 583 3194 805 3251; x_wconf 71' lang='lat' dir='ltr'>consummate</span> <span class='ocrx_word' id='word_1_242' title='bbox 826 3186 856 3249; x_wconf 94' lang='lat' dir='ltr'>in</span> <span class='ocrx_word' id='word_1_243' title='bbox 881 3205 915 3250; x_wconf 87' lang='lat' dir='ltr'>se</span> <span class='ocrx_word' id='word_1_244' title='bbox 937 3184 1136 3250; x_wconf 88' lang='lat' dir='ltr'>beatitudinis</span> <span class='ocrx_word' id='word_1_245' title='bbox 1158 3191 1190 3249; x_wconf 91' lang='lat' dir='ltr'>et</span> <span class='ocrx_word' id='word_1_246' title='bbox 1211 3183 1415 3269; x_wconf 79' lang='lat' dir='ltr'>gratulatione</span> 
     </span>
     <span class='ocr_line' id='line_1_29' title="bbox 271 3288 1415 3373; baseline -0.005 -16"><span class='ocrx_word' id='word_1_247' title='bbox 271 3290 475 3357; x_wconf 86' lang='lat' dir='ltr'>eautantimn:</span> <span class='ocrx_word' id='word_1_248' title='bbox 508 3291 604 3357; x_wconf 88' lang='lat' dir='ltr'>saneti</span> <span class='ocrx_word' id='word_1_249' title='bbox 635 3290 762 3369; x_wconf 74' lang='lat' dir='ltr'>seilicet</span> <span class='ocrx_word' id='word_1_250' title='bbox 799 3290 852 3373; x_wconf 92' lang='lat' dir='ltr'>qui</span> <span class='ocrx_word' id='word_1_251' title='bbox 874 3288 996 3354; x_wconf 89' lang='lat' dir='ltr'>Israhel</span> <span class='ocrx_word' id='word_1_252' title='bbox 1019 3288 1074 3354; x_wconf 90' lang='lat' dir='ltr'>filii</span> <span class='ocrx_word' id='word_1_253' title='bbox 1097 3295 1176 3365; x_wconf 82' lang='lat' dir='ltr'>eunt</span> <span class='ocrx_word' id='word_1_254' title='bbox 1210 3288 1269 3354; x_wconf 92' lang='lat' dir='ltr'>deo</span> <span class='ocrx_word' id='word_1_255' title='bbox 1292 3288 1415 3371; x_wconf 91' lang='lat' dir='ltr'>propiu-</span> 
     </span>
     <span class='ocr_line' id='line_1_30' title="bbox 272 3389 1415 3480; baseline -0.005 -19"><span class='ocrx_word' id='word_1_256' title='bbox 272 3401 418 3480; x_wconf 87' lang='lat' dir='ltr'>quantes;</span> <span class='ocrx_word' id='word_1_257' title='bbox 442 3414 502 3460; x_wconf 92' lang='lat' dir='ltr'>non</span> <span class='ocrx_word' id='word_1_258' title='bbox 525 3394 569 3459; x_wconf 93' lang='lat' dir='ltr'>illi</span> <span class='ocrx_word' id='word_1_259' title='bbox 591 3394 705 3479; x_wconf 87' lang='lat' dir='ltr'>utique,</span> <span class='ocrx_word' id='word_1_260' title='bbox 735 3392 910 3478; x_wconf 86' lang='lat' dir='ltr'>dequibus</span> <span class='ocrx_word' id='word_1_261' title='bbox 940 3392 1057 3459; x_wconf 86' lang='lat' dir='ltr'>dietum</span> <span class='ocrx_word' id='word_1_262' title='bbox 1088 3399 1151 3458; x_wconf 89' lang='lat' dir='ltr'>est:</span> <span class='ocrx_word' id='word_1_263' title='bbox 1185 3389 1304 3476; x_wconf 88' lang='lat' dir='ltr'>plebs</span> <span class='ocrx_word' id='word_1_264' title='bbox 1335 3390 1415 3455; x_wconf 78' lang='lat' dir='ltr'>haeo</span> 
     </span>
     <span class='ocr_line' id='line_1_31' title="bbox 220 3494 1415 3580; baseline -0.01 -9"><span class='ocrx_word' id='word_1_265' title='bbox 220 3532 245 3571; x_wconf 77' lang='lat' dir='ltr'>aa</span> <span class='ocrx_word' id='word_1_266' title='bbox 273 3500 398 3565; x_wconf 88' lang='lat' dir='ltr'>labiis</span> <span class='ocrx_word' id='word_1_267' title='bbox 432 3519 491 3564; x_wconf 89' lang='lat' dir='ltr'>me</span> <span class='ocrx_word' id='word_1_268' title='bbox 525 3498 706 3579; x_wconf 87' lang='lat' dir='ltr'>honorat,</span> <span class='ocrx_word' id='word_1_269' title='bbox 739 3517 807 3564; x_wconf 87' lang='lat' dir='ltr'>eor</span> <span class='ocrx_word' id='word_1_270' title='bbox 830 3503 963 3563; x_wconf 89' lang='lat' dir='ltr'>autem</span> <span class='ocrx_word' id='word_1_271' title='bbox 997 3517 1132 3562; x_wconf 90' lang='lat' dir='ltr'>eorum</span> <span class='ocrx_word' id='word_1_272' title='bbox 1166 3494 1290 3580; x_wconf 84' lang='lat' dir='ltr'>longe</span> <span class='ocrx_word' id='word_1_273' title='bbox 1313 3502 1415 3561; x_wconf 87' lang='lat' dir='ltr'>esta</span> 
     </span>
    </p>
   </div>
   <div class='ocr_carea' id='block_1_3' title="bbox 315 3630 818 3699">
    <p class='ocr_par' dir='ltr' id='par_1_4' title="bbox 315 3630 818 3699">
     <span class='ocr_line' id='line_1_32' title="bbox 315 3630 818 3699; baseline -0.012 -12"><span class='ocrx_word' id='word_1_274' title='bbox 315 3634 349 3687; x_wconf 72' lang='lat'>89</span> <span class='ocrx_word' id='word_1_275' title='bbox 366 3631 466 3685; x_wconf 84' lang='lat' dir='ltr'>Matth.</span> <span class='ocrx_word' id='word_1_276' title='bbox 485 3630 543 3699; x_wconf 85' lang='lat' dir='ltr'>XV,</span> <span class='ocrx_word' id='word_1_277' title='bbox 561 3633 591 3698; x_wconf 84' lang='lat'>83</span> <span class='ocrx_word' id='word_1_278' title='bbox 610 3630 696 3684; x_wconf 85' lang='lat' dir='ltr'>Mare.</span> <span class='ocrx_word' id='word_1_279' title='bbox 715 3630 775 3694; x_wconf 82' lang='lat' dir='ltr'>vn,</span> <span class='ocrx_word' id='word_1_280' title='bbox 793 3631 818 3682; x_wconf 89' lang='grc'>6.</span> 
     </span>
    </p>
   </div>
   <div class='ocr_carea' id='block_1_4' title="bbox 272 3736 1488 4333">
    <p class='ocr_par' dir='ltr' id='par_1_5' title="bbox 272 3736 1488 4333">
     <span class='ocr_line' id='line_1_33' title="bbox 315 3736 1412 3815; baseline -0.005 -17"><span class='ocrx_word' id='word_1_281' title='bbox 315 3745 425 3814; x_wconf 78' lang='lat' dir='ltr'>tquod</span> <span class='ocrx_word' id='word_1_282' title='bbox 450 3745 544 3815; x_wconf 71' lang='lat' dir='ltr'>scripsi</span> <span class='ocrx_word' id='word_1_283' title='bbox 569 3760 624 3812; x_wconf 91' lang='lat' dir='ltr'>quo</span> <span class='ocrx_word' id='word_1_284' title='bbox 652 3743 677 3796; x_wconf 84' lang='lat' dir='ltr'><strong><em>R</em></strong></span> <span class='ocrx_word' id='word_1_285' title='bbox 704 3742 752 3812; x_wconf 89' lang='lat' dir='ltr'>qui</span> <span class='ocrx_word' id='word_1_286' title='bbox 771 3761 785 3796; x_wconf 82' lang='lat' dir='ltr'>e</span> <span class='ocrx_word' id='word_1_287' title='bbox 802 3742 899 3811; x_wconf 77' lang='lat' dir='ltr'>quial&gt;</span> <span class='ocrx_word' id='word_1_288' title='bbox 952 3739 1164 3809; x_wconf 74' lang='lat' dir='ltr'>9iutellegitur</span> <span class='ocrx_word' id='word_1_289' title='bbox 1190 3743 1220 3793; x_wconf 87' lang='lat' dir='ltr'>et</span> <span class='ocrx_word' id='word_1_290' title='bbox 1246 3739 1359 3794; x_wconf 88' lang='lat' dir='ltr'>uidetur</span> <span class='ocrx_word' id='word_1_291' title='bbox 1374 3736 1412 3789; x_wconf 78' lang='lat' dir='ltr'>Rd</span> 
     </span>
     <span class='ocr_line' id='line_1_34' title="bbox 272 3825 1413 3900; baseline -0.005 -15"><span class='ocrx_word' id='word_1_292' title='bbox 272 3831 448 3900; x_wconf 75' lang='lat' dir='ltr'>intelligetur</span> <span class='ocrx_word' id='word_1_293' title='bbox 476 3835 505 3885; x_wconf 89' lang='lat' dir='ltr'>et</span> <span class='ocrx_word' id='word_1_294' title='bbox 535 3830 677 3885; x_wconf 87' lang='lat' dir='ltr'>uidebitur</span> <span class='ocrx_word' id='word_1_295' title='bbox 703 3848 716 3883; x_wconf 86' lang='lat' dir='ltr'>e</span> <span class='ocrx_word' id='word_1_296' title='bbox 782 3828 881 3884; x_wconf 84' lang='lat' dir='ltr'>zabulo</span> <span class='ocrx_word' id='word_1_297' title='bbox 907 3828 933 3881; x_wconf 85' lang='lat' dir='ltr'><em>R</em></span> <span class='ocrx_word' id='word_1_298' title='bbox 1004 3832 1033 3881; x_wconf 89' lang='lat' dir='ltr'>et</span> <span class='ocrx_word' id='word_1_299' title='bbox 1061 3826 1169 3896; x_wconf 74' lang='lat' dir='ltr'>augelis</span> <span class='ocrx_word' id='word_1_300' title='bbox 1198 3844 1229 3880; x_wconf 73' lang='grc' dir='ltr'><em>α</em></span> <span class='ocrx_word' id='word_1_301' title='bbox 1258 3825 1365 3895; x_wconf 75' lang='lat' dir='ltr'>augelis</span> <span class='ocrx_word' id='word_1_302' title='bbox 1389 3825 1413 3878; x_wconf 77' lang='lat' dir='ltr'><em>R</em></span> 
     </span>
     <span class='ocr_line' id='line_1_35' title="bbox 274 3910 1412 3986; baseline -0.007 -13"><span class='ocrx_word' id='word_1_303' title='bbox 274 3920 306 3973; x_wconf 87' lang='grc'>13</span> <span class='ocrx_word' id='word_1_304' title='bbox 324 3923 401 3973; x_wconf 75' lang='lat' dir='ltr'>terrd</span> <span class='ocrx_word' id='word_1_305' title='bbox 419 3918 443 3972; x_wconf 74' lang='grc' dir='ltr'><strong>ἅ</strong></span> <span class='ocrx_word' id='word_1_306' title='bbox 461 3918 539 3973; x_wconf 85' lang='lat' dir='ltr'>oaeltt</span> <span class='ocrx_word' id='word_1_307' title='bbox 557 3919 583 3973; x_wconf 84' lang='lat' dir='ltr'><em>R</em></span> <span class='ocrx_word' id='word_1_308' title='bbox 594 3917 629 3986; x_wconf 65' lang='lat' dir='ltr'>eff.</span> <span class='ocrx_word' id='word_1_309' title='bbox 649 3918 770 3971; x_wconf 65' lang='lat' dir='ltr'>Sabatia</span> <span class='ocrx_word' id='word_1_310' title='bbox 788 3918 805 3970; x_wconf 85' lang='lat' dir='ltr'>l.</span> <span class='ocrx_word' id='word_1_311' title='bbox 823 3934 845 3970; x_wconf 88' lang='lat' dir='ltr'>c.</span> <span class='ocrx_word' id='word_1_312' title='bbox 863 3916 972 3969; x_wconf 86' lang='lat' dir='ltr'>eaelum</span> <span class='ocrx_word' id='word_1_313' title='bbox 989 3919 1018 3968; x_wconf 92' lang='lat' dir='ltr'>et</span> <span class='ocrx_word' id='word_1_314' title='bbox 1035 3919 1140 3968; x_wconf 78' lang='lat' dir='ltr'>ternam</span> <span class='ocrx_word' id='word_1_315' title='bbox 1159 3914 1187 3967; x_wconf 89' lang='grc' dir='ltr'><em>Ε</em></span> <span class='ocrx_word' id='word_1_316' title='bbox 1237 3912 1372 3968; x_wconf 78' lang='lat' dir='ltr'>exaltabit</span> <span class='ocrx_word' id='word_1_317' title='bbox 1388 3910 1412 3963; x_wconf 78' lang='lat' dir='ltr'><em>R</em></span> 
     </span>
     <span class='ocr_line' id='line_1_36' title="bbox 273 3998 1488 4074; baseline -0.01 -13"><span class='ocrx_word' id='word_1_318' title='bbox 273 4011 301 4061; x_wconf 82' lang='lat' dir='ltr'>et</span> <span class='ocrx_word' id='word_1_319' title='bbox 318 4005 491 4061; x_wconf 84' lang='lat' dir='ltr'>exultauitE</span> <span class='ocrx_word' id='word_1_320' title='bbox 541 4005 663 4059; x_wconf 85' lang='lat' dir='ltr'>eornttR</span> <span class='ocrx_word' id='word_1_321' title='bbox 680 4004 808 4073; x_wconf 82' lang='lat' dir='ltr'>cs.Aoud.</span> <span class='ocrx_word' id='word_1_322' title='bbox 823 4022 851 4074; x_wconf 89' lang='lat' dir='ltr'>p.</span> <span class='ocrx_word' id='word_1_323' title='bbox 862 4002 898 4055; x_wconf 74' lang='lat'>41</span> <span class='ocrx_word' id='word_1_324' title='bbox 916 4001 1044 4056; x_wconf 86' lang='lat' dir='ltr'>oorqu</span> <span class='ocrx_word' id='word_1_325' title='bbox 1095 4003 1129 4055; x_wconf 78' lang='lat'>14</span> <span class='ocrx_word' id='word_1_326' title='bbox 1147 4002 1273 4055; x_wconf 80' lang='lat' dir='ltr'>eornuR</span> <span class='ocrx_word' id='word_1_327' title='bbox 1290 3998 1412 4055; x_wconf 80' lang='lat' dir='ltr'>eornuE</span> <span class='ocrx_word' id='word_1_328' title='bbox 1484 4041 1488 4050; x_wconf 88' lang='lat'><strong>.</strong></span> 
     </span>
     <span class='ocr_line' id='line_1_37' title="bbox 274 4082 1411 4161; baseline -0.009 -13"><span class='ocrx_word' id='word_1_329' title='bbox 274 4096 307 4148; x_wconf 82' lang='lat'>15</span> <span class='ocrx_word' id='word_1_330' title='bbox 315 4093 421 4147; x_wconf 86' lang='lat' dir='ltr'>exaltat</span> <span class='ocrx_word' id='word_1_331' title='bbox 439 4094 466 4147; x_wconf 81' lang='lat' dir='ltr'><em>R</em></span> <span class='ocrx_word' id='word_1_332' title='bbox 483 4092 655 4148; x_wconf 84' lang='lat' dir='ltr'>exultabitE</span> <span class='ocrx_word' id='word_1_333' title='bbox 705 4089 950 4161; x_wconf 75' lang='lat' dir='ltr'>qsignilioaturil</span> <span class='ocrx_word' id='word_1_334' title='bbox 1004 4091 1035 4143; x_wconf 83' lang='lat' dir='ltr'>ld</span> <span class='ocrx_word' id='word_1_335' title='bbox 1054 4094 1089 4142; x_wconf 84' lang='lat' dir='ltr'>ott</span> <span class='ocrx_word' id='word_1_336' title='bbox 1107 4087 1182 4140; x_wconf 90' lang='lat' dir='ltr'>euim</span> <span class='ocrx_word' id='word_1_337' title='bbox 1200 4088 1227 4141; x_wconf 81' lang='lat' dir='ltr'><em>R</em></span> <span class='ocrx_word' id='word_1_338' title='bbox 1280 4088 1313 4141; x_wconf 84' lang='grc'>17</span> <span class='ocrx_word' id='word_1_339' title='bbox 1331 4082 1411 4140; x_wconf 81' lang='lat' dir='ltr'>estR</span> 
     </span>
     <span class='ocr_line' id='line_1_38' title="bbox 273 4168 1408 4248; baseline -0.01 -13"><span class='ocrx_word' id='word_1_340' title='bbox 273 4182 327 4236; x_wconf 90' lang='lat' dir='ltr'>erit</span> <span class='ocrx_word' id='word_1_341' title='bbox 346 4181 375 4233; x_wconf 88' lang='lat' dir='ltr'><em>E</em></span> <span class='ocrx_word' id='word_1_342' title='bbox 426 4182 458 4235; x_wconf 81' lang='lat'>19</span> <span class='ocrx_word' id='word_1_343' title='bbox 477 4185 505 4235; x_wconf 89' lang='lat' dir='ltr'>et</span> <span class='ocrx_word' id='word_1_344' title='bbox 522 4185 625 4234; x_wconf 85' lang='lat' dir='ltr'>terram</span> <span class='ocrx_word' id='word_1_345' title='bbox 645 4178 747 4248; x_wconf 84' lang='lat' dir='ltr'>quiaR</span> <span class='ocrx_word' id='word_1_346' title='bbox 765 4182 794 4232; x_wconf 87' lang='lat' dir='ltr'>et</span> <span class='ocrx_word' id='word_1_347' title='bbox 810 4182 915 4231; x_wconf 86' lang='lat' dir='ltr'>terram</span> <span class='ocrx_word' id='word_1_348' title='bbox 933 4174 1066 4230; x_wconf 86' lang='lat' dir='ltr'>reddetur</span> <span class='ocrx_word' id='word_1_349' title='bbox 1083 4174 1189 4243; x_wconf 84' lang='lat' dir='ltr'>qniaE</span> <span class='ocrx_word' id='word_1_350' title='bbox 1239 4176 1274 4229; x_wconf 74' lang='lat'>20</span> <span class='ocrx_word' id='word_1_351' title='bbox 1291 4168 1408 4228; x_wconf 65' lang='lat' dir='ltr'>redum</span> 
     </span>
     <span class='ocr_line' id='line_1_39' title="bbox 274 4254 1409 4333; baseline -0.011 -12"><span class='ocrx_word' id='word_1_352' title='bbox 274 4268 352 4321; x_wconf 89' lang='lat' dir='ltr'>sedes</span> <span class='ocrx_word' id='word_1_353' title='bbox 361 4263 429 4321; x_wconf 83' lang='lat' dir='ltr'>R&#39;E</span> <span class='ocrx_word' id='word_1_354' title='bbox 461 4268 496 4321; x_wconf 73' lang='grc'>22</span> <span class='ocrx_word' id='word_1_355' title='bbox 508 4268 641 4321; x_wconf 84' lang='lat' dir='ltr'>anoedent</span> <span class='ocrx_word' id='word_1_356' title='bbox 650 4266 675 4319; x_wconf 84' lang='lat' dir='ltr'><strong><em>R</em></strong></span> <span class='ocrx_word' id='word_1_357' title='bbox 685 4265 837 4320; x_wconf 84' lang='lat' dir='ltr'>aseendeut</span> <span class='ocrx_word' id='word_1_358' title='bbox 849 4264 919 4332; x_wconf 81' lang='lat' dir='ltr'>Eos.</span> <span class='ocrx_word' id='word_1_359' title='bbox 928 4263 1010 4316; x_wconf 84' lang='lat' dir='ltr'>Aeud.</span> <span class='ocrx_word' id='word_1_360' title='bbox 1015 4279 1046 4333; x_wconf 88' lang='lat' dir='ltr'>p.</span> <span class='ocrx_word' id='word_1_361' title='bbox 1057 4260 1096 4315; x_wconf 83' lang='lat'>20</span> <span class='ocrx_word' id='word_1_362' title='bbox 1130 4262 1166 4316; x_wconf 78' lang='lat'>25</span> <span class='ocrx_word' id='word_1_363' title='bbox 1177 4254 1244 4316; x_wconf 63' lang='grc' dir='ltr'>ἀΐω</span> <span class='ocrx_word' id='word_1_364' title='bbox 1253 4260 1366 4315; x_wconf 84' lang='lat' dir='ltr'>Rdeum</span> <span class='ocrx_word' id='word_1_365' title='bbox 1377 4256 1409 4310; x_wconf 84' lang='lat' dir='ltr'>E.</span> 
     </span>
    </p>
   </div>
   <div class='ocr_carea' id='block_1_5' title="bbox 0 0 1542 4967">
    <p class='ocr_par' dir='ltr' id='par_1_6' title="bbox 0 0 1542 4967">
     <span class='ocr_line' id='line_1_40' title="bbox 0 0 1542 4967; baseline 0 5"><span class='ocrx_word' id='word_1_366' title='bbox 0 0 1542 4967; x_wconf 95' lang='lat' dir='ltr'> </span> 
     </span>
    </p>
   </div>
  </div>
 </body>
</html>
