3075 4967
350 303 531 352 tractatus
550 297 585 350 iu
604 297 775 366 psalmum
795 296 966 349 CXXXVIII.
1166 297 1225 360 751
1251 282 1255 289 ¹

30 567 32 572 ,
91 492 232 572 scriptum
268 497 330 554 cst:
365 497 402 554 ct
436 489 716 553 descendente
749 507 793 550 eo
827 486 872 550 de
915 495 1050 550 moute
1080 492 1229 551 secutae

89 603 176 680 sunt
198 613 284 658 eum
308 592 440 657 turbae.
479 597 517 656 et
540 610 634 656 cccc
658 590 849 671 leprosus
872 590 1037 672 quidum
1055 585 1228 655 ueniens

89 698 281 763 adorabat·
317 715 402 761 eum
440 696 597 761 dicens:
636 693 815 767 dominc,
851 695 883 758 si
918 694 1133 774 disputes
1169 713 1228 758 me

86 802 283 865 mundare.
329 805 367 864 et
390 801 617 864 extendens
651 817 808 862 manum
832 797 980 881 tetigit
1002 818 1088 862 curn
1111 797 1228 862 Iesus

86 907 240 971 dicens:
264 903 362 976 uolo,
388 903 590 968 mundare.
636 903 675 966 ad
699 902 871 967 sanandam
895 921 1018 985 quoque
1040 902 1228 967 centurionis
1269 925 1281 960 a

87 1009 179 1074 filiam
214 1009 346 1074 surrexit
368 1008 526 1086 dontinus3
565 1008 714 1087 seriptum
753 1011 801 1071 est
839 1006 939 1071 enim:
978 1019 1017 1070 et
1053 1025 1229 1089 surgens

87 1113 198 1180 lesus
232 1113 483 1196 sequebatur
517 1131 602 1176 eum
637 1131 722 1175 cum
759 1109 984 1191 discipulis
1019 1111 1113 1176 suis.
1158 1129 1228 1174 cum

88 1231 185 1283 autem
209 1216 384 1298 perfeetum
409 1214 483 1280 illud
506 1215 536 1279 in
562 1213 702 1280 lauandie
725 1208 932 1294 apostolorum
963 1215 1096 1294 pedibus
1125 1212 1229 1278 humi·

85 1321 177 1387 litatis
200 1341 265 1388 sua
289 1319 425 1384 officium
450 1318 591 1400 expleuit,
621 1319 663 1383 ita
698 1317 851 1403 legImus:
886 1318 1069 1384 surrexit
1091 1339 1109 1382 a
1131 1337 1230 1384 cena

85 1433 117 1490 et
148 1426 288 1507 posuit
320 1424 572 1489 uestimenta
606 1443 675 1488 sua
709 1429 746 1486 et
780 1429 951 1503 accepto
981 1421 1111 1487 linteo
1135 1442 1228 1503 prae·
1256 1445 1281 1479 ιο

43 1585 45 1592 ,
85 1530 213 1594 cinxit
236 1549 286 1594 se.
332 1529 527 1612 cognoscitur
553 1527 657 1610 Itaque
680 1527 711 1590 in
735 1527 874 1592 sessione
897 1527 962 1591 eius
986 1532 1017 1591 et
1039 1527 1227 1592 surrectione

85 1635 221 1698 doctrina
243 1640 336 1716 alque
358 1653 444 1712 opus,
468 1631 540 1715 quia
563 1637 594 1696 et
616 1651 758 1696 sermone
782 1639 813 1695 et
836 1651 929 1711 opere
953 1631 1002 1695 dei
1025 1631 1057 1694 in
1081 1650 1115 1695 ae
1132 1631 1228 1710 patris

86 1736 213 1820 gloriam
237 1735 434 1816 praedicabat.

124 1841 154 1905 8.
179 1839 436 1905 Intellexisti
458 1839 893 1923 omneseogitationes
910 1837 1226 1922 measdelonge.

84 1951 223 2010 scrutans
247 1945 340 2009 corda
363 1949 395 2008 ct
416 1963 508 2008 renes
532 1943 607 2008 deus
630 1948 693 2020 est;
729 1951 760 2006 et
783 1943 939 2025 quomodo
964 1944 1002 2007 de
1025 1942 1119 2025 longe
1142 1943 1227 2026 cogi·
1254 1961 1279 1999 a

86 2050 214 2113 tationes
238 2049 303 2113 eius
326 2046 489 2113 intellectae
512 2046 606 2112 aunt?
652 2047 698 2111 dc
728 2045 851 2128 longe
880 2066 942 2110 non
965 2047 1003 2110 ad
1028 2045 1141 2124 locum,
1172 2047 1228 2110 sed

85 2153 120 2216 ad
144 2159 268 2233 tempus
291 2152 394 2217 refert
439 2171 499 2216 non
525 2152 608 2216 enim
631 2151 677 2215 dc
710 2150 833 2234 longe
863 2149 1084 2234 intellegis
1114 2151 1165 2227 ait,
1195 2158 1229 2215 ut

85 2256 267 2341 significatio
300 2256 361 2320 loci
395 2275 464 2322 ease
498 2257 648 2332 credatur,
686 2261 848 2338 tamquam
882 2253 974 2336 longe
1008 2255 1046 2319 ab
1082 2255 1228 2318 humanis

84 2361 227 2441 operibus
246 2360 323 2425 situs
339 2360 460 2425 uirtutis
478 2379 540 2424 suae
562 2359 750 2439 scientiaea,
768 2379 836 2443 quae
853 2359 1034 2442 cogitantur,
1051 2357 1227 2441 intellegat:

84 2467 136 2529 sed
162 2467 209 2528 de
231 2464 353 2548 longe
375 2462 640 2540 intellexisti,
663 2463 811 2544 praeteriti
834 2463 935 2543 potius
958 2463 1107 2543 temporis
1130 2463 1227 2547 signi·
1255 2479 1280 2517 2⁰

84 2567 179 2633 ficana
202 2575 336 2634 aetatem.
382 2575 413 2632 ct
437 2568 488 2632 ubi
511 2567 602 2645 istud,
625 2568 707 2652 quod
730 2566 825 2649 longe
840 2572 912 2632 ante
931 2569 1134 2651 cogitationes
1157 2587 1228 2632 suas

84 2673 274 2755 cognouerit,
289 2669 505 2752 reperiemus?
529 2691 643 2752 nempe
659 2671 710 2736 ubi
728 2672 855 2736 dicitur:
879 2691 972 2736 ecce
995 2691 1093 2750 puer
1108 2691 1227 2748 meus,

84 2795 199 2858 quem
223 2776 341 2859 clegi,
358 2776 536 2841 dilectus
560 2777 731 2853 mensio
748 2795 823 2858 quo
840 2774 1229 2855 conplacuitanima

83 2899 180 2946 mea:
203 2900 346 2961 ponam
369 2879 561 2960 spiritum
585 2899 961 2960 mcumsupereum,
978 2879 1228 2945 etiudicium

83 2985 278 3066 gentibus
301 2985 518 3048 nuntiabit.
563 3003 638 3048 non
662 2983 866 3061 clamabit,
890 3004 966 3048 non
993 2984 1225 3061 contendet,
1256 3000 1282 3038 π

83 3107 212 3170 neque
236 3089 448 3172 quisquam
481 3089 519 3152 in
554 3087 706 3168 plateis
729 3108 868 3153 uocem
892 3089 977 3153 eius
1000 3089 1151 3152 audiet.
1198 3095 1229 3152 et

128 3275 262 3334 lMatth.
282 3280 354 3346 vul,
384 3282 397 3332 l
425 3297 465 3348 sq.
503 3279 635 3333 6Matth.
660 3280 706 3346 IX,
736 3282 776 3333 19.
812 3278 905 3332 eloh.
924 3280 997 3346 XIII,
1016 3283 1040 3331 4.
1077 3281 1111 3332 22
1128 3279 1227 3332 Marto.

83 3363 145 3427 XII,
165 3369 196 3420 18
214 3385 254 3435 sq.

125 3540 222 3592 2cu1n
241 3545 306 3593 sunl
325 3539 375 3591 PT
427 3539 542 3593 ueniens
569 3557 617 3592 om.
637 3539 687 3591 PT
687 3557 700 3592 c
752 3539 923 3621 4dotetigit
942 3557 1005 3593 euru
1024 3540 1050 3591 P
1100 3538 1170 3593 eiad
1188 3539 1228 3591 Re

81 3645 111 3694 et
129 3641 165 3694 ad
182 3644 246 3696 Pro
300 3641 421 3724 sananda
441 3643 467 3695 P
517 3643 687 3696 centurionis
697 3643 773 3696 RPT
790 3642 1003 3710 archisynagogi
1023 3643 1050 3693 Ε
1100 3640 1192 3724 adlit
1205 3643 1231 3695 Ρ

81 3747 136 3798 9a
156 3761 220 3800 cena
238 3749 402 3800 lizenone
420 3747 446 3798 Ρ
499 3749 530 3799 11
550 3751 578 3799 et
596 3746 768 3800 surrectione
794 3747 820 3799 R
844 3750 872 3800 et
898 3746 1103 3800 resurrectione
1121 3765 1134 3799 e
1152 3746 1228 3799 etin

81 3834 286 3887 resurrectione
297 3833 362 3886 1⁷17>
416 3835 448 3886 12
467 3834 512 3886 dci
531 3833 560 3886 in
578 3850 608 3886 se
625 3833 713 3901 patris
730 3833 849 3900 gloriam
858 3834 913 3887 RE
924 3833 968 3886 dei
987 3833 1016 3885 in
1034 3833 1120 3900 patris
1139 3831 1228 3900 glorii

82 3917 110 3968 P
127 3918 173 3970 dei
189 3920 275 3988 patria
292 3920 411 3988 gloriam
431 3921 456 3972 T
510 3922 542 3974 17
560 3919 687 3989 intellegi
705 3937 734 3973 se
753 3919 793 3974 ait
811 3921 837 3972 R
892 3922 925 3973 18
943 3919 1110 3987 significatio
1125 3920 1165 3972 Re
1182 3935 1228 3972 res

81 4003 151 4056 Flu
203 4010 235 4061 19
253 4007 323 4061 situs
341 4007 456 4061 uirtutis
484 4023 549 4061 suae
567 4006 682 4060 scientia
700 4024 732 4060 ea
750 4024 821 4075 quac
839 4007 865 4058 R
883 4006 919 4060 sit
946 4023 1009 4059 cum
1035 4022 1088 4059 usu
1114 4005 1228 4059 dimotis

82 4107 153 4143 auae
171 4097 198 4146 et
215 4092 330 4148 scientia
348 4111 417 4162 quae
437 4094 488 4146 PT
505 4093 542 4147 sit
569 4111 632 4147 eum
651 4093 714 4146 uisu
730 4093 844 4147 uirtutis
862 4109 928 4146 suae
947 4098 975 4145 et
993 4092 1109 4145 scientie
1127 4108 1197 4160 quae
1215 4111 1228 4144 e

81 4177 120 4230 20
149 4177 311 4234 intellexmti
338 4181 391 4232 TE
415 4180 557 4234 intellexit
574 4181 628 4233 ΗΡ
695 4181 729 4233 22
750 4180 940 4248 repperiemua
965 4180 991 4232 R
1014 4179 1187 4248 repperimus
1205 4179 1230 4230 Ρ

80 4264 119 4316 24
140 4279 193 4334 sup
211 4283 273 4322 eum
291 4273 350 4334 april
369 4265 432 4320 meu
452 4267 477 4320 R
494 4269 541 4320 sed
557 4269 590 4320 οῖ’.
606 4287 634 4338 p.
653 4267 720 4333 663,
740 4267 757 4320 el
811 4269 845 4320 ‘25
869 4283 925 4319 non
950 4266 1081 4320 clamabit
1102 4285 1150 4318 om.
1170 4266 1220 4318 PT
1220 4307 1226 4318 .
