3075 4967
429 246 612 297 tractatus
631 242 666 295 in
684 242 857 311 psalmum
876 242 1006 297 CXLVII.
1225 240 1289 308 855

140 433 251 500 dietus.
296 433 451 501 ciuitatem
474 454 547 501 uero
569 432 652 499 hano
673 434 763 509 uiuis,
798 440 832 499 nt
863 433 1019 515 apostolus
1051 434 1102 514 ait,
1136 434 1290 515 lapidibus

141 544 313 605 ertmotam
336 548 514 604 aanotorum
530 544 628 605 ooetus
643 536 810 603 oonlormis
825 536 932 621 gloriae
947 538 998 603 dei
1014 559 1052 603 er
1066 539 1289 605 resurreetione

142 650 352 720 consummat,
383 644 434 727 qui
466 663 508 721 se,
538 640 638 726 qualis
661 642 782 708 suerrus
804 648 897 721 esset
920 662 976 722 per
996 642 1094 709 fidem
1113 644 1147 708 in
1161 662 1288 725 corpore

141 748 260 812 domini
282 755 354 813 ante
376 746 553 829 speculatus
583 754 632 811 est
661 757 691 811 ιι
721 746 834 812 ideireo
868 747 963 812 etiam
987 746 1061 812 Sion
1084 755 1287 831 nuncupatur.

140 870 253 932 eorpus
277 851 402 934 quidem
422 851 539 926 domini
563 852 733 916 seeundum
759 850 1022 931 interpretationis
1037 851 1193 930 uirtutem,
1215 853 1288 936 quia
1326 878 1340 917 ι

139 956 172 1019 in
197 976 233 1021 so
257 976 344 1037 spem
368 963 504 1021 nostram
527 954 589 1021 fide
612 954 865 1036 contemplamur,
899 954 931 1019 in
960 956 1105 1022 omuibus
1128 956 1287 1037 seripturis

141 1059 215 1124 Sion
251 1060 419 1142 nuncupari
458 1060 659 1137 existimatur,
705 1059 778 1142 quia
814 1058 888 1124 Sion
926 1058 1091 1140 speculatio
1129 1068 1186 1125 ιιι.
1230 1062 1287 1127 aed

140 1163 250 1229 eiuitas
283 1162 344 1242 illa,
379 1183 448 1246 quae
471 1162 668 1229 Hierusalem
702 1170 758 1241 est,
792 1182 861 1247 quaa
893 1169 1021 1247 propter
1052 1164 1286 1231 unanimitatem

140 1267 251 1333 ciuitas
274 1271 360 1352 pasis
381 1275 436 1347 est,
472 1269 566 1333 etlam
590 1272 715 1348 propter
737 1267 1016 1333 conformationem
1038 1269 1069 1331 in
1093 1288 1128 1333 se
1150 1270 1286 1350 eorporis

140 1372 200 1451 dei,
216 1372 248 1436 in
264 1392 323 1456 quo
339 1391 373 1437 se
388 1382 460 1437 ante
476 1370 633 1453 speculata
648 1378 701 1448 est,
727 1370 801 1437 Sion
818 1378 1026 1453 nuncupatur:
1050 1372 1136 1437 ouius
1152 1372 1284 1457 gloriam
1314 1397 1338 1434 ιι

139 1477 253 1557 adepta
282 1482 337 1555 est,
368 1477 488 1559 aceepit
510 1495 632 1560 quoque
654 1476 720 1541 eius
744 1483 775 1541 et
796 1495 919 1541 nomen.
964 1495 1041 1560 ergo
1063 1482 1100 1571 et·
1116 1483 1285 1543 conuentus

139 1580 191 1645 illa
215 1579 359 1661 pasilidun
393 1587 425 1646 ιι
446 1580 545 1665 gloria
574 1579 626 1644 illa
656 1599 819 1661 corporum
853 1580 1081 1646 demutatorum
1108 1582 1141 1646 in
1174 1580 1286 1647 Hieru-

138 1684 239 1749 salem
263 1690 294 1749 et
317 1684 390 1749 Sion
412 1684 537 1750 nomine
553 1689 607 1760 est,
630 1685 714 1769 quod
737 1690 901 1767 utmmqus
923 1704 1019 1749 unum
1043 1691 1105 1764 est;
1128 1705 1189 1750 non
1213 1705 1286 1751 sara

139 1790 244 1853 inania
288 1808 387 1872 neque
426 1788 646 1855 aedifioationes
683 1786 821 1865 hebetes,
865 1789 922 1853 sed
965 1788 1113 1855 rationale
1161 1790 1286 1870 animal,

140 1892 412 1959 fundamentorum
436 1894 639 1977 uiuarumque
655 1892 775 1974 lapides
790 1912 987 1973 gemmarum
1011 1900 1042 1958 et·
1064 1894 1149 1959 eluas
1171 1896 1284 1960 saneti·
1313 1915 1337 1954 ιι

140 1997 212 2063 tatis
236 2004 266 2063 et
288 1997 338 2063 dei
360 1996 393 2061 in
416 1997 602 2063 domesticos
625 2016 698 2062 suos
721 1996 896 2061 dominatus
922 1996 991 2061 hae
1011 1998 1120 2063 ciuitas
1136 2005 1190 2076 est
1214 2019 1284 2081 quae

139 2120 295 2175 exsensu
329 2102 526 2167 beatitudinis
557 2122 620 2167 suae
643 2108 674 2166 et
696 2100 899 2168 consessionis
932 2102 1086 2184 praeeonio
1120 2102 1285 2167 aduocatur

140 2208 181 2271 ad
206 2206 339 2271 laudem.

185 2310 213 2374 3.
238 2310 279 2375 Et
300 2310 452 2392 propbeta
467 2329 599 2395 ¹(eausam
624 2309 808 2376 laudationis
831 2310 959 2375 adierit:
987 2311 1176 2393 quoniam
1200 2331 1283 2376 oon·

139 2415 315 2480 fortault
337 2434 452 2480 aeras
481 2422 689 2496 portarum
723 2421 889 2493 tuarum,
923 2415 1139 2480 benedixit
1168 2415 1284 2480 filios
1312 2434 1336 2471 2⁰

140 2524 232 2583 tuos
256 2520 294 2582 in
318 2528 364 2585 te.
411 2519 478 2601 qui
509 2518 646 2599 posuit
678 2518 788 2583 fines
821 2524 911 2583 tuos
944 2538 1082 2599 paoem
1105 2520 1284 2601 etadipe

139 2624 334 2688 frumenti
369 2624 525 2688 satians
559 2628 604 2689 te.
649 2621 717 2687 haeo
740 2621 792 2687 illa
815 2628 862 2688 est
884 2623 983 2687 beata
1006 2629 1095 2688 terrae
1117 2621 1284 2699 hereditas,

139 2746 236 2811 quam
253 2727 397 2795 dominus
419 2729 450 2791 in
472 2727 641 2811 euangeliis
657 2728 828 2792 mansuetis
843 2727 1010 2808 spopondit
1025 2727 1148 2792 dicens:
1173 2726 1283 2793 beati

139 2832 358 2909 mansueti,
412 2832 601 2915 quoniam
646 2832 726 2913 ipsi
775 2830 1075 2897 hereditabunt
1125 2839 1283 2898 terram.

138 2934 280 3017 plurimis
303 2936 333 2999 in
358 2933 434 3000 locis
468 2934 625 3019 prophstae
653 2935 852 3001 beatitudinis
875 2934 966 3002 huius
989 2942 1112 3017 tempus
1134 2937 1284 3018 praediea-
1311 2953 1336 2991 ιι

138 3047 249 3105 uerunt
271 3050 301 3104 ιι
323 3038 504 3104 firmitatem
528 3040 660 3105 ciuitatis
684 3039 775 3105 buius
798 3046 937 3106 aeterne:
971 3041 1058 3106 ouius
1080 3041 1123 3105 ita
1137 3047 1234 3123 portae
1254 3048 1286 3105 et

139 3164 217 3210 serae
244 3142 431 3209 confirmata>
452 3151 530 3221 sunt,
553 3151 587 3210 ut
601 3145 788 3210 aduersariis
803 3145 892 3211 nobis
908 3144 1105 3227 inimicisque
1120 3145 1285 3210 uirtutibus

184 3357 197 3408 l
218 3355 231 3408 1
249 3353 323 3407 Petr.
341 3356 366 3421 2,
385 3354 409 3407 5.
445 3354 480 3406 28
498 3353 596 3406 Matth.
615 3352 647 3419 V,
666 3356 691 3406 4.

184 3531 198 3581 1
218 3531 249 3581 ut
268 3528 410 3596 apostolus
438 3526 478 3580 ait
496 3526 522 3579 R
539 3531 571 3579 ut
589 3526 629 3579 ait
646 3525 788 3594 apostolus
806 3525 835 3577 E
885 3526 902 3578 2
920 3524 1126 3578 resurreetione
1143 3543 1174 3579 ea
1191 3542 1282 3579 resur·

138 3615 270 3669 rexeione
289 3613 322 3683 R,
340 3614 383 3666 ubi
400 3616 423 3667 ι.
443 3615 459 3666 l.
480 3610 520 3681 (s.
530 3610 603 3678 224)
623 3614 727 3666 diuersa
739 3630 809 3665 man.
822 3613 899 3682 inoip.
952 3613 969 3665 5
987 3612 1247 3681 interpraetationes
1258 3617 1283 3667 (ι’

138 3701 314 3757 dseribturis
326 3702 351 3753 G
403 3704 420 3754 ’1
436 3699 484 3754 sed
500 3700 600 3754 oiuitaa
618 3700 670 3753 GR
682 3698 729 3754 sed
740 3703 768 3752 et
778 3698 878 3752 ciuitas
888 3700 916 3751 Ε
968 3701 1001 3755 10
1010 3699 1161 3754 ouiusRet
1169 3700 1286 3754 oniusE

139 3790 173 3843 13
183 3789 294 3841 nomine
304 3793 346 3841 est
358 3787 383 3839 G
391 3785 503 3841 nomine
513 3787 568 3840 RE
620 3789 652 3839 14
661 3786 754 3839 inania
766 3784 817 3838 GR
826 3784 947 3839 inanima
956 3786 985 3837 Ε
1035 3785 1147 3840 hebetes
1158 3787 1213 3839 GE
1219 3786 1284 3841 bae·

137 3877 217 3930 betes
226 3875 252 3928 R
307 3878 338 3927 17
348 3873 529 3928 confessionis
538 3874 688 3943 praeconio
699 3874 724 3926 0
734 3872 905 3927 confessione
914 3873 1054 3942 praeeonii
1065 3873 1120 3926 RE
1171 3876 1204 3928 19
1219 3891 1283 3928 con·

137 3962 295 4016 somanites
307 3960 511 4015 confortabitR
563 3962 598 4016 20
614 3977 689 4014 seras
704 3978 734 4013 ea
749 3961 875 4014 serrasR
926 3962 960 4014 21
977 3961 1056 4013 aerea
1070 3961 1167 4028 toqui
1177 3965 1282 4015 -tnos

137 4068 186 4102 om.
206 4051 232 4102 R
284 4048 366 4117 adipe
385 4049 410 4101 R
462 4050 497 4101 22
516 4048 618 4101 satians
636 4052 664 4101 te
683 4048 709 4101 R
728 4046 877 4113 (donandos
894 4046 934 4113 σε)
953 4047 1037 4101 satiat
1054 4054 1082 4101 te
1095 4049 1123 4100 E
1174 4049 1223 4102 illa
1241 4056 1283 4104 est

137 4137 163 4190 R
182 4140 226 4190 est
243 4136 294 4190 illa
312 4136 340 4187 Ε
390 4138 425 4191 23
443 4135 472 4187 in
500 4134 653 4203 euangeliis
683 4135 755 4187 Gna
782 4136 811 4188 in
838 4134 1014 4203 euangelioa
1060 4137 1094 4189 25
1111 4135 1282 4204 profetaeG

136 4227 170 4277 27
190 4238 282 4277 serrae
302 4224 333 4276 ll.
971 4252 974 4256 f
