3075 4967
447 286 629 335 tractatus
647 282 684 335 in
701 282 874 349 psalmum
893 281 1012 335 cxxxl.
1239 279 1302 345 663

158 471 292 537 Dauid
323 477 362 538 et
390 471 520 536 omnis
552 469 883 536 mausuetudinis
913 471 1017 548 eius;
1047 470 1090 534 ait
1112 469 1194 535 enim
1218 469 1302 550 ipse:

150 576 249 659 quie
271 581 509 641 mansuetus
533 580 572 641 et
593 573 764 639 humilis
787 576 909 639 corde
933 593 1026 639 sum.
1050 573 1301 640 ettestimonium

150 680 432 760 deeepatrisest:
455 698 552 744 ecce
573 697 671 759 puer
694 697 813 755 meus,
837 697 952 762 quem
976 678 1097 763 elegi,
1122 677 1302 745 dilectus

150 803 278 861 meus·
297 783 336 847 in
360 803 435 869 quo
458 781 696 866 conplacuit
718 783 851 847 anime
883 802 982 848 mea:
1014 801 1153 864 ponam
1184 783 1303 865 spiri·

150 895 237 953 tum
260 908 386 953 meum
409 907 530 969 super
557 905 654 962 eum,
685 892 724 951 et
752 886 951 952 iudicium
982 887 1178 971 gentibus
1208 907 1300 952 nun·
1342 912 1356 950 a

148 992 286 1058 tiabit.
342 1011 417 1057 nen
473 991 696 1057 contendet
747 1010 877 1075 neque
914 990 1126 1070 clamabit,
1171 1011 1302 1076 neque

148 1096 296 1161 audiet
317 1081 472 1179 aliquis
502 1096 540 1160 in
572 1094 724 1177 plateis
746 1114 885 1159 uocem
908 1095 1002 1160 eius.
1046 1100 1080 1159 ul
1102 1096 1203 1160 omnis
1227 1113 1302 1180 ergo

147 1200 247 1265 huius
282 1200 527 1266 mansuetudinis
560 1205 648 1280 pater
681 1198 859 1264 meminerit
892 1198 1086 1280 deprecatur,
1123 1218 1179 1279 per
1217 1200 1302 1264 cuius

147 1304 401 1370 mensuetudinis
434 1303 619 1370 modestiam
656 1303 714 1369 deo
749 1303 828 1384 petri
858 1302 997 1368 cilicium
1027 1301 1209 1368 humilitatis
1239 1320 1301 1368 suae

145 1407 283 1474 uenerit
1330 1431 1355 1467 10

193 1513 228 1576 4.
253 1512 375 1592 Sicut,
405 1513 515 1597 iuquit,
545 1513 702 1579 iurauit
731 1511 901 1589 domine,
933 1516 1067 1576 uotum
1096 1512 1209 1578 uouit
1231 1515 1303 1577 deo

147 1617 288 1682 Iacob.
333 1618 520 1682 sacrementi
549 1616 665 1682 mentio
695 1617 734 1681 ed
763 1615 989 1698 professionem
1023 1616 1190 1681 uoluntatis
1214 1616 1302 1681 adsu-

147 1722 260 1786 mitur.
305 1726 337 1785 et
358 1721 475 1800 nescio,
498 1741 536 1786 an
561 1720 738 1804 unigenitus
760 1720 915 1786 iurauerit.
963 1726 1047 1786 certe
1075 1720 1118 1785 ita
1148 1725 1178 1785 et
1207 1719 1305 1804 gessit

146 1831 180 1892 et
205 1825 328 1890 locutus
351 1831 400 1890 est
422 1826 533 1903 omnis,
562 1831 595 1889 ut
617 1825 804 1890 sacramenti
834 1823 975 1910 religioni
1006 1825 1188 1890 satisfacere
1217 1821 1303 1888 uide-

146 1935 247 1996 retur.
304 1950 439 2014 namque
472 1949 545 1995 cum
578 1929 722 2014 quaedam
760 1928 799 1993 de
836 1930 981 2012 passione
1018 1948 1074 1994 sua
1111 1927 1227 1996 locutus
1262 1927 1302 1992 ad
1331 1949 1356 1986 1⁵

145 2032 320 2114 discipulos
342 2053 415 2098 suos
437 2033 548 2098 fuisset
580 2039 613 2098 et
635 2033 746 2098 Petrus
777 2039 937 2116 tamquam
966 2032 1132 2117 indiguum
1162 2031 1222 2098 hoc
1252 2023 1303 2098 dei

144 2136 219 2202 filio
243 2136 414 2203 detestatus
432 2143 523 2216 esset
554 2137 692 2216 Petrum,
709 2137 760 2203 cui
776 2138 916 2222 superius
931 2135 1035 2204 claues
1050 2137 1140 2222 regni
1157 2135 1303 2204 curiorum

145 2242 295 2319 dederat,
319 2261 411 2322 super
434 2259 527 2327 quem
543 2241 707 2308 ecclesiam
721 2240 930 2307 aedificaturus
945 2247 1018 2320 erat
1035 2241 1184 2306 aduersus
1208 2261 1302 2326 quem

144 2353 252 2429 portoe
285 2345 377 2411 inferi
410 2345 489 2410 nihil
510 2344 724 2428 praeualerent,
747 2346 800 2430 qui
824 2365 893 2430 quae
915 2347 948 2411 iu
971 2345 1062 2412 terris
1089 2345 1232 2410 soluisset
1252 2343 1301 2411 uel

144 2450 291 2536 ligasset
322 2469 358 2515 ec
387 2449 420 2514 iu
450 2448 533 2515 caelis
563 2448 614 2515 uel
643 2448 743 2515 soluta
776 2449 980 2530 persisterent
1012 2448 1061 2514 uel
1091 2447 1194 2534 ligata,
1217 2448 1301 2514 hunc
1331 2468 1356 2505 πο

144 2557 261 2638 itaque
294 2552 347 2618 tali
381 2553 520 2620 conuicio
554 2554 760 2619 detestantem
795 2553 854 2618 hoc
888 2559 1116 2620 sacramentum
1150 2553 1302 2635 passionis

146 2657 292 2740 excepit:
331 2657 432 2723 uada
468 2664 582 2723 retro
619 2665 711 2740 post
746 2677 814 2737 me,
849 2663 1024 2735 satanas,
1063 2655 1302 2724 scandalum

145 2761 253 2828 milri
287 2781 337 2828 es.
382 2767 469 2828 tanta
497 2761 525 2827 ei
555 2760 665 2847 religio
700 2761 758 2827 fuit
791 2781 847 2846 pro
882 2761 1009 2826 humani
1045 2761 1171 2846 generis
1206 2761 1303 2827 salute

145 2865 302 2950 patiendi,
335 2872 370 2930 ut
404 2866 539 2945 Petrum,
573 2867 708 2948 primum
740 2865 797 2932 filii
821 2867 871 2931 dei
907 2867 1129 2943 consessorem,
1163 2864 1302 2932 ecclesie

144 2971 402 3050 fundamentum,
436 2969 568 3037 caelestis
601 2971 692 3055 regni
726 2971 891 3038 ianitorem
922 2977 953 3037 et
982 2972 1013 3036 in
1044 2977 1167 3036 terreno
1190 2970 1302 3037 iudicio
1330 2989 1355 3026 π

144 3075 289 3141 iudicem
328 3073 403 3153 celi,
442 3081 558 3139 satanae
595 3075 733 3140 conuicio
771 3081 969 3156 nuncuparet.
1023 3075 1096 3159 quin
1134 3075 1226 3140 etiam
1271 3074 1301 3138 in

194 3212 333 3268 snauh.
352 3213 399 3282 Xl,
417 3215 460 3267 29.
495 3213 630 3285 cusam.
648 3215 709 3279 ΧΗ,
730 3216 762 3268 18
781 3232 821 3282 sq.
857 3217 892 3268 22
910 3213 1009 3268 matth.
1027 3213 1100 3281 XVI,
1118 3215 1161 3268 23.

93 3352 103 3369 ⁸
193 3335 268 3390 ode
286 3329 486 3390 eoRbdiPTe
537 3335 727 3390 danimamea
741 3335 988 3390 VRP¹Tbunimae
1006 3352 1083 3389 meae
1097 3331 1149 3389 P’e
1201 3333 1303 3389 piudi-

146 3424 228 3478 cium
247 3422 377 3491 genubus
396 3420 514 3492 (gentil).
538 3422 575 3488 V)
598 3422 687 3476 VPYo
705 3422 840 3476 iudicium
863 3440 956 3476 meum
978 3418 1110 3491 gentibus
1129 3423 1155 3475 R
1171 3422 1303 3490 gentibus

145 3509 323 3564 iudiciumc
373 3508 542 3564 dolamauit
565 3509 590 3563 V
640 3513 708 3563 ‘lut
725 3525 792 3578 ergo
810 3510 900 3563 omnis
924 3509 949 3562 V
998 3508 1116 3562 Bhuius
1139 3507 1227 3562 VRTc
1244 3507 1303 3561 eius

147 3597 192 3650 Pe
250 3597 281 3649 11
300 3595 400 3664 inquid
418 3595 444 3649 R
497 3596 553 3649 dile
570 3614 643 3666 supr.
661 3614 711 3650 scr.
729 3615 762 3650 m.
779 3597 799 3670 Ι1
818 3597 844 3649 R
896 3600 993 3649 uotum
1014 3613 1063 3649 om.
1082 3595 1108 3649 R
1161 3597 1195 3649 14
1212 3611 1303 3649 secra-

146 3683 241 3738 menti
269 3681 399 3752 religioni
422 3683 487 3737 Vno
514 3687 687 3737 sacramento
713 3683 856 3752 religionis
876 3683 913 3736 Pe
930 3687 1103 3738 sacramento
1130 3681 1305 3751 religioniT

148 3773 185 3825 16
203 3769 339 3838 indignus
371 3769 406 3821 V¹
470 3773 503 3824 17
521 3775 604 3839 petru
631 3789 662 3824 ca
687 3774 768 3839 petro
797 3771 822 3822 Τ
846 3775 927 3839 petro
953 3769 1024 3823 RPa
1078 3771 1111 3824 19
1129 3767 1211 3822 inferi
1240 3767 1304 3823 VRe

145 3857 256 3912 inserui
283 3855 326 3922 (in
353 3874 406 3910 raa.
426 3855 463 3922 P)
492 3857 557 3909 H'o
609 3857 804 3926 praecelerant
831 3857 857 3909 R
883 3855 1010 3910 ualerent
1033 3857 1095 3910 VTe
1121 3854 1247 3910 emerent
1273 3873 1304 3910 ec

146 3998 250 4053 ualent
268 3996 295 4049 P
346 3996 394 4064 qui
419 4012 490 4064 quae
509 3995 550 4062 (in
574 4014 628 4050 ras.
647 3995 684 4062 P)
708 3996 811 4050 VPTE
833 3953 969 4063 qud³quce
987 3995 1014 4049 R
1066 3994 1195 4048 coluisset
1213 3993 1239 4047 R
1257 3995 1303 4048 uel

149 4085 286 4140 noluisset
309 4082 396 4138 Wre
405 4085 476 4153 sort.
494 4093 560 4137 recte
612 4085 648 4138 22
665 4083 736 4138 uude
762 4089 838 4137 retro
865 4087 928 4152 post
951 4099 997 4135 mc
1019 4081 1067 4138 VR
1090 4081 1161 4135 uude
1178 4085 1241 4150 post
1258 4097 1303 4134 me

150 4172 234 4226 ΡΤΕ
244 4171 281 4240 cs.
294 4169 415 4224 Soocticr
423 4170 479 4238 ΙΙΙ,
488 4169 526 4224 98
578 4175 687 4224 sutanum
705 4170 754 4224 VR
772 4169 901 4224 sathanas
915 4169 940 4221 T
956 4173 1052 4222 muna
1071 4167 1123 4221 PE
1173 4169 1208 4222 23
1225 4171 1307 4222 tanta

150 4260 178 4314 ei
199 4257 308 4312 RVFI*
323 4260 402 4311 tanta
420 4257 494 4311 cuim
513 4258 539 4311 ei
557 4258 585 4310 E
636 4259 670 4311 25
689 4257 793 4312 iudicio
811 4275 883 4329 capr.
900 4275 949 4310 cer.
971 4256 1001 4310 Τ.
