3075 4967
454 299 652 353 instructio
676 301 903 369 psalmorum.
1210 300 1249 366 13

163 484 207 549 ld.
232 486 267 551 tlt
288 508 325 551 ea
347 507 441 553 causa
463 495 519 565 est,
540 496 574 553 ut
596 489 628 551 in
652 490 763 572 uiginti
789 491 863 555 duos
886 490 981 555 libros
996 489 1046 556 lex
1057 490 1249 557 Testamenti

126 589 230 655 Veteris
252 592 421 671 deputetur,
444 598 477 657 ut
499 612 570 658 cum
592 593 766 658 litterarum
789 614 918 659 numero
949 596 1159 661 conuenirent.
1198 597 1249 679 qui

124 694 160 757 ita
179 696 342 759 secundum
364 697 549 763 traditiones
577 704 718 762 ueterum
749 698 944 780 deputantur,
975 706 1008 763 ut
1038 698 1157 784 Moysei
1190 701 1251 765 sint

124 796 183 861 libri
204 798 342 883 quinque,
378 800 450 865 Iesu
473 800 563 866 Naue
597 809 709 877 sextus,
742 801 885 866 Indicum
918 808 949 866 et
971 802 1053 867 Ruth
1088 804 1250 885 septimus,

124 902 225 981 primus
248 910 278 967 et
299 905 453 970 secundus
485 905 664 989 Regnorum
695 912 830 980 octenae,
863 908 972 971 tertius
1002 920 1033 971 et
1062 918 1187 991 quartus
1216 909 1249 973 in
1290 937 1303 974 a

123 1024 233 1083 nonum,
255 1006 513 1093 Paralipomenon
537 1011 598 1073 duo
621 1009 653 1073 in
677 1009 834 1075 decimum
858 1011 928 1085 sint,
952 1030 1113 1075 sermones
1130 1010 1249 1076 dierum

124 1107 218 1173 llsdrae
239 1111 269 1175 in
293 1113 501 1191 undecimum,
525 1113 604 1178 liber
626 1113 822 1179 Psalmorum
854 1116 1052 1179 duodecimus
1082 1116 1130 1187 sit,
1166 1114 1249 1180 Salo

123 1216 212 1279 monis
233 1215 407 1295 Prouerbia,
433 1217 645 1294 Ecclesiaste,
669 1216 833 1283 Canticum
856 1220 1046 1283 canticorum
1070 1220 1251 1284 intertium

123 1319 263 1384 decimum
296 1327 325 1386 et
348 1330 490 1405 quartum
525 1323 680 1387 decimum
714 1330 745 1387 et
768 1324 911 1406 quintum
941 1324 1105 1401 decimum,
1136 1323 1250 1388 duode-

122 1424 173 1487 cim
193 1431 292 1489 autem
306 1426 442 1491 minores
461 1425 625 1510 Prophetae
635 1427 667 1491 in
684 1432 806 1492 sextum
822 1428 987 1502 decimum,
1012 1427 1119 1491 Esaias
1135 1428 1248 1493 deinde
1276 1457 1302 1493 ιο

122 1534 147 1590 at
167 1526 333 1595 Hieremias
358 1550 426 1595 cum
451 1530 672 1596 lamentatione
701 1536 733 1596 et
762 1531 901 1611 epistula
932 1532 988 1596 sed
1019 1538 1050 1596 et
1075 1530 1183 1596 Daniel
1218 1538 1250 1596 et
1360 1595 1362 1598 .

122 1629 252 1697 Ezechiel
275 1640 304 1699 et
335 1632 394 1699 Iob
428 1643 459 1699 et
489 1634 604 1701 Hester
634 1636 743 1717 uiginti
774 1636 869 1698 duum
906 1633 1055 1699 librorum
1084 1656 1249 1700 numerum

122 1745 327 1803 consumment.
386 1740 569 1823 quibusdam
601 1745 705 1805 autem
734 1740 836 1804 uisum
867 1746 923 1812 est,
954 1740 1067 1803 additis
1100 1738 1197 1803 'lobia
1220 1749 1250 1804 et

122 1837 213 1904 Iudith
242 1842 351 1927 uiginti
381 1850 525 1926 quattuor
558 1844 652 1908 libros
682 1843 853 1909 secundum
884 1862 1047 1907 numerum
1077 1862 1249 1925 graecarum

123 1941 277 2010 litterarum
306 1967 540 2024 connumerare,
572 1948 713 2012 Romane
744 1967 866 2031 quoque
897 1946 1002 2031 lingua
1032 1948 1136 2011 medie
1169 1947 1249 2012 inter
1277 1976 1302 2013 ιι

123 2045 257 2114 llehraeos
279 2050 465 2135 Graecosque
489 2053 632 2129 collecta;
664 2052 735 2135 quia
765 2051 815 2117 his
845 2053 982 2115 maxims
1013 2051 1110 2116 tribus
1133 2050 1249 2133 linguis

123 2160 333 2220 sacramentum
365 2157 527 2223 uoluntatis
562 2157 610 2223 dei
644 2163 674 2221 et
704 2158 786 2221 beati
817 2156 905 2239 regni
941 2155 1114 2241 expectatio
1136 2155 1249 2238 pradi-

124 2262 211 2321 catur:
244 2280 279 2324 ex
313 2281 376 2344 quo
411 2262 485 2327 illud
520 2261 610 2326 Pilati
643 2261 707 2333 fuit,
739 2270 772 2324 ut
795 2259 843 2325 his
874 2261 973 2325 tribus
1002 2259 1118 2342 linguis
1140 2277 1250 2342 regem

121 2356 280 2427 ludaeorum
310 2366 471 2429 dominum
497 2365 601 2431 Iesum
625 2364 784 2429 Christum
807 2384 877 2429 esse
911 2363 1134 2449 proscriberet.
1176 2381 1250 2426 nam

122 2468 253 2547 quamuis
283 2468 387 2533 multae
421 2470 561 2535 barbarae
594 2476 705 2553 gentes
740 2468 791 2532 dei
836 2468 1047 2551 cognitionem
1077 2467 1249 2531 secundum
1277 2496 1301 2533 ro

124 2571 312 2653 apostolorum
329 2574 579 2654 predicationem
604 2580 635 2638 et
650 2572 844 2637 manentium
862 2572 954 2637 hodie
974 2571 1036 2637 illic
1048 2571 1249 2637 ecclesiarum

124 2674 207 2741 fidem
229 2680 347 2763 adeptae
378 2679 448 2755 sint
482 2687 585 2743 tamen
622 2676 797 2757 specialiter
832 2677 1014 2761 euangelica
1048 2676 1187 2741 doctriua
1216 2676 1247 2738 in
1337 2748 1340 2753 ,

125 2770 249 2845 Romano
264 2783 399 2864 imperio,
422 2783 479 2848 sub
496 2802 556 2866 quo
569 2781 695 2846 Hebraei
712 2788 743 2846 et
759 2780 860 2845 Graeci
875 2782 1077 2857 continentur,
1100 2779 1249 2844 consistit·

162 2901 424 2987 reconcilians
469 2910 571 2968 autern
616 2910 670 2980 est,
717 2905 885 2968 secuudum
930 2902 1123 2967 octonarium
1169 2900 1250 2965 hunc

126 3006 221 3088 uiginti
253 3014 281 3072 et
317 3012 446 3075 duarum
481 3010 658 3091 ogdoadum
692 3028 858 3073 numerum
892 3027 972 3081 eum,
1008 3007 1059 3089 qui
1094 3005 1249 3069 subiectus
1276 3030 1302 3070 u

126 3118 164 3173 est
203 3112 233 3175 in
274 3114 450 3197 quindecim
494 3114 620 3179 canticis
661 3112 824 3197 graduum,
861 3110 1052 3192 psalmorum
1085 3129 1248 3174 numerum

162 3340 177 3389 2
193 3338 331 3407 deputetur
345 3359 375 3393 es
394 3340 571 3408 deputemtur
582 3358 614 3392 m.
629 3340 649 3390 2
667 3339 692 3392 V
741 3342 757 3392 3
770 3338 876 3406 moysei
894 3338 919 3389 V
934 3336 980 3401 (cs.
995 3337 1070 3388 Neue
1082 3336 1212 3389 Formenl.
1227 3336 1248 3396 J,

126 3422 188 3489 333)
218 3427 301 3495 moysi
319 3426 402 3493 (mosi
420 3424 449 3493 α)
468 3427 512 3479 rE
562 3426 712 3481 docmuus
730 3426 766 3479 Vr
791 3426 821 3477 in
838 3429 968 3478 octauum
988 3425 1016 3475 Ε
1060 3421 1210 3479 ‘lhesdrae
1228 3422 1254 3474 V

127 3510 282 3567 duodecimus
301 3516 338 3567 sit
361 3514 396 3567 Vr
421 3514 449 3566 in
465 3513 657 3567 duodecimum
671 3514 699 3565 E
740 3511 890 3566 solomonis
910 3512 933 3563 l'
991 3508 1212 3565 deecclesiastes
1229 3510 1254 3560 V

127 3600 283 3655 ecclesiasten
318 3622 333 3655 r
387 3604 404 3655 9
431 3606 559 3668 quartum
590 3601 728 3654 decimum
755 3618 786 3665 ex
821 3604 951 3667 quartum
982 3598 1072 3651 decim
1107 3596 1131 3649 V
1181 3596 1249 3649 duo·

127 3686 200 3740 decim
217 3706 245 3741 ea
262 3689 457 3743 duodecimum
481 3688 506 3742 V
558 3692 591 3743 10
608 3688 728 3742 minores
756 3689 851 3756 scripsi
868 3686 967 3739 Bened.
991 3686 1157 3737 adnotatione
1180 3700 1248 3747 usur,

126 3774 319 3831 oncsVomnes
337 3786 370 3845 rt,
406 3776 494 3828 om.E
510 3776 557 3843 (cs.
578 3777 649 3828 stad.
674 3774 751 3839 1886,
770 3772 843 3839 332)
896 3771 1020 3841 profetae
1045 3771 1069 3823 V
1118 3768 1204 3823 eseias
1229 3770 1253 3820 l'

127 3862 152 3912 12
172 3862 258 3917 hester
275 3884 304 3918 ea
322 3870 397 3917 ester
420 3864 446 3918 V
494 3862 595 3929 uiginti
623 3862 708 3915 duum
732 3860 850 3915 VXXH
877 3879 891 3911 r
917 3858 1019 3927 uiginti
1043 3862 1071 3910 et
1094 3857 1212 3910 duorum
1230 3875 1249 3905 α

126 3947 211 4017 uiginti
226 3956 253 4005 et
270 3951 387 4005 dunma
441 3952 474 4005 13
491 3950 616 4003 tobiaer
669 3950 702 4001 14
719 3964 882 4017 graecarum
901 3964 931 3999 ea
956 3960 1120 4014 graecorum
1141 3942 1204 3995 nal
1229 3942 1250 3993 l'

123 4024 150 4088 'lt
173 4037 217 4105 qui
237 4038 280 4092 his
305 4038 329 4092 V
380 4038 413 4093 18
439 4036 552 4090 illutV
600 4039 636 4090 20
651 4035 787 4089 barbarae
806 4052 835 4086 ea·
861 4032 945 4085 barae
963 4051 995 4083 m.
1016 4030 1083 4083 2V
1132 4031 1165 4082 21
1189 4028 1248 4082 illic

126 4120 192 4176 hodie
222 4125 245 4178 V
293 4124 458 4179 eclesiarum
495 4124 518 4177 V
586 4124 620 4176 22
646 4122 675 4175 in
706 4138 821 4174 romano
851 4118 969 4187 imperio
1005 4118 1041 4171 Vr
1077 4117 1108 4169 in
1131 4115 1249 4169 Romani

127 4207 257 4277 inperiiE
306 4214 341 4267 23
354 4211 480 4267 consistit
498 4212 534 4263 Vr
570 4211 634 4263 sede
647 4208 774 4263 consistit
788 4209 815 4260 E
847 4204 1067 4260 ildeootonarium
1076 4220 1222 4257 numerum
1235 4223 1249 4254 r

127 4296 152 4347 25
168 4298 306 4353 oedoarum
332 4300 588 4369 Vogdredarumr
640 4312 786 4350 numerum
805 4296 828 4346 lz.
847 4296 863 4346 l.
882 4312 963 4345 om.r
1017 4307 1080 4343 eum
1099 4309 1147 4342 orn.
1171 4290 1212 4343 Vr.
