3075 4967
381 313 560 362 tractatus
579 309 614 360 in
632 310 804 376 psalmum
825 307 946 360 CXXIII.
1174 303 1235 368 591

102 520 168 579 opus
190 505 237 565 est
260 500 310 564 dei
334 499 555 576 misericordia,
579 505 609 563 et
639 498 744 561 omnia
766 497 865 574 nobis,
889 501 1050 578 tamquam
1075 515 1112 560 er
1134 500 1239 560 nostro

101 604 162 682 siut,
182 605 386 669 uindicemus.
431 602 585 685 numquid
616 601 704 666 fortis
735 598 849 666 fortem
873 619 907 664 se
930 599 1120 682 gloriabitur,
1144 618 1237 682 quern
1328 584 1335 600 '

100 709 226 788 corporis
248 707 401 792 agritudo
425 705 539 771 efficiet
561 705 745 770 infirmum?
790 704 942 787 numquid
962 703 1050 769 diues
1072 703 1103 766 iu
1128 703 1237 782 opibus

99 810 279 894 gloriabitur,
303 811 352 876 cui
376 809 445 875 haec
468 810 573 875 omnia
596 808 674 875 sorte
697 807 755 885 inr,
780 811 894 889 praedo,
918 822 1067 892 tyrannus
1083 805 1237 888 abripiet?

98 917 240 1000 numquid
275 913 420 980 nobilitas
444 913 635 999 gloriabitur,
666 911 776 978 edecta
800 931 1033 995 nonnumquam
1057 909 1182 976 infirma
1205 919 1236 976 et
1278 937 1290 972 a

98 1018 274 1085 miserabilis
313 1019 472 1084 seruitus?
516 1017 668 1101 numquid
705 1017 831 1098 sapiens
866 1015 1056 1100 gloriabitur,
1091 1015 1236 1092 incertus

97 1123 165 1205 quid
197 1125 229 1188 in
263 1129 422 1188 momenta
458 1122 518 1187 sibi
556 1121 701 1188 accidat?
755 1122 811 1188 sed
846 1121 872 1186 si
906 1121 982 1204 qnid
1019 1118 1131 1185 horum
1169 1120 1236 1185 sina

96 1227 237 1293 molestia
260 1227 389 1292 alicuius
413 1225 659 1307 interpellatione
681 1227 805 1304 utimur,
828 1224 978 1301 laetamur,
1003 1223 1168 1289 efferimur.
1206 1230 1236 1289 et

96 1331 119 1394 si
140 1351 174 1396 er
196 1331 301 1416 aliqua
325 1331 449 1396 tristitia
471 1331 504 1396 in
528 1332 677 1415 gaudium
707 1337 908 1406 reuertamur,
939 1327 1032 1393 huius
1066 1327 1162 1409 ipsius
1184 1329 1235 1392 uis

96 1436 190 1516 adepti
227 1436 333 1517 gaudii
366 1435 532 1515 incapaces
564 1434 646 1498 ultra
679 1453 806 1499 sensum
845 1432 989 1498 hnmanae
1026 1431 1235 1497 inbecillitatis
1264 1457 1287 1492 ιο

95 1538 270 1615 extollimur,
302 1539 493 1604 inmemores
516 1538 591 1604 dicti
606 1536 714 1604 buius:
738 1557 814 1602 non
839 1537 1046 1622 glorietur
1068 1537 1235 1617 sapiens

95 1642 128 1705 in
149 1643 359 1724 sapientia
382 1663 461 1720 sua,
490 1663 620 1727 neque
650 1642 775 1708 sortis
806 1643 844 1706 iu
875 1641 1125 1707 fortitudine
1156 1661 1235 1718 sua,

93 1767 218 1831 neque
241 1748 362 1813 diues
395 1748 434 1811 in
470 1747 636 1813 diuitiis
667 1747 761 1824 sula,
793 1747 862 1812 sed
889 1747 927 1810 in
952 1766 995 1812 eo
1019 1744 1234 1830 glorietur,

95 1851 392 1936 qnigloriatur,
422 1850 675 1935 intellegere
705 1871 747 1916 se
780 1855 818 1916 et
847 1869 1109 1935 cognoscere,
1141 1849 1235 1934 quia

93 1975 159 2039 ego
182 1976 265 2021 sum
289 1956 485 2021 dominus.
530 1975 684 2038 argones
710 1956 749 2020 de
773 1954 1003 2020 consuetudinis
1027 1961 1138 2019 nostra
1159 1952 1234 2018 uitio
1261 1975 1286 2012 ιε

93 2057 253 2126 insolentes
280 2063 416 2143 quodam
448 2061 629 2141 praecripto
660 2059 864 2124 confessionis
894 2057 1046 2140 propheta
1080 2058 1233 2136 formauit,

93 2164 178 2228 etad
201 2163 352 2228 bonorem
374 2165 432 2229 deo
466 2164 660 2230 reddendum
695 2171 726 2229 et
749 2164 781 2227 in
805 2183 840 2228 eo
872 2161 1069 2247 gloriandum
1093 2162 1234 2243 exemplo

94 2267 306 2332 admonitionis
329 2267 452 2332 edocuit
475 2269 598 2333 dicens:
633 2267 713 2332 nisi
744 2269 850 2352 quod
874 2267 1059 2333 domiuus
1083 2273 1172 2332 erat
1194 2267 1233 2330 in

92 2370 212 2448 uobis,
237 2371 349 2436 dicat
371 2391 476 2456 nunc
500 2369 672 2436 Israhel.

132 2473 159 2538 3.
183 2476 309 2541 Auditis
331 2475 427 2559 igitur
446 2475 641 2557 opropheta,
662 2496 731 2560 quaa
747 2476 852 2542 dicere
868 2495 924 2540 nos
940 2481 1067 2554 oportet,
1090 2475 1231 2540 dicamus
1259 2494 1283 2532 πο

93 2587 200 2643 etuas:
224 2580 304 2644 nisi
329 2581 432 2663 quod
456 2579 645 2646 dominus
668 2587 756 2645 erat
779 2580 818 2643 in
842 2579 968 2656 nobis,
993 2599 1079 2644 cum
1102 2579 1232 2644 insur-

92 2681 1233 2767 gerenthominosinnos,forsitanuiuosdegluttissent

92 2805 165 2851 nos.
208 2788 349 2868 perpessi
371 2808 509 2872 namque
532 2787 695 2853 hominurn
717 2788 946 2855 insectationes.
977 2807 1089 2872 regum
1120 2787 1233 2869 impias

92 2891 327 2968 constitutiones,
350 2891 580 2956 consiliatorum
603 2891 813 2957 inlecebrosus
836 2891 1067 2958 adhortationes
1097 2912 1168 2957 cum
1199 2892 1230 2955 in

132 3065 162 3117 ll
182 3064 301 3119 Hieram.
319 3065 367 3131 lx,
385 3067 420 3119 23
438 3083 480 3133 aq.

131 3203 193 3255 let
218 3203 310 3256 omnia
338 3202 364 3255 P
388 3202 481 3256 omnia
508 3204 534 3256 R
561 3202 606 3268 (de
627 3206 652 3257 G
675 3207 699 3257 lu.
718 3207 735 3258 l.
763 3223 815 3258 non
841 3204 955 3271 coastat)
983 3206 1068 3260 etiam
1095 3205 1188 3258 omnia
1205 3207 1234 3258 Ε

91 3288 219 3354 dquaem
245 3290 271 3342 R
335 3289 443 3343 tiorts
470 3289 516 3343 fur
545 3290 597 3343 GR
623 3291 669 3345 iur
695 3291 722 3344 P
784 3291 930 3345 binfirma
959 3293 984 3345 G
1012 3292 1127 3359 indigna
1154 3293 1233 3345 RPE

90 3373 285 3440 tgloriabitur
314 3377 366 3429 GR
392 3375 647 3445 glori÷ficabitur
666 3378 693 3430 P
742 3379 865 3433 incertus
887 3380 938 3432 GR
961 3379 1076 3432 incertis
1096 3379 1122 3432 P
1172 3379 1230 3433 'lsi

938 3475 988 3504 mur

91 3529 135 3564 orn.
147 3513 172 3565 G
221 3519 359 3571 8utemur
370 3515 396 3568 G
405 3513 483 3582 (ΡΗ)ι
536 3516 858 3571 laetamnrefferimnrR
877 3519 979 3605 lctaet
989 3517 1104 3571 ferimur
1114 3516 1196 3586 Ptcs.
1201 3535 1229 3587 p.

90 3613 151 3679 590,
161 3614 200 3670 23
210 3618 315 3673 laetans
324 3619 378 3683 est)
388 3618 567 3688 delectamur,
581 3619 760 3675 efferiman
810 3621 887 3676 9uix
902 3622 955 3674 GP
964 3622 1061 3676 niaeR
1114 3625 1146 3675 11
1160 3621 1230 3676 dicti

90 3700 167 3756 huius
187 3704 236 3758 GR
252 3706 336 3760 huius
353 3706 423 3760 dieti
442 3707 468 3759 P
520 3709 554 3760 14
572 3708 619 3775 qui
643 3707 783 3776 gloriatur
803 3709 855 3761 GP
871 3727 919 3762 om.
939 3709 964 3762 R
1018 3709 1083 3776 quia
1103 3709 1128 3761 G
1146 3707 1186 3777 qd
1205 3709 1230 3761 R

91 3789 161 3854 quod
180 3790 205 3842 P
226 3793 357 3860 quoniam
375 3793 405 3845 E
456 3796 489 3847 17
507 3795 634 3862 exemplo
663 3795 715 3848 GR
743 3795 913 3864 exemplario
933 3795 959 3848 P
1010 3797 1043 3850 18
1060 3795 1171 3848 edocuit
1200 3813 1230 3848 ex

91 3874 211 3932 ssdocuit
227 3880 253 3932 R
304 3883 337 3933 al
358 3887 538 3948 assurgerent
554 3880 679 3934 homines
698 3881 728 3936 in
745 3899 796 3936 nos
817 3883 843 3936 G
861 3883 1037 3950 insurgerent
1056 3882 1181 3936 homines
1200 3883 1228 3935 in

91 3961 378 4036 nosRPcf.p.590,1·i
419 3965 782 4022 ttforsitanGRI’forteE
833 3968 1228 4038 degluttissentGPdeglntis·

92 4053 150 4102 sent
168 4050 192 4102 R
240 4053 275 4107 84
292 4052 506 4107 constitutiones
523 4053 575 4106 GP
590 4053 772 4124 cogitationes
787 4055 812 4108 R
865 4052 1055 4112 consiliatores
1074 4055 1229 4110 inlecebro-

94 4201 133 4238 ω
159 4188 363 4247 adhortationes
384 4192 410 4244 G
428 4191 609 4247 consiliatoris
636 4193 790 4248 inlecebras
815 4139 1020 4249 sdiortationes
1048 4195 1085 4263 P,
1114 4196 1139 4248 R
1167 4197 1228 4248 luceo

93 4275 168 4327 verbu
186 4293 230 4330 om.
