3075 4967
297 276 360 340 800
637 274 754 330 saneti
779 275 917 330 Hilarii
941 275 1106 345 episcopi

297 472 388 543 esset
412 467 544 530 oratio
567 471 687 532 tantum
709 465 823 547 psalmi
846 465 934 531 titulo
957 465 1065 531 fuisset
1086 466 1245 547 inscripta.
1290 468 1347 532 sed
1370 468 1440 551 quia

296 570 335 633 ad
359 570 507 635 orationis
530 570 740 654 cognitionem
763 570 893 651 spiritali
925 568 1139 653 intellegentia
1167 590 1244 651 opus
1273 578 1365 647 esset
1397 571 1442 636 111-

297 674 378 739 eireo
402 673 647 739 intellectus
672 675 814 751 oratio,
838 675 912 757 quia
927 674 969 739 sit
985 674 1202 758 intellegenda,
1226 676 1442 755 praesrribitnr.

297 776 413 841 seimus
449 778 530 843 enim
566 797 634 844 esse
665 786 696 843 et
718 777 805 842 illum
830 777 940 853 Dauid,
974 778 1061 843 euius
1084 777 1323 856 tabemaeulum
1358 778 1441 862 qnod

258 881 461 958 emeruerat,
486 883 652 949 excitatum
681 890 736 959 est,
772 885 896 957 iustum.
921 886 1081 957 orientem.
1115 890 1311 967 regnantem.
1341 884 1444 947 idest

298 986 457 1052 dominnm
482 998 629 1064 nostrum,
654 988 704 1053 nei
726 986 834 1063 filium,
859 990 912 1073 qui
927 990 1107 1073 frequenter
1121 988 1243 1071 fugerit
1267 987 1443 1069 frequenter

297 1087 427 1161 latuerit,
451 1090 630 1174 frequenter
653 1093 794 1167 orruerit
818 1094 847 1156 iu
873 1094 940 1173 ipso
969 1112 1093 1176 qnoque
1127 1097 1267 1171 tempore
1290 1090 1443 1171 passionis

298 1200 328 1258 et
361 1193 482 1259 lleunrit
516 1200 547 1260 et
579 1198 618 1261 ad
654 1196 747 1261 deum
780 1197 812 1260 in
850 1195 1046 1263 tribulatione
1083 1195 1273 1272 elambuerit,
1306 1215 1368 1260 non
1404 1194 1442 1258 ob

298 1299 470 1363 naturalem
494 1299 581 1381 quasi
604 1300 757 1379 passionis
782 1308 909 1379 metum,
932 1301 989 1366 sed
1012 1300 1165 1376 adlectum
1183 1298 1328 1376 hominis,
1351 1318 1442 1381 quem

248 1434 271 1469 ιο
298 1403 433 1487 gerebat,
457 1404 641 1469 ostendens:
676 1410 709 1468 ut
742 1424 798 1485 per
831 1404 912 1471 bano
946 1405 1118 1470 orationem
1141 1411 1173 1469 et
1194 1403 1277 1468 filius
1311 1404 1370 1479 dei,
1404 1404 1442 1465 ad

299 1526 391 1589 quem
427 1514 537 1581 oraret,
574 1518 604 1571 et
637 1508 705 1588 ipse
738 1528 800 1573 nou
832 1508 995 1575 simulatus
1018 1508 1123 1583 homo,
1147 1509 1202 1573 sed
1225 1526 1317 1601 uerus
1339 1518 1443 1589 posset

298 1609 446 1695 intellegi.
500 1611 564 1676 eius
601 1613 707 1695 itaque
745 1633 815 1678 esse
853 1612 921 1679 haeo
957 1612 1149 1697 intellegitur
1186 1612 1292 1678 oratio.
1344 1610 1442 1675 Dauid

299 1715 426 1797 quidem
449 1716 480 1778 in
505 1714 652 1796 spelunea
674 1716 816 1800 loquitur,
845 1719 901 1782 sed
925 1717 1088 1799 prophetat
1110 1719 1142 1781 in
1165 1715 1299 1781 Christo.
1344 1713 1442 1779 Dauid

300 1818 387 1903 fugit,
411 1821 468 1885 sed
490 1820 597 1904 fugam
633 1821 751 1885 domini
787 1822 833 1886 sui
869 1841 931 1885 non
966 1832 1029 1886 tam
1062 1842 1119 1903 per
1147 1821 1244 1886 uerba
1274 1838 1366 1904 quam
1390 1838 1444 1899 per

249 1952 272 1990 rs
300 1924 406 2007 sugam
430 1923 605 2004 prophetet.
651 1924 749 1990 Dauid
773 1926 883 2006 spiritu
906 1926 1031 2002 deferit,
1066 1926 1122 1991 sed
1145 1931 1176 1990 et
1199 1924 1326 1989 domino
1350 1922 1443 1987 tristis

301 2035 349 2093 est
372 2029 476 2092 anima
508 2031 666 2113 usquead
692 2036 832 2094 mortem.
879 2030 980 2095 Dauid
1011 2030 1139 2095 semitas
1169 2030 1247 2094 deus
1277 2024 1442 2111 eognoseit

300 2135 356 2197 sed
380 2140 411 2198 et
433 2132 528 2197 lilium
552 2152 644 2198 nemo
668 2136 753 2199 uouit
776 2134 834 2199 nisi
857 2144 955 2215 pater.
1003 2134 1103 2198 Dauid
1134 2136 1165 2198 in
1195 2132 1268 2197 fidei
1303 2151 1365 2196 suae
1386 2130 1442 2194 uiis

300 2235 402 2321 laquei
425 2237 568 2303 absconsi
592 2244 671 2315 sunt,
695 2239 819 2303 domino
841 2258 966 2323 quoque
982 2241 1012 2304 iu
1029 2237 1259 2318 praedicationis
1275 2256 1338 2301 suae
1355 2254 1442 2301 rursu

299 2342 415 2426 ubique
437 2348 587 2421 parantur
608 2342 738 2406 insidiae.
784 2341 837 2407 hio
869 2342 901 2406 in
936 2342 1084 2423 spelunea
1118 2348 1193 2420 oret
1227 2340 1281 2406 ille
1314 2345 1380 2403 orat
1412 2338 1442 2401 iu

249 2468 275 2505 ru
302 2466 437 2525 corpore.
491 2466 598 2511 seruus
633 2446 793 2511 dominnm
830 2445 995 2528 prophetat
1032 2444 1202 2521 Christum,
1249 2444 1349 2509 Dauid
1386 2442 1442 2506 iste

301 2548 388 2615 illum
401 2550 503 2615 Dauid
526 2551 664 2615 omnium
688 2550 868 2630 passionum
892 2550 1056 2631 prophetat
1072 2548 1222 2630 exemplo.
1270 2555 1361 2631 atque
1375 2546 1442 2610 ideo

302 2654 369 2718 haeo
392 2674 453 2719 non
478 2664 540 2718 tum
566 2653 666 2719 Dauid
691 2656 728 2719 de
751 2675 786 2719 se
809 2655 885 2736 ipso,
916 2674 1011 2738 quam
1041 2654 1081 2719 de
1112 2654 1236 2718 domiuo
1266 2673 1322 2733 per
1344 2649 1442 2715 Dauid

303 2758 385 2823 diota
406 2758 603 2843 intellegetur
626 2760 729 2823 oratio.

348 2880 376 2944 2.
399 2880 502 2946 Vooe
533 2902 617 2946 mea
646 2882 693 2946 ad
724 2882 927 2946 dominnm
959 2880 1141 2958 elamaui‚
1164 2899 1262 2944 uooe
1292 2898 1375 2943 mee
1397 2876 1441 2941 ad

251 3017 276 3053 n
304 2984 507 3050 dominum
538 2987 784 3065 deprecatus
812 3005 906 3051 sum.
952 2984 1124 3050 effundo
1154 2983 1194 3048 in
1224 2988 1441 3062 eonspeetu

306 3086 391 3154 eius
414 3091 642 3155 orationem
665 3110 791 3162 meam
815 3097 851 3155 et
873 3087 1190 3155 tribulationem
1213 3094 1440 3153 meamante

303 3192 433 3273 ipsum
466 3195 693 3275 pronuntio.
738 3194 778 3258 in
813 3194 1052 3259 definiendo
1086 3214 1131 3257 ex
1165 3212 1223 3257 me
1256 3190 1439 3273 spiritum

304 3318 439 3363 meum.
484 3298 610 3383 egregie
634 3300 802 3364 uerborum
825 3299 900 3363 ordo
925 3298 1091 3378 dispositus
1114 3304 1169 3362 est
1214 3295 1347 3377 primum
1368 3310 1439 3357 uoce

304 3401 469 3481 elamatur;
505 3403 606 3467 omnis
640 3404 724 3467 enim
757 3401 858 3467 fidelis
891 3402 950 3467 uiri
985 3402 1078 3466 etiam
1107 3400 1202 3465 tuella
1236 3406 1269 3465 et
1300 3394 1439 3480 spiritalis

252 3538 277 3575 ³0
304 3508 472 3587 expectatio
496 3508 554 3571 deo
577 3506 693 3571 elamor
717 3513 773 3572 est.
817 3505 929 3570 deinde
948 3523 1024 3570 noue
1041 3509 1155 3583 oratur,
1177 3502 1210 3567 id
1234 3510 1282 3568 est
1304 3498 1437 3567 desiderii

304 3618 334 3676 et
356 3610 429 3675 fidei
452 3611 556 3691 petitio
586 3610 690 3677 uerbis
713 3610 800 3675 uocis
830 3608 955 3675 effertur
989 3608 1158 3674 seeundum
1192 3606 1268 3671 illud
1302 3600 1436 3685 apostoli:

305 3714 478 3796 psallam
508 3715 666 3795 spiritu,
697 3714 870 3795 psallam
902 3721 940 3779 et
961 3731 1066 3779 noue.
1112 3710 1202 3777 tertio
1225 3710 1259 3776 in
1281 3712 1437 3789 conspectu

349 3858 383 3909 32
400 3858 414 3911 Ι
434 3856 494 3909 Cor.
515 3859 555 3922 14,
577 3856 616 3909 15.

347 3990 463 4043 4illum
487 3988 571 4041 dauid
595 4006 625 4041 eu
654 3987 734 4040 illum
761 3984 865 4038 ddauid
883 4002 916 4037 m.
937 3986 952 4035 1
971 3983 997 4037 R
1049 3982 1120 4038 sad
1138 3982 1206 4034 diim
1225 3982 1252 4034 R
1305 3982 1335 4033 ll
1352 3979 1436 4046 posset

306 4076 345 4130 let
363 4095 393 4129 eu
410 4094 476 4129 eurr.
497 4074 567 4140 1111
619 4076 654 4127 20
671 4070 807 4141 propheta
825 4072 851 4125 R
920 4070 969 4124 ille
996 4071 1076 4123 illum
1095 4070 1140 4121 Ra
1192 4070 1228 4121 23
1255 4068 1329 4120 dieta
1352 4080 1394 4115 om
1410 4059 1435 4111 R

305 4162 474 4231 intelligitur
493 4164 520 4213 E
570 4164 605 4213 26
623 4166 651 4213 et
668 4159 877 4213 tribulationem
895 4174 986 4210 meam
1004 4184 1037 4193 —
1055 4156 1205 4224 pronuntio
1224 4154 1323 4221 111111,
1346 4150 1388 4203 sed
1399 4146 1433 4209 cf·

306 4250 368 4312 infr.
384 4268 412 4317 p.
431 4248 530 4311 aaa&
582 4250 616 4301 ‘28
635 4247 762 4315 egregiae
782 4246 808 4298 Il
860 4248 893 4298 31
912 4243 1080 4297 saecundum
1098 4244 1132 4295 R.
