3075 4967
257 290 321 355 870
600 292 716 345 sancti
741 289 874 343 Hilarii
899 291 1060 359 episcopi

258 487 386 547 exerant
407 486 601 562 potestatem.
645 480 690 546 sia
724 479 836 545 cantici
870 481 943 545 noui
977 479 1112 565 hymnus
1145 480 1297 561 impletur,
1331 501 1407 548 cum

256 592 327 667 post
349 587 489 670 gentium
524 584 721 665 obprobrium
757 604 930 669 regumque
964 585 1117 650 cruciatus
1150 586 1298 652 indiciam
1329 606 1406 652 eon·

258 692 406 772 scriptum
429 690 461 754 iu
484 700 594 774 gentes
618 708 772 774 regesque
795 690 971 768 decernant
1002 689 1113 773 quibus
1147 691 1291 755 dominus
1315 690 1406 757 lesus

260 794 401 861 Christus
425 800 455 859 et
484 793 660 879 unigenitus
695 794 770 859 deus
794 799 824 858 et
846 794 990 860 dominas
1024 800 1056 859 et
1088 814 1143 860 rer
1177 805 1232 871 est,
1267 795 1321 879 qui
1355 805 1407 860 est

218 926 232 963 a
259 898 442 965 benedictus
465 898 496 962 in
519 897 632 964 saecula
655 897 846 963 saeculorum.
891 916 994 963 amen.

692 1082 878 1188 aarum
905 1103 967 1186 au.

302 1244 482 1311 Laudato
506 1245 707 1310 dominum
736 1245 774 1309 in
806 1244 965 1310 sanctis
989 1246 1092 1311 eius:
1127 1245 1291 1311 laudate
1315 1266 1406 1311 enm

258 1350 296 1414 iu
320 1348 580 1415 firmamento
602 1349 774 1415 uirtutis
797 1350 892 1415 eius.

151 1506 153 1509 ·
260 1476 261 1479 ’
305 1471 330 1535 l.
356 1470 482 1556 Magnis
504 1470 693 1553 psalmorum
724 1470 838 1535 libmm
868 1471 1075 1536 sacramentis
1104 1491 1207 1537 rerum
1231 1472 1406 1538 celestium

205 1608 231 1643 ιο
258 1576 406 1641 refertum
430 1595 499 1641 esse
522 1594 605 1656 sape
627 1576 835 1651 tractauimus
860 1574 909 1639 ael
931 1594 1001 1641 cum
1028 1576 1189 1656 dispositio
1208 1575 1405 1660 singulorum

258 1686 362 1745 contra
394 1681 544 1760 temporis
574 1685 797 1764 gestorumque
820 1680 971 1744 rationem
1005 1679 1144 1745 ordinem
1175 1700 1406 1764 numerumque

258 1786 364 1851 sortita
397 1786 446 1863 sit,
481 1783 529 1849 uel
565 1804 636 1849 aum
671 1783 950 1865 superscriptiones
984 1783 1140 1849 nonnullae
1174 1784 1271 1862 aliter,
1307 1804 1403 1868 quam

258 1888 461 1955 Hebraeomm
485 1887 571 1954 libris
602 1887 805 1965 continentur,
837 1889 1001 1969 adscripta
1032 1895 1111 1966 sunt,
1141 1887 1190 1953 uel
1221 1908 1293 1953 cum
1324 1889 1404 1955 tituli

257 1994 369 2076 plures,
400 2013 470 2058 curn
501 1991 576 2057 nulli
606 1992 676 2067 sint,
712 1990 922 2077 praeferautur.
969 2012 1040 2057 cum
1071 2011 1146 2076 ergo
1179 1991 1261 2057 ultra
1295 1992 1404 2058 littera

205 2126 230 2162 a
257 2097 432 2179 opinionem
462 2096 599 2162 celsioris
630 2095 850 2179 intellegentis
881 2116 973 2161 seusu
1006 2095 1150 2161 uolumen
1174 2097 1330 2181 digestum
1354 2098 1403 2174 sit,

257 2201 391 2283 oportuit
413 2201 547 2281 idipsum
572 2199 668 2283 digno
690 2199 751 2265 fine
782 2199 933 2273 concludi.
967 2206 1000 2266 ut
1033 2201 1202 2265 secuudum
1234 2199 1401 2285 gloriosam

257 2307 322 2388 spei
344 2312 458 2371 nostrae
488 2304 708 2385 perfectionem
732 2303 811 2369 liber
833 2324 956 2388 quoque
978 2304 1054 2369 taut-i
1078 2303 1235 2386 prophetae
1258 2324 1404 2369 consum-

229 2443 233 2451 ·
258 2416 358 2475 matus
381 2409 536 2475 existeret.
582 2408 716 2488 primurn
732 2408 813 2473 enim
830 2410 861 2473 in
879 2428 949 2473 eum
965 2414 1013 2474 est
1029 2428 1193 2473 numerum
1211 2408 1403 2485 distributas,

257 2514 310 2597 qui
334 2526 371 2579 eu
395 2512 545 2594 tripartito
568 2511 830 2596 quiuquagesimo
854 2532 983 2577 numero
1007 2518 1089 2578 esset
1120 2512 1299 2595 explendus,
1330 2532 1403 2577 curu

206 2642 230 2679 20
258 2637 358 2701 neque
380 2617 411 2681 iu
436 2616 578 2683 Hebraeis
608 2636 754 2681 numerus
785 2615 916 2701 singulis
946 2618 1119 2700 quibusque
1142 2636 1278 2683 conexus
1301 2617 1350 2691 sit,
1372 2624 1403 2682 et

257 2720 395 2804 plerique
415 2722 497 2802 apud
513 2740 565 2786 eos
581 2719 701 2801 psalmi,
725 2741 786 2805 quo
802 2721 904 2786 minus
920 2719 971 2785 hie
988 2720 1115 2802 triplicis
1131 2722 1400 2805 quiuquagesimae

257 2844 402 2903 numerus
436 2824 622 2903 conueniret,
656 2824 751 2890 iuneti
786 2831 865 2890 sunt.
911 2824 969 2890 fuit
998 2845 1072 2910 ergo
1102 2824 1134 2890 ia
1165 2824 1401 2891 translatoribus

257 2928 315 2993 boc
348 2927 567 3013 intellegentia
601 2928 756 3011 spiritalis,
791 2940 823 2993 ut
857 2937 1038 3014 congestam
1074 2929 1155 2994 banc
1194 2930 1223 2993 ia
1257 2928 1400 3011 plurimis

256 3033 529 3117 continuatamque
552 3034 665 3098 seriem
688 3034 877 3114 partirentur
899 3034 930 3097 ia
954 3053 1127 3107 numerum,
1152 3038 1186 3098 ut
1208 3033 1399 3114 psalmorum

201 3162 229 3199 aa
255 3136 391 3202 omnium
408 3135 459 3202 bic
475 3142 507 3202 et
522 3138 596 3201 orda
613 3143 643 3202 et
659 3157 816 3215 numerus,
833 3137 933 3221 quiin
952 3136 1001 3202 bis
1018 3138 1115 3202 tribus
1131 3137 1399 3221 quinquagesimis

256 3247 312 3320 est,
336 3240 433 3322 possit
448 3240 572 3323 expleri,
589 3242 742 3325 tutiusque
759 3241 828 3306 libri
846 3242 930 3307 idem
946 3240 997 3307 bic
1012 3243 1100 3326 quasi
1124 3247 1221 3306 status
1245 3242 1399 3306 existeret.

256 3346 308 3430 qui
331 3346 414 3421 fidei,
437 3351 470 3411 nt
493 3346 523 3410 in
540 3345 798 3431 quinquagesimo
813 3345 931 3428 psalmo
947 3345 1175 3429 centesimoque
1191 3346 1398 3421 tractauimus

256 3470 385 3535 quoram
408 3470 487 3515 unus
518 3451 687 3515 secundum
711 3450 890 3531 praescripta
913 3448 992 3535 legis
1016 3455 1086 3531 post
1109 3450 1308 3515 sabbatorum
1330 3450 1397 3514 sab·

254 3556 327 3619 bata
350 3554 575 3619 consessionem
611 3554 726 3634 peccati
751 3554 1030 3637 remissionemque
1053 3552 1219 3635 conplexus
1241 3569 1298 3627 est,
1322 3552 1397 3617 alias

298 3748 315 3801 ὅ
332 3746 408 3799 Finit
426 3746 548 3814 psalmus
568 3744 746 3800 cxxxulnl
764 3744 827 3811 (sic)
846 3745 946 3813 incipit
967 3744 1012 3799 CL
1031 3746 1072 3802 R:
1125 3747 1153 3797 ia
1176 3763 1226 3814 seq.
1251 3742 1317 3814 [sol.
1341 3742 1396 3796 228

254 3843 276 3887 et
295 3830 369 3899 929]
387 3834 416 3886 ab
435 3834 607 3885 humiditatem
627 3834 707 3885 inulto
725 3834 752 3885 ia
772 3834 797 3886 R
814 3834 926 3885 caenida
934 3842 994 3886 aaut
1050 3834 1081 3887 10
1099 3833 1199 3900 sepeli
1244 3834 1286 3885 ’12
1304 3847 1395 3900 super·

253 3919 448 3987 scriptionieli
503 3919 778 3974 lihaebraearumli
830 3920 1006 3988 adacripteli
1051 3922 1083 3974 16
1092 3918 1229 3985 dignusli
1272 3922 1303 3973 17
1321 3922 1393 3972 tante

254 4006 279 4059 R
330 4008 364 4060 21
384 4006 628 4075 quinquagesimae
646 4008 710 4059 coni.
729 4008 826 4061 Bened.
845 4008 872 4058 ia
891 4008 951 4059 oda.
969 4006 1004 4074 «f.
1016 4024 1088 4077 supr.
1109 4010 1225 4059 instruct.
1240 4025 1281 4077 pa.
1293 4023 1349 4077 cop.
1364 4003 1393 4055 11

253 4093 496 4162 quinquagesimus
513 4094 538 4146 li
590 4095 624 4148 25
648 4094 738 4148 tribus
757 4093 995 4162 quinquagesimis
1013 4093 1110 4147 Bened.
1129 4094 1145 4145 l.
1164 4112 1184 4147 c.
1204 4092 1254 4162 (cs.
1277 4111 1347 4162 supr.
1365 4110 1391 4161 p.

253 4178 296 4243 10,
321 4177 371 4245 27)
392 4196 456 4229 sess
473 4180 717 4249 quinquagesimus
737 4179 814 4251 (quid
831 4183 884 4233 loco
898 4199 943 4251 pr.
962 4182 1050 4249 faciit
1069 4177 1136 4247 [tuis
1155 4182 1197 4233 uel
1213 4177 1320 4247 trinit,
1345 4194 1391 4231 aon

251 4264 341 4333 liquet)
361 4267 386 4318 R
404 4267 700 4335 trisquinquagesimus
718 4270 762 4320 ab.
