3075 4967
404 322 587 371 tractatus
606 318 641 370 in
658 317 829 386 psalmum
850 319 968 371 cxxxi.
1196 317 1281 392 661,

123 508 250 591 iugum
272 529 291 574 a
312 508 474 574 ceruice
505 527 641 573 eorum
671 514 710 572 et
738 507 903 573 uincula
934 527 1065 572 eurum
1090 507 1258 572 disrum-

123 632 210 691 pam,
233 618 367 678 etnon
402 613 679 694 operabuntur
712 611 792 692 ipsi
827 611 956 676 adbuc
987 611 1092 689 aliis,
1123 631 1257 692 opara-

123 716 264 782 buntur
286 717 446 782 domino
477 718 548 782 deo
571 736 651 793 suo,
681 721 720 781 et
751 715 878 780 Dauid
910 735 1045 798 regem
1078 717 1256 796 ipsorum

121 821 325 886 suscitabo
363 820 467 900 illis;
505 826 537 886 et
572 839 712 885 rursum:
750 820 962 886 suscitabo
999 819 1089 884 illis
1128 820 1257 884 Dauid

119 943 256 1009 regem,
287 924 495 1003 orientem,
525 924 683 998 iustum,
710 929 748 989 et
771 925 966 1008 regnabit
988 944 1054 989 rer
1079 929 1118 989 at
1140 924 1257 988 intel·
1297 953 1310 988 s

118 1027 926 1112 legetetsacietiustitiametiudiaium
950 1034 1256 1112 superterram:

118 1131 153 1196 in
176 1133 321 1198 diebus
343 1134 430 1198 eius
453 1132 834 1210 saluabiturludas,
852 1131 1071 1198 etIsrabel
1091 1151 1256 1198 commo-

116 1237 272 1302 rabitur
293 1237 446 1316 iidans;
470 1238 545 1303 item
566 1237 597 1301 iu
621 1236 731 1302 Esaia:
761 1243 800 1302 et
834 1235 1021 1302 excitabo
1044 1255 1165 1318 super
1188 1255 1256 1302 eos

114 1345 317 1424 pastorem
357 1362 473 1406 unum
508 1341 648 1420 altum,
683 1349 824 1422 pascet
857 1361 924 1406 eos
962 1361 1106 1406 seruus
1144 1359 1255 1405 meus
1315 1347 1316 1352 ’

116 1444 257 1510 Dnuid:
281 1452 320 1510 et
342 1447 422 1511 erit
444 1445 508 1510 his
539 1450 690 1527 pastor,
711 1450 749 1510 et
771 1465 844 1530 ego
866 1465 935 1510 eru
957 1444 1048 1510 illis
1072 1447 1108 1509 in
1134 1446 1254 1522 deum,
1283 1473 1308 1509 a

115 1557 150 1614 ct
172 1549 299 1615 Dauid
335 1550 530 1632 princeps
563 1551 604 1615 in
636 1550 767 1615 medio
795 1569 945 1626 eorum3
969 1569 1042 1634 ego
1067 1548 1254 1614 dominus

114 1652 273 1719 locutus
307 1673 388 1719 sum
419 1661 458 1719 at
488 1655 698 1735 disponam
732 1655 778 1719 ad
803 1654 928 1719 Dauid
965 1660 1253 1718 testamentum

114 1759 230 1836 pacis,
255 1758 361 1823 nolunt
383 1759 520 1837 credere,
540 1760 623 1842 quod
646 1758 803 1837 docentur,
828 1777 928 1842 neque
944 1757 993 1822 bis
1016 1757 1109 1822 fidem
1131 1755 1253 1834 habant,

112 1861 222 1944 quibus
246 1862 353 1928 deberi
375 1863 606 1928 uenerationem
628 1861 821 1928 confitentur.
867 1871 899 1929 ot
929 1861 1065 1947 religiosi
1101 1861 1252 1945 quomodo

112 1976 198 2030 erunt
220 1967 435 2031 anctoritatem
457 1968 650 2051 abnegantes
671 1966 837 2051 reilgioni?
1283 1993 1306 2028 a

151 2069 181 2134 2.
206 2070 307 2134 Dauid
341 2089 412 2136 oum
446 2071 586 2152 patribus
619 2071 807 2154 quiescebat,
841 2072 908 2152 ipse
930 2077 1149 2136 testamentum
1174 2070 1253 2135 datae

111 2191 163 2251 par
186 2173 319 2258 Moysen
342 2173 421 2259 legis
444 2181 647 2255 cognouerat
671 2180 754 2240 tanto
777 2182 885 2260 postea
907 2175 982 2240 deus
1006 2194 1060 2255 per
1084 2173 1253 2258 prophetas

110 2273 228 2343 locutus
267 2285 315 2343 est
351 2277 455 2344 Dauid
493 2279 698 2357 excitandum,
735 2285 901 2361 pastorem,
939 2297 1056 2361 regem,
1094 2278 1252 2356 orientem,

109 2380 233 2460 iustum,
255 2382 289 2446 in
311 2382 399 2448 cuius
423 2383 531 2448 diebus
554 2382 638 2448 salus
661 2382 785 2449 Israhel
807 2384 855 2461 sit,
878 2383 918 2448 ad
942 2401 1035 2466 quem
1059 2385 1136 2448 deus
1159 2388 1251 2447 testa-

110 2491 244 2550 mentum
268 2486 353 2566 pacis
377 2487 526 2568 disponet
571 2507 646 2572 argo
669 2494 718 2552 est
740 2487 839 2552 Dauid
870 2507 930 2552 nun
962 2485 1012 2551 bio
1036 2487 1130 2552 Iessea
1160 2485 1250 2564 filius,
1279 2510 1304 2546 m

108 2589 296 2668 psalmorum
320 2597 465 2672 exparte
488 2591 685 2672 conscriptor,
707 2592 763 2657 sed
780 2591 879 2656 Dauid
895 2591 933 2655 ob
950 2591 1119 2656 custodiam
1143 2591 1251 2676 gregis

108 2692 152 2756 sui
175 2699 299 2774 pastor:
330 2700 472 2776 pastor
502 2695 606 2760 enim
636 2695 763 2761 bonus
794 2715 863 2776 pro
897 2696 1040 2760 ouibus
1064 2695 1150 2760 suis
1173 2695 1251 2760 ani·

109 2816 206 2861 mam
239 2799 363 2877 ponit,
396 2797 436 2862 ob
465 2801 572 2864 eterni
602 2800 691 2883 regni
722 2799 855 2882 glorium
878 2819 942 2880 rex,
977 2800 1026 2865 cui
1049 2800 1163 2865 dictum
1188 2806 1250 2865 est:

107 2899 245 2978 Rabbi,
261 2906 301 2966 tu
325 2922 365 2967 es
388 2922 456 2967 rex
475 2900 646 2982 Israhel,
669 2903 991 2970 obiudiciumiustus:
1008 2911 1124 2984 pater
1147 2904 1251 2968 enim

106 3024 181 3070 non
206 3004 364 3071 iudicat
386 3025 634 3090 quemquam,
665 3009 734 3074 sed
766 3029 880 3074 omne
911 3009 1107 3074 iudicium
1139 3009 1251 3074 dedit
1277 3032 1304 3069 na

106 3108 269 3180 lilio.ob
293 3110 396 3174 lumen
420 3110 524 3175 mundi
549 3111 668 3176 oriens:
703 3120 764 3177 est
797 3113 901 3178 enim
937 3113 1001 3178 lux
1031 3133 1136 3192 uera,
1167 3133 1250 3197 quse

146 3287 165 3337 4
191 3285 313 3339 Hieram.
331 3285 431 3353 XXIII,
449 3287 467 3341 t
485 3303 525 3355 sq.
561 3289 579 3340 8
596 3287 698 3341 Erech.
715 3287 840 3354 XXXIV,
858 3291 892 3342 23
911 3305 959 3356 sq,
979 3290 1013 3342 al.
1038 3289 1111 3342 Esai.
1130 3290 1187 3355 XL,
1208 3293 1248 3343 11.

105 3370 213 3424 salon
232 3372 265 3439 X,
286 3375 327 3426 ll.
362 3372 472 3426 dliolr.
491 3375 572 3440 Lat.
608 3373 678 3428 ibid.
697 3374 730 3441 V,
748 3377 791 3428 22.
826 3377 861 3430 26
879 3375 948 3429 ibid.
968 3377 988 3442 I,
1007 3378 1032 3429 9.

146 3510 236 3578 2ipsi
263 3512 291 3564 in
317 3529 370 3565 ras.
390 3512 416 3564 P
466 3512 536 3580 aliis,
563 3513 753 3580 operabuntur
778 3515 802 3567 V
827 3512 873 3579 (cf.
893 3517 1012 3568 Sabatia·
1030 3516 1068 3580 II,
1096 3514 1154 3569 69⁶·
1173 3515 1248 3580 adn.)

105 3594 166 3650 aliis
184 3597 238 3652 diis
256 3603 286 3650 at
303 3599 493 3667 operabuntur
505 3599 610 3652 RPVE
660 3600 785 3669 breginr
800 3599 834 3654 V¹
888 3602 1017 3669 regnabit
1035 3621 1066 3655 ea
1083 3602 1212 3670 regnauit
1226 3603 1251 3654 P

105 3687 133 3735 ct
150 3695 210 3738 onte
226 3683 375 3754 intelleget
392 3703 442 3738 om.
465 3686 491 3740 V
540 3686 690 3740 'listrahal
715 3688 740 3741 V
790 3688 893 3742 disaia
912 3689 937 3740 T
955 3691 986 3742 de
1005 3691 1088 3742 Esaia
1112 3691 1134 3742 lu.
1154 3691 1172 3742 l.
1190 3707 1247 3741 cam

103 3769 234 3824 Ezucdbic
251 3771 358 3835 confuso
374 3773 411 3842 (γ’.
429 3775 491 3827 adn.
509 3773 607 3827 Bened.
660 3776 676 3827 t
694 3774 783 3828 altum
801 3781 829 3828 et
850 3781 947 3843 paseat
966 3777 1018 3828 ΗΡ
1069 3779 1099 3831 ll
1120 3776 1247 3830 dominus

104 3854 257 3912 clocutus
274 3875 336 3912 sum
355 3859 381 3912 R
435 3861 468 3914 14
486 3860 581 3914 deberi
608 3860 786 3915 ueneratione
810 3861 858 3914 VR
876 3862 941 3916 dclii
959 3865 1138 3920 ueneratione
1158 3865 1183 3916 T
1199 3863 1247 3917 de·

103 3941 182 3996 breui
207 3945 387 4000 ueneratione
406 3947 432 3998 I‘
483 3947 516 4000 16
533 3947 614 4001 datas
641 3966 690 4000 om.
714 3948 739 4001 V
792 3951 822 4000 li
841 3953 937 4017 postea
964 3969 994 4003 ea
1020 3967 1104 4020 possa
1132 3949 1202 4004 aa?
1225 3951 1251 4005 V

103 4026 136 4080 di
162 4049 233 4101 supr.
261 4049 310 4086 scr.
338 4033 365 4085 P
425 4049 477 4101 per
501 4033 624 4103 prolatas
651 4053 681 4087 ar
705 4035 827 4103 profetas
858 4054 891 4089 m.
923 4035 942 4089 2
965 4037 990 4090 V
1017 4055 1043 4108 p.
1073 4037 1195 4108 profetas
1223 4039 1250 4091 P

104 4116 136 4167 19
154 4115 250 4173 istrael
273 4119 300 4172 V
344 4121 384 4175 90
401 4119 529 4188 disponet
547 4121 573 4173 R
590 4120 713 4190 disponit
737 4121 812 4175 VPI'
863 4123 949 4177 iassae
972 4125 998 4178 V
1011 4125 1046 4194 cs.
1066 4125 1130 4179 Abla
1150 4126 1165 4177 I
1172 4126 1199 4188 V,
1209 4125 1247 4178 80

104 4200 174 4256 iesse
191 4205 269 4258 RPT
320 4208 356 4260 24
373 4207 409 4261 ob
426 4207 560 4261 indIoium
587 4208 633 4261 dei
650 4209 771 4262 iustuse
823 4211 893 4264 260
917 4210 1010 4265 lumen
1030 4213 1055 4264 Ρ
1106 4217 1147 4266 est
1172 4214 1246 4267 anim

109 4287 134 4339 V
147 4290 183 4358 ss.
201 4293 322 4347 s'otasier
339 4291 393 4361 111,
411 4292 467 4347 387
485 4297 546 4347 adn.
564 4299 624 4348 arat
642 4295 716 4348 enim
734 4295 846 4350 RPTE.
