3075 4967
274 289 335 354 148
612 289 727 343 sancti
753 289 887 342 Hilarii
913 288 1074 357 episcopi

273 489 379 545 nostru
411 486 490 553 suut,
525 486 557 544 ut
591 479 621 542 in
657 477 705 543 his
738 479 909 558 ¹udmisoeut
942 479 1034 544 etiem
1067 477 1129 557 ille,
1163 496 1232 561 quae
1254 485 1310 541 stre
1336 493 1417 554 sum,

272 581 475 667 loquaturque
498 582 649 648 interdum
674 603 711 647 ex
734 601 866 662 persona
888 581 1032 659 hominis,
1061 582 1133 665 quia
1156 581 1248 646 homo
1270 588 1302 646 et
1323 590 1419 646 nctus

273 692 304 752 et
337 705 446 767 passus
477 695 506 752 et
534 693 671 752 mortuus
705 693 760 764 est,
793 687 945 750 interdum
981 693 1082 751 sutem
1118 686 1221 750 omnis
1255 686 1282 751 ei
1306 705 1419 750 secun-

274 791 347 855 dum
386 791 478 855 deum
515 809 616 856 sermo
653 790 701 869 sit,
743 790 817 874 quia
849 811 886 856 ex
921 791 980 855 deo
1010 790 1104 854 homo
1135 797 1165 855 et
1195 810 1233 856 ex
1266 791 1316 854 dei
1352 788 1418 853 filio

237 919 250 959 ι
276 895 412 960 hominis
434 894 516 960 tilius
538 894 719 960 exstitisset:
743 902 861 960 neturae
884 893 1001 960 scilicet
1022 894 1087 960 eius
1111 893 1331 960 confidentium
1357 913 1417 957 non

275 999 386 1065 oblitus
409 1000 440 1063 in
464 999 574 1076 uerbis,
598 1019 660 1081 que
683 999 713 1063 iu
737 999 951 1080 adsumptione
966 998 1037 1064 licet
1052 998 1189 1064 hominis
1204 1018 1264 1063 non
1280 999 1420 1064 curebut.

276 1110 305 1169 et
327 1104 369 1167 itu
391 1123 427 1168 er
451 1104 539 1168 uobis
562 1107 654 1187 etque
688 1123 724 1168 er
747 1103 927 1168 infirmitute
961 1109 1067 1168 nostro
1100 1101 1229 1168 humani
1263 1103 1422 1168 sermonis

276 1208 496 1274 cousuetudine
519 1227 635 1295 usuque
669 1207 808 1291 loquens,
843 1214 877 1272 ut
909 1229 946 1272 ex
969 1227 1003 1272 se
1026 1213 1120 1290 utque
1143 1227 1179 1272 ex
1210 1207 1322 1272 uirtute
1355 1225 1423 1283 sua

277 1332 345 1396 quae
379 1313 437 1378 deo
471 1318 542 1376 sunt
575 1311 699 1393 propria
722 1317 752 1376 et
783 1311 887 1395 dignu,
911 1309 1096 1395 loqueretur,
1134 1317 1167 1375 ut
1203 1310 1235 1374 iu
1269 1311 1422 1391 praesenti

225 1441 250 1478 10
279 1415 398 1498 psalmo
422 1415 566 1501 cognosci
588 1424 698 1499 potest,
723 1418 774 1499 qui
798 1416 841 1480 itu
863 1423 980 1499 coeptus
1003 1424 1061 1482 est.
1170 1456 1175 1462 ·

320 1521 349 1584 3.
375 1519 564 1586 lucurire
587 1521 684 1585 deus
708 1520 935 1585 orationem
962 1539 1085 1584 meam
1109 1521 1423 1604 etnedespexe·

276 1626 333 1690 ris
355 1625 691 1708 deprecationem
715 1644 854 1689 meam:
888 1624 1056 1690 intende
1079 1623 1178 1704 mihi
1209 1630 1246 1689 et
1268 1623 1424 1688 exaudi

242 1791 246 1804 ,
277 1749 343 1794 me.
379 1728 656 1794 contristatus
680 1749 762 1792 sum
787 1729 824 1793 in
849 1728 1154 1794 exercitatione
1178 1734 1425 1792 meuetcou·

277 1834 465 1898 turbatus
490 1852 570 1896 surn
593 1852 612 1897 u
635 1851 731 1898 uoce
754 1832 913 1898 inimici
937 1839 975 1898 et
997 1853 1015 1896 u
1039 1831 1314 1897 tribulatione
1333 1851 1426 1915 pec·

129 1975 131 1980 .
225 1959 250 1996 ιι
278 1937 449 2003 catoris:
473 1937 659 2020 quonium
685 1936 1001 2002 declinauerunt
1023 1937 1058 2001 in
1078 1935 1425 2019 meiniquitutenr

277 2042 376 2106 etin
401 2041 462 2105 iro
495 2041 659 2106 molesti
694 2047 812 2106 erent
845 2041 953 2105 mihi.
998 2061 1066 2106 eor
1100 2061 1227 2106 meum
1260 2057 1427 2106 contur-

277 2146 410 2210 batum
434 2151 498 2211 est
521 2145 558 2208 in
582 2165 646 2224 me,
671 2153 708 2210 et
731 2144 907 2225 formido
938 2147 1082 2211 mortis
1112 2144 1263 2211 cecidit
1296 2164 1428 2226 super

277 2271 342 2314 me.
387 2251 507 2314 timor
542 2265 578 2314 et
608 2255 758 2314 tremor
789 2250 964 2314 intrauit
997 2250 1034 2314 iu
1070 2270 1125 2315 me
1160 2256 1199 2314 et
1231 2251 1427 2314 contexit

278 2374 335 2419 me
358 2354 536 2419 tenebre.
582 2365 618 2418 et
641 2353 739 2418 dixi:
765 2354 856 2436 quis
880 2353 993 2418 dubit
1019 2353 1118 2418 mihi
1141 2354 1288 2438 pinnas
1312 2353 1429 2418 sicut

226 2475 251 2512 2⁰
280 2455 492 2523 columbus?
523 2465 560 2522 et
583 2457 725 2523 uolubo
750 2464 789 2523 et
810 2458 1074 2541 requiescum.
1108 2479 1201 2524 ecee
1224 2458 1427 2542 elongani

279 2561 442 2645 fugiens
466 2569 502 2626 et
526 2563 652 2627 mansi
678 2563 715 2626 iu
739 2561 979 2628 solitudine.
1025 2564 1055 2628 in
1080 2564 1206 2628 exordio
1229 2561 1347 2646 psalmi
1364 2564 1428 2628 etsi

279 2665 460 2730 humilitatis
476 2686 549 2731 noce
564 2687 637 2730 usus
654 2667 701 2744 sit
717 2685 785 2731 eum
802 2667 860 2730 uit:
883 2667 1064 2733 inaurire
1080 2668 1176 2733 deus
1191 2667 1428 2731 orationem

279 2789 412 2846 meam,
446 2788 507 2834 uon
541 2776 641 2836 tumen
677 2771 744 2835 sine
778 2769 884 2853 ulique
917 2773 1041 2852 propriu
1073 2771 1268 2837 eonscientiae
1301 2770 1430 2837 altioris

280 2875 391 2939 fiducia
424 2873 612 2960 intellegitur
642 2873 710 2940 haeo
732 2873 859 2939 locutus.
905 2895 966 2939 uon
1000 2876 1083 2941 enim
1098 2887 1101 2892 ·
1117 2875 1339 2958 cuiuscumque
1379 2880 1431 2940 est

228 2993 253 3032 rr
280 2977 463 3044 innocentie
499 2979 531 3044 id
564 2978 726 3061 postulare,
764 2986 797 3042 ut
833 2979 1004 3044 orationem
1040 2998 1130 3044 suum
1167 2980 1243 3044 deus
1279 2978 1429 3044 inauriat

279 3088 429 3166 prompte
451 3101 584 3166 namque
606 3103 729 3164 semper
750 3083 919 3164 precationi
950 3083 1110 3148 homiuum
1144 3084 1194 3149 dei
1217 3101 1307 3148 eures
1331 3089 1428 3148 sunt:

324 3308 386 3363 lin
414 3327 462 3362 our.
497 3309 520 3362 V
570 3309 653 3363 etium
680 3328 727 3364 om.
761 3310 786 3363 V
835 3319 894 3362 cute
921 3328 970 3365 sus
996 3313 1093 3380 aliquot
1118 3311 1164 3362 tut.
1183 3308 1272 3374 (sual)
1300 3327 1372 3362 erus.
1402 3311 1430 3362 R

279 3398 296 3450 2
315 3413 369 3464 qus
386 3399 415 3448 et
432 3395 515 3449 homo
533 3413 548 3449 e
601 3398 618 3450 5
636 3397 694 3450 eius
708 3394 747 3462 (iu
757 3398 846 3450 iuras.
856 3417 888 3449 ιιι.
901 3396 931 3465 3)
950 3395 1116 3452 confidentii
1130 3395 1156 3458 (i
1165 3414 1236 3466 supr.
1245 3414 1296 3448 err.
1309 3416 1344 3448 ιιι.
1357 3395 1390 3460 3)
1403 3398 1430 3449 R

280 3481 368 3550 liqui
384 3483 419 3536 *P
440 3482 505 3551 quie
520 3483 544 3535 V
593 3483 622 3536 iu
640 3501 688 3537 om.
704 3484 729 3536 V
778 3483 1012 3538 ficonuuctudiui
1030 3499 1149 3550 ususque
1175 3483 1200 3534 P
1220 3483 1429 3537 cousuetudine

280 3585 365 3637 usque
388 3570 434 3623 VR
486 3573 503 3624 9
520 3569 632 3638 propriu
650 3574 715 3624 sunt
733 3575 762 3624 et
780 3570 865 3640 digus
888 3572 912 3624 V
928 3574 992 3624 sunt
1009 3570 1122 3639 proprie
1145 3568 1230 3638 digne
1249 3569 1275 3621 P
1325 3569 1429 3637 loque-

280 3661 358 3710 retur
384 3675 414 3710 es
437 3655 566 3724 loquetur
592 3675 625 3710 m.
650 3656 670 3710 2
701 3659 724 3711 V
744 3659 870 3726 loqret-ur
890 3659 915 3710 ll
932 3657 1064 3726 loqirdtur
1095 3657 1121 3710 P
1180 3661 1213 3712 10
1231 3656 1296 3725 quie
1326 3657 1372 3710 itu
1408 3657 1433 3709 V

282 3745 312 3797 11
340 3744 393 3796 dne
425 3744 450 3794 l’
508 3745 542 3797 lu
563 3744 805 3812 depmeoutionem
834 3746 882 3799 VR
944 3747 976 3800 13
994 3745 1175 3799 contristatus
1204 3742 1264 3810 (om.
1294 3742 1371 3810 sum)
1407 3745 1433 3796 l'

284 3833 315 3883 14
333 3834 361 3882 et
378 3829 558 3883 tribulatione
576 3831 601 3882 V
651 3831 684 3885 15
702 3831 864 3900 iniquitates
877 3833 916 3886 Re
969 3834 1002 3886 16
1018 3829 1388 3886 molestiamolestiem.?
1408 3831 1434 3883 l'

281 3916 476 3970 conturbatum
504 3935 534 3969 erc
560 3919 696 3973 conturba
719 3919 743 3970 V
794 3920 827 3972 17
853 3919 951 3974 mortis
978 3936 1027 3972 um.
1060 3919 1153 3972 Vsed
1177 3919 1212 3987 qi.
1237 3936 1264 3986 p.
1295 3917 1359 3981 151,
1391 3919 1431 3973 16

283 4003 315 4055 18
325 4005 429 4056 tremor
437 4003 515 4056 uenit
523 4021 607 4072 super
616 4021 659 4058 me
670 4005 749 4058 RPE
801 4005 1010 4060 lllteuebreeR
1062 4000 1269 4074 pennuuPR⁸E
1318 4005 1432 4060 munte

282 4103 347 4142 ecce
362 4090 408 4141 litt.
423 4089 623 4144 iudel.m.2V
673 4093 707 4144 22
725 4091 1047 4146 uoceeruocetm.2V
1109 4093 1144 4145 28
1161 4091 1433 4146 eonscientieRPE

282 4177 316 4230 24
339 4173 456 4230 fiduciae
480 4177 558 4230 ΡΤΕ
608 4183 650 4232 est
676 4181 736 4232 add.
760 4198 794 4233 m.
821 4179 841 4231 2
864 4179 889 4234 V
937 4179 1113 4234 secretione
1133 4179 1227 4233 suuR
1278 4181 1314 4233 26
1330 4178 1431 4248 nique

281 4279 353 4332 supr.
366 4280 456 4316 soram.
471 4264 486 4316 1
499 4264 525 4316 R
576 4265 745 4332 preeoutioui
769 4266 817 4319 VR
869 4271 934 4319 snut
952 4266 1106 4320 ersintm.
1125 4264 1195 4319 312.
