3075 4967
385 294 565 342 tractatus
583 287 618 340 in
640 286 814 356 psalmum
832 285 951 339 CXXIV.
1178 285 1241 350 603

106 497 160 540 non
183 477 263 541 anim
287 497 378 557 super
400 483 514 541 sortem
536 482 676 540 nostram
699 476 868 560 peccatoris
891 475 981 559 uirga
1004 474 1242 558 derelinquetur.

106 581 240 645 dominus
273 599 408 663 namque
441 581 472 644 in
507 580 635 645 circuitu
665 579 770 664 populi
804 580 850 644 aui
872 585 922 644 est
949 579 982 644 in
1012 585 1172 656 aternum,
1202 600 1242 644 ne

105 685 170 750 uicti
202 691 234 750 et
270 684 394 768 fatigati
430 685 528 766 uirga
564 685 695 768 imperio
732 684 763 747 in
801 683 998 767 iniquitatem
1037 685 1241 748 extendamus

104 808 206 853 munus
229 794 362 855 nostras.
406 789 462 854 sed
484 789 574 872 uirga
597 808 670 853 cum
683 787 836 864 inciderit,
860 787 1030 866 suferetur;
1055 794 1086 852 et
1099 797 1242 870 peccator

104 912 169 956 eum
182 891 364 968 incubuerit,
380 911 442 956 non
459 891 700 976 derelinquetur.
746 892 841 955 breue
856 901 911 969 est,
923 891 1075 974 quidquid
1090 891 1243 972 patiemur
1281 915 1294 954 ι

103 997 138 1060 ab
159 997 346 1063 aduersariis
370 996 436 1061 dei:
460 1003 492 1062 et
513 996 609 1062 habet
631 995 791 1062 uictoriam
824 1003 854 1060 ot
884 995 1053 1076 praemium,
1084 993 1157 1060 lieet
1179 1014 1241 1060 uon

103 1099 212 1167 babeat
245 1101 346 1185 proelii
380 1101 463 1185 longi
497 1100 648 1166 laborem.
694 1100 839 1166 dominus
872 1101 968 1165 adest.
1014 1099 1109 1164 etiam
1139 1099 1165 1164 si
1194 1099 1241 1164 uis

103 1205 197 1289 aliqua
219 1205 381 1287 conpellet,
415 1205 626 1270 abstineamus
659 1225 770 1270 manus
804 1219 926 1270 nostras
957 1205 995 1268 sb
1020 1203 1241 1286 iniquitatibus,

102 1329 158 1373 non
181 1310 383 1375 extendamus
414 1329 507 1392 opera
529 1317 635 1374 nostra
658 1309 691 1373 in
714 1319 851 1390 peccata,
882 1309 954 1391 quia
978 1309 1104 1374 domino
1127 1306 1159 1372 in
1181 1307 1241 1372 oir-

102 1415 176 1478 euitu
205 1415 297 1478 nobis
327 1415 492 1479 constituto
523 1415 612 1497 uirga
642 1413 814 1494 peccaturis
845 1433 906 1476 non
937 1411 1177 1496 derelinquetur,
1208 1417 1241 1476 ut
1269 1435 1293 1471 ιι

102 1531 229 1583 maneat.

141 1675 169 1738 8.
192 1673 268 1741 Post
291 1694 361 1758 quse
383 1676 544 1740 conuersio
567 1675 602 1739 fit
624 1673 786 1756 prophetae
818 1673 1051 1738 retributionem
1075 1693 1093 1736 s
1115 1672 1240 1736 domino

103 1777 212 1862 siqui
235 1781 273 1844 ab
297 1779 459 1861 iniquitate
482 1799 593 1844 manus
615 1779 807 1855 abstinuerit,
830 1778 1036 1857 inprecantis:
1060 1775 1240 1852 benefac,

102 1882 265 1958 domine,
300 1883 417 1948 bonis
451 1897 488 1948 et
521 1883 651 1948 rectis
675 1883 814 1958 sorde;
850 1881 1036 1965 probitatem
1060 1887 1092 1945 st
1115 1879 1186 1944 faeti
1211 1887 1242 1944 et

101 1986 261 2051 uoluntatis
294 1987 326 2052 in
360 2001 491 2071 utroque
529 1986 718 2070 significans,
763 1985 870 2050 multis
908 1985 991 2049 enim
1029 1982 1078 2049 uel
1115 1989 1241 2064 propter
1268 2003 1292 2044 rs

102 2089 258 2155 bominum
281 2091 430 2168 fauorem,
463 2090 514 2156 uel
536 2096 661 2172 propter
683 2089 852 2170 perieulum
876 2095 907 2154 et
930 2094 1046 2153 metum
1071 2087 1142 2153 sacti
1164 2107 1240 2169 opus

101 2194 210 2259 bonum
233 2201 289 2259 est.
334 2215 443 2260 uemm
467 2195 526 2260 nisi
549 2215 587 2259 en
609 2194 766 2260 uoluntate
783 2193 855 2259 boni
872 2194 977 2271 simus,
1002 2192 1123 2256 etiamsi
1140 2191 1260 2256 homi·'

101 2299 187 2363 nibus
211 2299 284 2363 boni
307 2299 488 2378 uidebimur,
520 2306 624 2364 tamen
647 2300 705 2364 deo
728 2299 801 2363 boni
832 2319 892 2362 non
924 2317 1038 2375 sumus,
1070 2296 1142 2380 quia
1171 2315 1241 2379 per·

102 2401 180 2467 secta
201 2403 322 2468 bonitas
345 2403 376 2467 in
400 2404 475 2468 recti
499 2404 601 2468 cordis
625 2403 764 2469 consistit
787 2402 918 2468 adiectu.

142 2558 170 2623 9.
193 2558 365 2624 Retributio
388 2567 489 2624 autem
513 2566 548 2624 nt
571 2559 660 2624 bonis
682 2561 780 2636 adest,
810 2559 854 2623 ita
876 2565 906 2624 et
928 2557 1017 2622 malis
1047 2577 1110 2624 non
1144 2557 1240 2622 abest.
1268 2577 1293 2614 oo

103 2683 170 2726 nam
210 2663 364 2746 sequitur:
403 2663 669 2729 declinantes
706 2671 835 2728 autem
875 2664 921 2726 ud
959 2661 1240 2746 obligationes

104 2768 272 2832 adducet
310 2767 496 2832 dominus
534 2787 618 2832 oum
656 2767 928 2851 operantibus
967 2767 1240 2850 iniquitatem.

104 2878 133 2935 et
155 2869 203 2936 bic
225 2891 347 2956 quoque
370 2870 500 2955 duplicis
524 2872 740 2955 significantia
757 2891 859 2936 sermo
876 2885 932 2938 est.
956 2868 1177 2935 declinantium
1202 2871 1241 2934 ad

104 2974 301 3058 obligationes
325 2983 356 3040 et
389 2976 583 3057 operantium
605 2975 793 3060 iniquitates.
840 2976 891 3057 qui
922 2975 1087 3056 declinant,
1122 2995 1159 3040 en
1182 2973 1242 3040 alio

105 3077 133 3141 in
162 3079 242 3145 aliud
272 3079 438 3146 declinant.
468 3080 500 3144 id
532 3093 578 3144 est
609 3099 647 3144 er
677 3079 767 3145 bonis
798 3079 942 3162 operibus
973 3079 1046 3143 recti
1078 3079 1179 3142 cordis
1209 3078 1239 3142 in
1268 3095 1294 3132 oa

106 3181 309 3266 obligationes.
355 3196 385 3248 et
419 3204 496 3267 quas
531 3203 600 3248 esse
635 3182 838 3268 obligationes
876 3181 1143 3248 existimabimus?
1188 3202 1242 3246 eas

148 3427 232 3480 lnon
249 3440 424 3480 ezzss-ssn
444 3428 469 3475 (ι’
523 3426 732 3493 derelinquetur
759 3426 838 3478 GRP
858 3425 1062 3492 derelinquitur
1086 3423 1110 3477 t'
1160 3427 1242 3493 2po·

107 3511 162 3577 puli
178 3513 253 3566 ua?
264 3513 322 3582 poli
339 3513 363 3565 V
413 3515 430 3567 8
444 3513 474 3566 in
489 3513 667 3580 iniquitatem
682 3515 775 3594 ,geripm
788 3514 823 3581 es.
836 3530 864 3582 p.
874 3511 941 3580 602,
959 3511 994 3566 16
1004 3511 1181 3580 iniquitatem
1193 3512 1245 3564 GP

108 3597 318 3667 adiniquitatem
328 3600 384 3652 RE
416 3603 433 3654 4
445 3605 575 3668 peccator
586 3599 638 3651 uP
645 3604 759 3667 peccato
769 3599 795 3651 R
830 3601 846 3652 6
858 3599 1005 3653 uictoriam
1015 3605 1043 3652 et
1051 3598 1205 3667 praemium
1219 3601 1243 3648 (ι’

108 3683 232 3740 uictoriae
257 3686 412 3756 praemium
440 3687 520 3739 RPE
578 3689 594 3740 7
613 3686 713 3755 proelii
741 3686 821 3739 RPE
845 3685 960 3754 praemii
981 3689 1006 3736 11
1069 3685 1244 3753 Bconpellet

497 3779 506 3811 t

112 3821 158 3875 GR
173 3827 305 3894 conpellit
322 3826 350 3878 P
401 3829 434 3880 12
451 3843 555 3894 poaque
576 3829 601 3878 ti
656 3827 689 3878 13
706 3826 732 3878 ei
751 3825 798 3893 qui
818 3826 852 3880 ab
865 3825 916 3878 GR
934 3829 962 3878 et
980 3825 1084 3892 quiaP
1133 3824 1243 3893 inprac-

110 3909 190 3964 eantis
209 3913 260 3965 GR
313 3915 348 3966 14
364 3911 534 3980 probitatem
553 3915 582 3966 et
599 3913 652 3964 BP
667 3912 836 3979 probitatem
855 3927 890 3966 ex
910 3912 934 3964 G
990 3911 1022 3964 18
1040 3910 1196 3966 uidebimur
1214 3929 1244 3966 ea·

110 3995 227 4051 uidemur
245 4000 271 4051 P
329 4001 365 4054 20
383 4003 414 4052 ut
431 3999 511 4053 bonis
530 3999 607 4052 sdest
625 3998 665 4052 its
683 4004 711 4051 et
728 3998 810 4052 malis
828 4015 882 4050 non
902 3999 980 4053 abest
1000 3998 1079 4050 GRP
1095 3995 1160 4063 (nisi
1177 3999 1245 4067 quod

112 4083 134 4132 in
151 4085 175 4136 G
191 4087 280 4138 ιιίιίηια
297 4103 349 4138 uos
366 4086 485 4151 euanuit)
504 4091 536 4138 ut
552 4084 633 4140 bonis
651 4085 691 4138 its
714 4090 743 4138 et
766 4084 848 4138 malis
872 4101 927 4138 non
951 4084 1030 4138 deest
1053 4085 1076 4138 V
1126 4086 1157 4138 dl
1178 4101 1243 4138 nam

112 4170 226 4237 sequitur
254 4172 333 4225 GRP
356 4171 429 4226 sicut
453 4172 633 4240 subsequitur
656 4190 686 4225 es
704 4173 744 4226 ita
767 4176 796 4224 et
823 4171 896 4224 sicut
919 4170 1096 4239 subsequitur
1120 4189 1152 4224 m.
1177 4169 1198 4224 2
1221 4171 1246 4226 V

113 4254 142 4306 11
157 4257 201 4324 qui
218 4258 360 4312 declinant
377 4274 412 4312 ex
429 4258 484 4311 alio
502 4276 550 4311 om.
569 4259 595 4311 1)
645 4260 680 4312 26
698 4264 727 4311 et
744 4275 812 4325 quas
831 4273 890 4311 esse
909 4257 1091 4325 obligationes
1109 4275 1157 4311 orn.
1176 4257 1207 4311 P.
