3075 4967
426 284 606 334 tractatus
625 281 660 334 in
678 282 847 347 psalmum
867 280 983 334 CXLIV.
1216 275 1273 339 83]

178 470 207 532 ἴ).
231 467 272 533 Et
306 470 336 532 iu
373 468 432 535 hoc
466 472 593 555 quidem
630 472 741 535 secuto
773 471 939 553 quisquam
970 470 1155 533 benedicens
1186 471 1279 533 deum

131 579 234 652 potest
256 594 318 637 non
342 594 465 655 semper
489 577 518 639 iu
544 574 767 640 benedictionis
791 575 893 639 officio
916 594 1107 655 permanere,
1131 574 1203 636 dum
1229 580 1280 635 aut

132 676 217 741 luctu
256 678 421 761 impeditur
456 686 509 744 aaut
545 686 629 745 metu
665 687 831 759 occupatur
865 684 917 743 aut
950 677 1133 761 {egritudine
1171 676 1279 739 anxius

130 781 290 846 detinetur
320 790 349 846 et
383 790 435 847 aut
470 790 664 864 torpescente
698 785 802 847 animo
836 790 889 846 aut
921 782 1043 865 ingrato
1073 782 1103 845 in
1135 781 1279 845 benedic-

131 884 269 949 tionibus
293 888 340 949 dei
366 894 469 951 mutus
494 895 548 952 est.
596 889 652 951 sed
676 888 822 966 perfectio
838 885 1028 967 prophetalis
1043 885 1116 950 fidei
1132 886 1171 949 ab
1186 884 1276 949 istius
1317 912 1328 945 s

131 990 216 1052 modi
255 990 468 1055 intirmitstum
511 991 772 1055 demutationibus
808 990 905 1055 libero
949 997 995 1054 est
1041 989 1164 1054 dicens:
1210 1010 1280 1069 per

130 1093 322 1176 singulos
361 1096 448 1159 dies
487 1096 726 1160 benedicum
766 1102 811 1158 te.
857 1093 977 1158 nullum
1011 1114 1145 1158 uacuum
1184 1092 1279 1157 habet

128 1204 253 1277 tempus
278 1207 308 1261 et
331 1199 395 1263 dies
420 1199 447 1263 ei
472 1199 556 1263 nulla
590 1208 637 1264 est
671 1200 777 1267 otioso.
811 1200 886 1282 quin
921 1218 1045 1280 semper
1078 1198 1107 1261 in
1132 1198 1277 1263 benedic·

128 1302 247 1365 tionmn
271 1304 463 1367 contessione
488 1312 637 1368 uersetur.
683 1304 796 1367 accidit
825 1310 929 1367 sutem
959 1303 1144 1384 frequenter,
1174 1307 1209 1365 ut
1238 1302 1277 1365 do

129 1406 245 1487 quibus
277 1405 358 1489 loqui
392 1407 470 1471 bene
494 1407 657 1488 possimus,
687 1407 815 1471 laudare
838 1426 890 1470 eos
913 1427 973 1470 nou
998 1406 1158 1487 possimus.
1204 1406 1274 1470 abs·
1302 1430 1327 1464 ιο

128 1508 229 1574 tinere
261 1530 279 1573 a
313 1510 393 1575 malo
428 1512 639 1577 benedictione
674 1513 803 1595 dignum
835 1518 888 1575 est
935 1511 990 1575 sed
1025 1508 1125 1575 solum
1159 1509 1275 1573 maium

129 1633 191 1675 uon
215 1614 377 1679 admittere
401 1615 581 1681 nonhabet
605 1616 737 1691 laudern,
761 1615 821 1679 nisi
845 1615 919 1678 maii
941 1614 1159 1678 abstinentiam
1180 1613 1275 1677 etiem

128 1716 230 1799 gioria
254 1718 325 1783 boni
349 1720 451 1798 operis
476 1728 691 1802 consequatur.
737 1728 767 1783 et
802 1718 975 1783 beneficum
1006 1718 1131 1801 quidem
1162 1718 1193 1780 in
1218 1738 1275 1781 nos

127 1820 312 1886 benedicere
335 1843 509 1903 possumus
545 1824 617 1906 quia
651 1830 761 1887 natura
791 1822 896 1907 erigit,
930 1842 992 1885 non
1021 1822 1195 1886 obtrectare
1217 1841 1274 1884 nos

126 1923 196 2002 iliis,
221 1945 352 2007 quorum
384 1927 591 1991 beniuolentia
622 1929 842 2004 cont'ouemur;
876 1927 931 1991 sed
966 1927 991 1991 si
1027 1934 1056 1989 et
1090 1924 1157 1989 aliis
1191 1925 1273 1989 uitiis
1302 1947 1325 1981 rs
1363 2004 1367 2015 Ι

127 2030 246 2111 aspersi
282 2036 360 2107 sunt,
396 2038 500 2096 nostro
526 2032 650 2114 quidem
675 2032 843 2097 commodo
871 2030 1105 2102 benedicuntur,
1129 2030 1184 2093 sed
1207 2029 1274 2093 ueri

124 2132 238 2197 iudicio
261 2154 322 2197 non
347 2135 562 2215 predicantur.
609 2135 754 2215 perfectio
779 2145 881 2199 antem
906 2135 954 2198 dci
978 2134 1054 2198 nihil
1084 2133 1115 2196 in
1147 2153 1180 2197 se
1204 2154 1273 2198 esso

126 2238 244 2316 patitur
279 2260 332 2317 pro
368 2252 462 2319 parte.
509 2260 579 2303 nam
614 2248 647 2303 ut
682 2239 869 2314 benedictus,
902 2238 944 2302 itu
974 2246 1004 2301 et
1034 2236 1198 2301 laudabilis
1228 2244 1275 2301 est

125 2340 245 2405 babens
271 2350 300 2405 et
323 2364 359 2407 er
383 2342 441 2415 his,
468 2343 581 2426 quibus
606 2342 810 2407 beneficentio
832 2344 864 2406 in
887 2362 943 2405 nos
959 2320 1014 2406 rina
1030 2341 1154 2417 utimur,
1179 2340 1272 2405 bene-

124 2445 269 2510 dictionis
292 2453 405 2511 nostrae
429 2448 658 2511 confessionem
682 2454 711 2511 et
734 2467 771 2511 er
794 2446 1001 2527 perfectarum
1024 2446 1054 2508 in
1073 2466 1106 2509 se
1121 2445 1271 2509 uirtutum
1299 2475 1324 2509 ρο

124 2548 328 2614 admiratione
344 2551 542 2630 praeconium.
590 2538 628 2615 ob
646 2553 728 2633 quud
745 2550 962 2615 benedicturus
977 2570 1033 2630 per
1048 2550 1115 2614 dies
1131 2548 1271 2633 singulos

123 2652 277 2735 propheto
301 2655 392 2717 etiam
417 2655 448 2718 id
473 2656 598 2719 adiecit:
634 2662 671 2720 et
705 2654 882 2719 laudabo
916 2674 1058 2717 nomen
1093 2660 1201 2718 tuum
1232 2654 1271 2717 in

123 2756 314 2821 saeculum
350 2766 387 2823 st
421 2758 457 2822 in
496 2758 685 2823 saeculum
722 2758 873 2823 saeculi.
919 2777 990 2823 eum
1014 2757 1177 2834 benedicit,
1200 2776 1269 2822 cum
1328 2756 1333 2765 '

86 2898 87 2903 κ
123 2860 228 2925 iaudat
250 2861 281 2924 in
305 2861 452 2927 saeculum
478 2862 590 2941 saculi,
614 2863 645 2925 in
669 2862 752 2928 nulio
775 2862 933 2943 prophetae
956 2861 1093 2927 officium
1110 2862 1270 2926 infirmum

123 2974 170 3028 est
194 2984 250 3029 nec
274 2966 489 3031 benedictione
512 2986 571 3031 nec
595 2965 686 3031 laude
709 2988 766 3031 nec
790 2974 939 3047 tempore.
1296 2994 1321 3030 os

167 3068 195 3131 d.
225 3069 342 3134 Dehinc
366 3072 520 3153 sequitur:
557 3090 728 3155 magnus
759 3073 945 3136 dominus
976 3079 1013 3136 et
1041 3070 1269 3135 laudabitis

120 3172 250 3250 ualde,
281 3180 318 3238 et
347 3175 657 3257 magnitudinis
681 3177 766 3239 eius
790 3195 863 3239 non
889 3182 949 3238 est
971 3175 1082 3238 finis.
1128 3173 1195 3237 haec
1219 3173 1268 3237 dei

120 3276 276 3359 primast
306 3279 463 3358 praecipua
494 3278 632 3343 laudatio
666 3286 721 3353 cst,
756 3282 838 3362 quod
869 3278 947 3342 nihii
979 3279 1008 3341 in
1040 3298 1074 3341 so
1105 3277 1268 3355 mediocre,

119 3380 198 3444 nihii
215 3381 488 3463 circumscriptum,
513 3382 592 3447 nihil
609 3402 771 3447 emensum
788 3389 818 3446 et
833 3382 1057 3465 magnitudinis
1074 3402 1137 3445 suae
1153 3380 1268 3445 habeat

119 3492 149 3548 et
165 3483 276 3549 laudis.
315 3486 411 3551 uirtus
428 3488 493 3551 eius
511 3486 653 3566 opinione
668 3506 729 3549 non
746 3485 903 3562 clauditur,
919 3484 993 3549 iocis
1008 3506 1068 3548 non
1084 3486 1266 3563 continetur,
1293 3510 1318 3546 so

118 3589 298 3654 nominibus
322 3610 383 3653 non
407 3591 589 3667 enuntiatur,
612 3590 804 3671 temporibus
834 3610 894 3653 non
926 3589 1081 3679 subditur:
1112 3597 1195 3653 artus
1226 3590 1265 3653 ad

117 3693 149 3755 id
174 3714 284 3759 seusus
307 3702 412 3759 noster
436 3700 490 3769 est,
527 3696 688 3778 ingenium
723 3693 820 3759 hebes
850 3700 905 3770 est,
936 3713 1038 3757 sermo
1070 3700 1174 3757 mutus
1207 3701 1264 3757 est.

165 3905 177 3955 l
199 3903 378 3970 quisquamit
391 3904 517 3971 quisquis
537 3923 555 3953 α
575 3904 691 3971 quisque
710 3923 721 3953 ε
775 3906 791 3957 3
810 3901 984 3955 locoeaiueu
996 3900 1091 3953 rudit
1145 3904 1177 3954 10
1195 3902 1264 3954 bene

117 3989 194 4056 loqui
218 3990 243 4040 E
296 3992 327 4042 12
346 3990 429 4043 etiam
448 4008 496 4043 om.
516 3992 541 4043 n
596 3992 628 4044 13
651 3990 742 4057 glorie
760 3991 785 4041 R
838 3988 992 4042 beneficum
1011 3990 1037 4040 R
1054 3987 1219 4043 beneficium
1238 3988 1267 4039 E

118 4077 151 4129 15
170 4076 359 4129 beniuolentia
379 4078 424 4129 Rc
442 4078 476 4145 ef.
495 4079 577 4129 Acod.
592 4096 621 4147 p.
641 4078 673 4129 17
694 4077 919 4130 beneuolentiae
979 4078 1013 4129 ‘23
1037 4092 1100 4127 cum
1123 4074 1265 4128 benedicit

117 4180 180 4215 cum
200 4162 296 4215 laudet
312 4165 336 4215 a
349 4180 411 4216 curn
427 4164 604 4217 benedictum
620 4163 716 4217 laudat
731 4169 759 4217 et
775 4163 871 4217 laudat
882 4164 908 4214 Ε
958 4164 992 4214 27
1011 4162 1092 4214 rraide
1107 4162 1132 4213 It
1147 4161 1262 4229 (σφόδρα

116 4249 203 4316 LXX)
221 4250 256 4318 cs.
276 4252 395 4303 Subutier
413 4251 452 4319 11,
470 4250 527 4303 278
545 4253 605 4303 urin.
624 4250 706 4303 nimis
725 4251 757 4302 Ε.
