3075 4967
418 291 599 341 tractatus
624 287 660 340 in
683 287 855 354 psalmum
879 287 961 340 va.
1192 285 1254 350 263

135 481 240 545 dicens:
261 481 355 564 igne
379 498 450 543 nos
473 478 727 554 examinasti,
751 477 858 542 siout
884 478 978 562 igne
1001 477 1257 542 examinatur

135 597 338 668 argentum.
394 582 597 647 induxisti
643 601 713 646 nos
751 582 791 644 in
829 582 1026 666 laqueum,
1063 582 1096 646 id
1133 587 1181 646 est
1225 583 1255 645 in

135 689 262 754 coaudiae
298 695 436 753 catenas.
481 686 661 768 posuisti
694 685 990 751 tribulationes
1024 687 1061 750 in
1097 686 1255 750 dorsum

134 797 308 873 nostrum,
346 812 454 873 panas
491 791 608 857 scilieet
644 791 817 876 uerborum,
855 791 966 874 quibus
1004 809 1073 856 cum
1112 788 1257 872 apostolis

135 895 230 962 Petrus
264 899 382 982 gaudet
418 903 449 962 et
485 895 597 961 Paulus
635 894 759 960 exultat.
811 895 1035 976 inposuisti
1073 893 1256 959 homines
1296 917 1308 956 a

134 1021 239 1083 super
273 1002 411 1084 capita
448 1006 595 1065 nostra
642 1000 914 1064 transinimus
946 1018 1016 1080 per
1048 999 1183 1084 ignem
1220 1003 1258 1062 et

134 1125 265 1189 aquam.
309 1106 461 1191 gloriosas
504 1103 650 1170 uidelicet
681 1111 851 1188 martyrum
890 1110 1003 1169 mortes
1037 1106 1259 1168 commemorat

134 1209 225 1294 gladii
245 1211 335 1296 ignis,
357 1209 510 1292 profundi.
555 1209 611 1274 sed
633 1209 686 1293 qui
709 1210 822 1274 transit
850 1227 907 1292 per
935 1209 1042 1293 ignem
1072 1215 1103 1272 ct
1136 1225 1257 1290 aquam,

134 1316 235 1380 nonin
255 1315 305 1382 his
327 1314 473 1392 aboletur,
497 1314 608 1378 sedin
630 1313 711 1378 alind
734 1333 790 1394 per
812 1312 864 1378 illa
886 1312 1099 1377 transducitur.
1144 1317 1175 1376 et
1197 1331 1258 1393 quo

134 1420 340 1496 transumatur,
364 1418 514 1500 propheta
535 1438 598 1482 non
621 1419 720 1484 nescit
742 1419 865 1484 dicens:
900 1417 1103 1482 induxisti
1125 1435 1195 1480 nos
1219 1415 1257 1478 in
1285 1439 1310 1476 10

134 1524 190 1588 ref
193 1525 224 1588 ri
230 1525 393 1607 genium.
437 1522 529 1588 huius
544 1522 698 1606 refrigerii
715 1528 746 1587 et
767 1523 800 1587 in
815 1522 881 1588 loco
897 1521 956 1586 alio
973 1521 1112 1586 meminit
1135 1519 1257 1585 dicens:

135 1636 361 1694 conuertere
383 1627 515 1692 anima
537 1646 621 1691 mea
642 1627 681 1690 in
699 1627 883 1711 requiem
899 1633 1013 1703 tuam,
1030 1625 1123 1709 quia
1139 1623 1258 1689 domi-

133 1751 198 1796 nus
231 1731 439 1798 benefecit
475 1730 585 1795 mihi.
641 1730 794 1811 eripuit
838 1730 1009 1796 animam
1052 1748 1175 1794 meam
1213 1729 1259 1792 de

133 1843 254 1914 morte,
276 1835 416 1901 oculos
439 1855 546 1900 meos
569 1855 588 1898 a
609 1834 803 1912 lacrimis,
819 1835 942 1916 pedes
965 1853 1071 1898 meos
1093 1851 1113 1897 a
1135 1831 1258 1912 lapsu

133 1938 221 2004 bene
241 1939 408 2020 placebo
424 1938 583 2003 domino
606 1938 645 2002 in
667 1938 838 2021 regione
859 1937 1100 2002 uiuentium:
1123 1937 1258 1999 animam
1286 1957 1311 1995 re

133 2042 263 2109 uidelicet
282 2063 372 2108 suam
395 2043 427 2107 in
450 2043 591 2126 requiem
614 2042 712 2107 beatae
742 2041 823 2108 illius
857 2041 1089 2108 resurrectionis
1112 2039 1259 2116 hortatus,

134 2147 235 2232 inqua
255 2155 325 2230 post
347 2149 456 2214 mortis
478 2147 567 2212 istius
588 2155 710 2228 tempus
725 2149 807 2213 omni
823 2147 1027 2212 humanarum
1051 2136 1257 2212 calamitatum

134 2249 194 2316 labe
214 2253 331 2318 detersa
353 2272 415 2317 non
438 2252 565 2330 dolatur,
588 2271 650 2316 non
672 2251 772 2331 fletur,
794 2270 856 2316 non
878 2257 1030 2333 peccatur,
1061 2250 1116 2316 sed
1139 2247 1258 2313 uiuitur.

135 2354 269 2422 inhnius
298 2358 393 2442 igitur
422 2357 620 2422 beatitudinis
648 2375 706 2437 per
734 2356 841 2441 ignem
864 2361 894 2421 et
916 2375 1029 2439 aquam
1063 2352 1259 2436 refrigerium

136 2458 321 2527 mnedsnnt.
1287 2477 1311 2514 ro

171 2564 215 2630 23.
237 2565 276 2630 Et
297 2585 338 2630 ne
360 2573 413 2630 aut
434 2565 680 2646 pertranseuntis
710 2583 806 2648 aquas
829 2569 951 2629 natatus
973 2569 1025 2627 aut
1059 2560 1259 2628 transilientis

24 2664 25 2677 ²
135 2667 226 2750 ignem
247 2669 342 2734 saltas
360 2675 417 2734 aut
446 2669 631 2733 introductio
652 2669 685 2732 in
707 2667 906 2752 refrigerium
935 2665 1109 2732 communis
1132 2663 1259 2729 alicuius

136 2777 163 2834 et
181 2775 288 2839 terreni
318 2772 375 2838 loci
406 2772 530 2856 requies
564 2771 734 2856 significari
770 2771 1008 2847 existimaretur,
1043 2769 1171 2834 adiecit:
1205 2769 1260 2831 in·

24 2896 25 2925 r
137 2877 253 2942 troibo
284 2878 325 2942 in
359 2878 513 2943 domum
552 2883 655 2940 tuam
693 2877 732 2940 in
771 2875 1038 2940 holocaustis.
1084 2872 1261 2938 holocausta

24 3004 25 3017 ¹
135 2985 197 3044 sant
225 2983 346 3067 integra
378 2981 554 3047 hostiarum
587 3000 725 3061 corpora,
760 2999 840 3064 quae,
876 2977 947 3062 quia
983 2983 1047 3042 tota
1080 2977 1119 3041 ad
1152 2975 1260 3061 ignem
1288 2993 1313 3032 rr

175 3137 203 3189 la
218 3137 257 3191 Pe.
276 3137 370 3204 CXIV,
389 3141 405 3191 '1
424 3155 485 3207 sqq.

173 3276 229 3329 air
244 3277 371 3347 laqueum
396 3275 927 3363 1‘VrEinpqueuqffitlaqueum
954 3279 981 3327 iu
1000 3292 1051 3327 roe.
1070 3283 1158 3342 posteo
1177 3271 1197 3324 2
1215 3274 1261 3324 litt.

137 3377 241 3446 arnalli
290 3382 446 3451 3posuisti
473 3398 523 3434 nos
547 3381 573 3434 V
621 3381 817 3435 tribulationes
847 3381 895 3434 Vll
922 3377 1103 3433 tribulatione
1131 3376 1181 3428 PT
1233 3375 1261 3428 iu

137 3464 209 3519 donn
223 3476 343 3523 nostrum
362 3470 437 3523 VRE
453 3469 483 3521 in
501 3469 586 3553 dorspu
600 3470 732 3522 nro-21>
749 3469 779 3522 in
797 3469 877 3521 dorso
895 3472 990 3520 nostro
1008 3465 1032 3517 T
1082 3465 1101 3516 4
1118 3480 1219 3531 poenas
1233 3479 1262 3514 aa

136 3591 267 3652 merua
318 3609 382 3645 eum
400 3591 542 3658 apostolus
555 3607 660 3644 acum
679 3590 834 3658 apostolum
853 3608 885 3641 m.
902 3589 915 3638 1
932 3589 957 3640 V
1007 3585 1172 3653 Spignem
1190 3561 1262 3651 aquine

137 3670 199 3741 (sup.
214 3693 229 3728 a
245 3679 326 3732 lincol.
344 3677 426 3741 ersa)
446 3675 473 3724 P
521 3679 538 3730 9
556 3677 684 3731 aboletur
703 3676 747 3743 (ex
759 3675 948 3740 absoluturR)
960 3675 1049 3727 RTTe
1062 3671 1225 3726 dissoluitur
1239 3669 1265 3722 V

24 3754 25 3795 ³
136 3759 195 3815 aliut
211 3762 251 3829 (ut
267 3768 294 3818 ia
311 3764 379 3831 rus.)
399 3765 426 3817 R
478 3770 507 3818 et
525 3781 579 3832 quo
597 3763 703 3816 RPI'E
719 3768 747 3817 et
765 3764 813 3817 ubi
830 3763 854 3816 V
905 3765 938 3816 10
955 3760 1044 3814 nescit
1063 3759 1141 3813 RPT
1140 3759 1169 3811 E
1184 3757 1262 3825 igno·

135 3850 209 3904 ratV
255 3854 286 3905 10
303 3851 439 3906 induxisti
453 3850 518 3920 ch.
529 3852 649 3905 Sobctier
664 3851 700 3917 ll,
719 3849 776 3903 128
795 3857 822 3903 et
841 3849 961 3903 eduxisti
982 3848 1086 3900 RPTE
1138 3847 1170 3900 13
1193 3843 1263 3900 mihi

136 3933 203 3989 PTE
213 3939 262 3992 tibi
277 3939 303 4004 (t
316 3942 343 3993 in
359 3957 412 3993 ros.
427 3937 460 4005 3)
478 3938 504 3991 R
513 3939 548 4007 cs.
563 3938 626 4003 iqfr.
638 3937 748 3991 CXLV]
760 3955 817 4006 cop.
833 3940 852 3990 4
868 3935 925 4000 (ubi
940 3937 1016 3988 eliam
1032 3933 1168 4004 Gproebet
1183 3923 1262 3990 mihil

24 4050 25 4067 1
137 4025 323 4081 ldalacrimis
342 4029 368 4080 lt
385 4027 419 4096 cf.
440 4027 504 4095 infr.
523 4028 540 4080 l.
559 4043 579 4079 c.
599 4035 622 4078 et
648 4026 767 4079 tiotericr
785 4025 823 4088 ll,
844 4022 899 4075 227
919 4023 953 4076 de
972 4022 1094 4075 lacrimis
1114 4021 1193 4073 PTE
1246 4037 1262 4072 a

139 4108 245 4177 18me
261 4115 293 4168 de
317 4115 397 4183 lapsu
422 4114 500 4166 ΡΤΕ
552 4115 585 4167 18
603 4118 631 4166 et
654 4113 761 4166 uiuitur
785 4112 879 4166 VRTa
933 4113 964 4163 21
986 4116 1103 4164 etzne
1122 4109 1148 4162 R
1200 4123 1262 4175 per·

140 4201 294 4334 tunetunc}
313 4256 338 4307 T
354 4259 581 4322 pertranseuntes
601 4253 653 4305 ΕΡ
703 4255 738 4306 28
756 4243 859 4305 adiecit
881 4251 960 4304 RPE
977 4249 1096 4303 subiecit
1116 4250 1147 4301 Τ.
