3075 4967
388 237 570 288 tractatus
588 232 623 285 in
642 232 813 301 psalmum
833 235 1004 289 CXXXVIII.
1210 233 1272 298 763

170 424 222 488 27.
247 423 393 508 Sequitur
430 424 558 489 deinde:
597 424 692 506 quia
729 429 784 496 tu,
823 425 999 500 domine,
1045 426 1273 505 possedisti

124 550 249 594 renes
282 547 398 593 meos.
423 527 648 608 suscepisti
682 547 739 592 me
774 529 820 593 de
855 536 969 594 utero
1005 531 1273 596 matrismeae.

125 632 364 699 confitebor
387 632 472 706 tibi,
497 633 590 715 quie
614 631 872 698 terribiliter
903 633 1157 698 mirificatus
1179 654 1272 699 sum.

126 745 214 804 tenet
243 739 334 802 etiam
369 757 451 802 nune
484 738 623 802 ordinem
656 735 892 820 significationis
925 738 1094 822 utriusque,
1128 746 1162 804 ut
1184 759 1219 803 se
1242 752 1273 802 et

125 842 290 907 bominem
313 849 345 906 et
368 843 460 906 deam
484 843 602 906 doceat.
647 861 717 906 cem
741 842 824 906 enim
839 842 1037 922 possidentur
1059 863 1077 906 e
1100 843 1157 908 deo
1179 863 1272 907 renes
1312 870 1325 908 e

125 948 194 1012 eius
219 953 250 1011 et
283 947 430 1011 amalris
462 951 551 1011 utero
585 945 760 1026 suscipitur,
795 945 962 1026 corporalis
995 947 1027 1010 in
1062 966 1099 1012 eo
1133 946 1274 1012 condicio

125 1056 324 1116 monstretur.
370 1051 401 1114 in
424 1051 550 1114 renibus
574 1051 657 1114 enim
686 1049 853 1131 uoluptatis
883 1056 932 1115 est
961 1071 1061 1116 eausa
1106 1051 1273 1116 sedonius

125 1175 221 1220 renes
244 1175 262 1218 e
285 1157 342 1220 deo
366 1154 570 1235 possidentur,
593 1174 655 1218 non
679 1154 845 1219 exeuntia
869 1153 1043 1234 uoluptates
1065 1155 1202 1235 corporis
1224 1156 1273 1219 in-

125 1260 254 1324 eentiua
277 1258 419 1324 lasciuire.
465 1259 571 1341 etqui
602 1258 640 1322 ab
673 1265 761 1322 utero
795 1258 904 1323 matris
937 1259 1108 1338 suscipitur.
1143 1278 1205 1324 nen
1234 1259 1275 1323 ed

125 1383 225 1444 opere
248 1362 352 1428 saeculi
375 1383 393 1427 e
415 1363 474 1427 deo
497 1369 658 1442 susceptus
681 1363 810 1427 excedit.
856 1363 956 1427 omnis
971 1363 1066 1446 igitur
1081 1363 1147 1428 eius
1168 1363 1276 1429 uolun·
1302 1390 1327 1425 a

126 1475 177 1532 tes
202 1489 239 1533 ec
261 1467 348 1533 leber
371 1473 418 1532 est
440 1473 559 1548 petrem
582 1467 761 1550 praedieere,
798 1467 986 1532 uoluntatem
1017 1468 1111 1550 petris
1141 1467 1274 1549 explere,

125 1579 292 1652 acceptum
315 1593 334 1636 e
355 1577 442 1652 patre
465 1571 592 1636 calicem
617 1571 732 1636 bibere.
777 1569 846 1636 haee
861 1571 943 1636 enim
959 1570 1095 1636 hominis
1110 1573 1166 1648 sui,
1182 1591 1274 1655 quem

126 1676 315 1756 adsumpsit.
338 1675 440 1740 officie
457 1683 536 1740 sunt.
571 1675 626 1740 sed
643 1694 715 1740 cum
730 1675 787 1739 eit:
812 1675 1049 1740 confitebor
1071 1676 1156 1748 tibi,
1180 1677 1275 1759 quia

127 1778 388 1846 terribiliter
411 1779 665 1844 mirificatus
689 1799 781 1856 sum,
797 1779 1027 1846 confessionem
1043 1799 1171 1844 ornnem
1186 1782 1275 1844 terri·

126 1883 202 1949 bilis
237 1884 276 1949 de
310 1903 344 1948 se
379 1883 591 1948 admirationis
625 1885 665 1948 ed
698 1882 832 1968 gloriam
864 1883 979 1947 diuinet
1009 1885 1188 1948 substentire
1211 1903 1274 1948 suee
1303 1907 1328 1944 a

126 1990 242 2053 reddit.
289 1988 467 2053 mirificatus
498 1993 545 2053 est
575 1988 660 2052 enim
690 1987 729 2051 ob
759 1987 801 2064 id,
831 1987 903 2070 quie
926 1989 1002 2052 deus
1024 1987 1163 2068 possedit
1184 2007 1276 2053 renes

128 2095 205 2168 eius,
230 2093 302 2175 quie
323 2113 341 2156 e
364 2093 472 2157 rnatris
505 2101 592 2157 utero
626 2098 788 2172 susceptus
811 2097 866 2156 est.
911 2111 968 2174 per
999 2091 1032 2158 id
1066 2093 1159 2167 enim,
1194 2094 1275 2174 quod

126 2196 274 2262 uoluntas
298 2197 363 2261 eius
386 2203 417 2262 et
440 2196 577 2276 operatio
601 2199 659 2262 deo
683 2197 789 2261 dedita
811 2196 876 2272 luit,
910 2195 1067 2260 mirificari
1098 2196 1278 2262 terribiliter

128 2301 309 2382 promeruit
353 2301 535 2366 mirificatus
558 2307 662 2366 eutem
685 2300 863 2366 terribiliter
886 2305 941 2373 est
973 2303 1047 2366 dum
1069 2301 1153 2366 haris
1176 2302 1276 2366 crucis

129 2405 271 2473 teuebrae
301 2413 381 2479 sunt,
412 2407 485 2470 dum
516 2406 622 2470 tremit
651 2413 740 2482 terra
772 2406 846 2469 duum
877 2425 951 2469 sexa
978 2412 1170 2486 rumpuntur.
1202 2407 1276 2470 dum
1303 2424 1329 2460 a

129 2517 240 2591 petent
263 2508 436 2590 sepulchra,
461 2510 535 2574 dum
558 2510 669 2574 mortui
701 2515 876 2593 resurgunt,
907 2509 981 2574 dum
1012 2510 1044 2574 in
1075 2511 1186 2574 eodem
1209 2529 1276 2575 cor·

131 2635 208 2694 pere
230 2615 299 2694 ipse
321 2613 515 2693 conspicitur,
547 2612 621 2677 dum
652 2612 763 2678 eleusis
794 2613 894 2678 ianuis
928 2612 986 2678 soli
1009 2613 1068 2678 sibi
1091 2612 1277 2694 penetrabili

131 2719 218 2784 aditu
241 2717 369 2792 adsistit,
400 2719 474 2783 dum
504 2718 544 2781 ed
574 2715 666 2782 eaelos
697 2715 843 2785 eleaetur.
876 2719 949 2782 dum
982 2717 1112 2798 apostoli
1135 2718 1277 2801 gentium

130 2823 248 2906 liuguis
271 2821 422 2900 locuntur,
457 2823 532 2886 dum
565 2823 683 2886 umbrae
717 2841 823 2886 eorum
857 2822 976 2887 morbis
1000 2823 1171 2900 medentur,
1203 2824 1278 2887 dum

132 2927 252 2992 claudis
275 2945 438 2991 nummum
460 2926 660 3005 poscentibus
683 2945 792 2990 cursus
815 2926 954 2999 donatur,
979 2929 1055 2990 dum
1071 2922 1278 3010 eleemosynis
1305 2941 1331 2980 π

133 3031 261 3111 inopum
283 3035 422 3095 mortuus
445 3031 593 3106 redditur,
617 3031 691 3094 dum
715 3036 930 3109 persecutores
948 3029 1028 3094 fiunt
1051 3031 1278 3110 praedicatores,

135 3136 209 3199 dum
244 3133 403 3199 dissolutis
437 3134 553 3199 cetenis
587 3141 725 3198 cantatur
755 3135 944 3212 incarcere,
976 3136 1051 3200 dum
1073 3135 1106 3198 in
1129 3135 1278 3217 martyrio

135 3239 265 3323 martyri
280 3239 403 3303 uidetur
424 3238 456 3302 in
472 3237 564 3314 celis,
587 3240 663 3303 dum
682 3244 841 3319 postremo
863 3239 894 3320 in
919 3258 963 3310 eo,
987 3257 1049 3320 quo
1066 3238 1203 3303 eleustus
1223 3246 1278 3312 est,

136 3363 264 3424 corpore
298 3365 317 3407 a
351 3343 468 3408 dextris
503 3341 552 3406 dei
587 3343 691 3421 sedet,
732 3343 818 3407 cuius
852 3343 883 3406 in
918 3341 1018 3425 gloria
1052 3349 1082 3406 et
1115 3343 1277 3407 maiestate

136 3451 307 3528 permanet.
1305 3460 1330 3496 ³⁰

180 3640 192 3691 l
214 3637 279 3706 quie
305 3642 337 3692 tu
365 3638 419 3691 dne
447 3639 502 3691 RE
526 3638 717 3706 quiezzeu
739 3639 763 3690 G
816 3640 833 3692 3
860 3636 1054 3705 magnificatus
1082 3654 1111 3690 ee
1131 3639 1164 3705 G,
1182 3641 1229 3691 aed
1243 3640 1278 3708 cf.

137 3725 199 3793 irtsr.
218 3734 241 3777 et
259 3725 323 3777 Abla
342 3725 360 3776 I
367 3725 393 3792 V,
412 3724 450 3778 86
501 3728 611 3778 daune
632 3725 712 3778 Gnd
731 3725 757 3777 R
810 3727 826 3775 7
851 3724 929 3777 ouius
948 3742 996 3778 om.
1015 3725 1041 3777 R
1093 3724 1279 3792 8uoluptatis

140 3811 190 3864 GR
207 3813 253 3864 sed
269 3811 304 3880 cs.
322 3813 405 3864 Acad
420 3830 448 3882 p.
467 3811 502 3864 18
557 3812 844 3866 ratistensem
897 3813 930 3864 16
948 3811 1071 3865 reddidit
1089 3813 1114 3864 R
1169 3814 1200 3864 le
1217 3829 1280 3880 pro·

137 3898 455 3952 meruit-terribiliter
473 3900 559 3952 aaaG
611 3897 689 3952 horis
710 3901 734 3951 G
753 3899 809 3952 orie
828 3899 855 3952 R
870 3897 967 3951 horee
1019 3899 1054 3952 25
1072 3898 1280 3966 elemosynisll

137 4039 169 4090 et
187 4037 218 4090 in
244 3993 406 4104 martyrioG
459 4040 493 4090 28
514 4038 632 4106 martyri
661 4039 686 4090 G
711 4055 728 4091 e
755 4044 877 4106 martyre
904 4037 959 4090 RE
1008 4037 1039 4090 iu
1066 4054 1098 4090 eo
1125 4037 1199 4105 quod
1228 4038 1280 4091 GR

138 4125 171 4177 29
197 4123 276 4177 cuius
294 4123 323 4177 in
341 4124 431 4192 gloria
449 4129 477 4178 et
495 4125 734 4178 maiestatemne
760 4123 853 4190 (ecem
876 4125 982 4177 eedem
1000 4122 1089 4190 enea.)
1111 4125 1135 4178 G
1154 4124 1232 4178 cuius
1251 4124 1279 4177 in

139 4209 226 4278 glorie
244 4215 272 4263 et
289 4212 420 4266 manebat
437 4216 465 4266 et
482 4217 627 4280 permanet
646 4212 704 4264 RE.
