3075 4967
305 282 368 347 676
647 283 765 336 eeneti
784 282 920 336 Hilarii
939 282 1101 352 epieoopi

306 477 394 556 capta
415 493 434 536 a
458 471 637 556 Babyloniis
660 479 692 537 et
713 491 824 537 euersa
846 472 935 556 regui
952 471 1135 556 dignitatem
1153 473 1210 537 sub
1226 473 1432 538 dominantium

306 577 371 643 iure
402 597 463 640 non
494 576 604 641 lenuit:
640 583 709 661 post
742 576 874 642 etiamn
899 575 1046 641 Romanis
1076 583 1164 658 coptu
1187 583 1218 642 et
1240 577 1364 642 incensu
1384 579 1435 642 iun

307 680 391 745 nulle
413 686 467 746 est
512 689 543 746 et
564 680 617 745 ubi
646 681 696 745 dei
726 680 850 765 requies
872 680 904 744 in
927 687 1077 746 ueternum
1101 679 1171 746 ost?
1216 682 1269 747 ubi
1292 701 1329 748 ex
1351 681 1434 747 fructu

307 785 424 850 uentris
454 784 520 850 eius
550 785 583 848 iu
613 785 688 850 sede
718 785 769 850 dei
799 803 890 868 reges
924 783 1018 848 sunt?
1063 784 1203 850 seruiunt
1233 785 1317 850 enim
1358 785 1435 851 hodie

269 918 281 954 ⁶
308 889 421 966 erube
444 889 543 970 patrie
565 897 716 966 oureuteu„
740 889 856 954 totuin
880 889 955 954 orbe
978 888 1118 969 dispersi.
1165 895 1196 954 et
1218 889 1270 954 ubi
1301 889 1359 967 illu
1379 909 1435 973 que

307 993 406 1058 iurata
429 1002 484 1070 est,
520 990 658 1058 ueritus?
702 992 756 1058 ubi
779 991 864 1070 illud,
888 995 970 1076 quod
995 1012 1056 1056 non
1080 992 1279 1059 frustrandus
1302 1001 1349 1059 est
1369 993 1435 1058 ueri·

309 1097 393 1162 tete?
430 1106 460 1162 et
481 1097 532 1162 ubi
557 1095 630 1160 filiis
656 1095 754 1162 Dauid
778 1097 867 1178 regni
892 1096 998 1162 aeterni
1021 1097 1112 1162 sedes
1134 1097 1346 1178 sempiterno?
1380 1116 1435 1179 que

309 1201 407 1267 eleeto
429 1201 503 1265 Sion
526 1201 643 1272 dieitur.
667 1199 772 1265 horret
794 1200 899 1277 minio,
920 1220 1019 1266 uacuo
1040 1201 1149 1266 ineolis
1164 1213 1226 1266 est:
1251 1209 1283 1267 et
1299 1201 1435 1284 quomodo

310 1306 359 1371 dei
382 1305 506 1388 requies
529 1312 578 1369 est
607 1305 644 1368 in
675 1304 824 1370 saeoulu
856 1304 1112 1370 seculorum?
1157 1313 1285 1370 ourrunt
1308 1312 1435 1386 tempore

258 1435 283 1471 ιο
310 1416 341 1475 et
364 1408 423 1473 boo
445 1409 515 1473 uitae
539 1414 650 1474 nostrae
666 1408 811 1473 saeoulum
830 1414 951 1474 munet:
976 1410 1052 1474 dous
1075 1429 1151 1494 ergo
1174 1411 1242 1474 sine
1261 1410 1363 1492 requie
1377 1405 1436 1476 est?

355 1514 406 1578 19.
432 1513 495 1578 Sed
533 1513 585 1596 qui
623 1512 691 1577 baeo
731 1513 863 1579 infelicis
902 1514 1015 1578 erroris
1052 1513 1194 1595 opinione
1232 1513 1278 1579 sio
1314 1515 1436 1586 eredunt,

310 1618 442 1693 audiunt,
467 1617 516 1682 oni
536 1617 634 1682 lluuid
657 1618 790 1682 iuratum
812 1616 860 1682 sit.
905 1616 948 1681 illi
972 1637 1091 1701 nempe,
1114 1618 1154 1682 de
1177 1635 1239 1700 quo
1258 1618 1369 1683 dietum
1383 1625 1436 1680 est:

308 1723 426 1803 posui
463 1721 711 1786 adiutorium
749 1741 870 1802 super
911 1729 1135 1802 potentem,
1182 1722 1357 1787 exaltuui
1396 1722 1436 1784 de

311 1825 430 1907 plebe
454 1847 537 1890 mea
566 1824 751 1891 electum.
805 1825 943 1891 inueni
977 1825 1104 1891 Dauid
1135 1846 1293 1892 seruum
1325 1843 1436 1890 meniu

259 1951 284 1992 u
312 1937 350 1996 et
383 1930 421 1994 in
459 1929 550 1994 oleo
583 1937 724 1995 saneto
761 1928 882 1995 liniui
918 1949 1013 1995 euru.
1060 1949 1197 1996 munus
1232 1931 1333 1996 enirn
1364 1948 1437 1993 meu

311 2034 587 2099 auxiliabitur
621 2033 694 2110 illi,
725 2040 762 2099 et
796 2033 1007 2098 brachium
1040 2054 1165 2100 meurn
1200 2032 1437 2100 confortabit

312 2158 406 2204 euru.
450 2136 557 2202 nihil
587 2137 786 2223 profioiet
815 2137 1005 2202 inimicus
1035 2139 1073 2203 in
1106 2159 1157 2214 eo,
1182 2147 1219 2204 et
1242 2137 1355 2204 filius
1376 2137 1436 2200 iui-

312 2243 489 2326 quitotis
512 2263 585 2322 uon
609 2241 765 2308 edieiet
788 2260 934 2308 nouere
957 2261 1052 2308 eurn.
1092 2251 1130 2309 et
1152 2242 1353 2308 concidam
1375 2240 1437 2304 ini-

313 2346 438 2412 micos
461 2347 706 2413 eiusefuoie
729 2346 860 2426 ipsius
883 2346 1126 2412 etodieutes
1149 2369 1234 2414 eurn
1258 2349 1295 2412 in
1317 2346 1437 2429 fugem

260 2472 285 2509 2⁰
313 2459 557 2517 conuertem.
603 2458 641 2525 et
669 2451 827 2515 ueritus
858 2471 941 2516 meu
975 2457 1013 2516 et
1046 2451 1335 2518 misericordia
1367 2467 1439 2514 rnen

313 2575 399 2621 oum
422 2554 519 2638 ipso,
555 2560 593 2619 et
626 2555 664 2618 in
699 2555 857 2620 nomine
888 2574 971 2620 meo
1005 2554 1261 2622 exultabitur
1293 2571 1438 2621 eorunm

313 2661 407 2724 eius.
452 2667 490 2724 et
513 2679 654 2739 ponam
677 2658 716 2722 in
740 2659 840 2723 meri
865 2679 1020 2724 inunum
1044 2659 1138 2726 eius.
1163 2668 1201 2725 et
1224 2660 1261 2725 in
1279 2655 1437 2725 flurnini-

314 2764 386 2828 bus
409 2764 617 2828 dexteram
640 2763 737 2827 eius.
771 2763 860 2844 ipse
883 2764 1185 2829 inuooubitme:
1210 2779 1324 2846 pater
1346 2777 1439 2826 meus

312 2887 353 2932 es
376 2874 423 2940 tu,
446 2868 543 2932 deus
566 2886 683 2942 meus,
707 2874 746 2932 et
767 2875 984 2948 susceptor
1006 2868 1156 2933 salutis
1181 2888 1283 2938 meae.
1320 2873 1440 2947 elego
1518 2923 1519 2972 ἢ

261 2989 286 3026 n
313 2972 632 3056 primogenitum
662 2990 803 3054 ponurn
836 2970 960 3049 illurn,
992 2972 1196 3038 excelsum
1227 2993 1306 3054 prae
1335 2985 1441 3053 reges

357 3098 390 3149 13
407 3095 452 3148 Po.
470 3093 645 3160 LXXXVIII,
662 3095 697 3146 20
715 3111 775 3162 eqq.
1518 3129 1519 3164 p

356 3198 671 3265 rurgnrraremnrnn
686 3198 857 3266 urgnrrauu
907 3199 1135 3254 suonrruuur
1148 3199 1218 3254 rur
1267 3201 1443 3256 urnueemo

312 3289 355 3339 eet
373 3285 399 3339 P
447 3285 609 3339 leeruiunt
629 3285 733 3337 GRPT
749 3285 873 3339 seruiunt
898 3286 920 3339 V
970 3288 1073 3340 lior-be
1092 3305 1121 3339 eu
1137 3303 1187 3340 ore
1206 3305 1239 3341 m.
1259 3287 1279 3340 2
1303 3287 1326 3340 V
1339 3285 1403 3339 urbe
1421 3281 1442 3332 G
1518 3325 1519 3348 t

312 3372 570 3426 illeGVPTornR
617 3371 804 3426 birnstandus
821 3373 869 3426 VP
910 3372 1094 3426 ueritetenuP
1147 3371 1443 3428 lOr'umenetrlrnannt
1518 3359 1519 3448 l

312 3460 384 3529 Lipr.
403 3461 449 3512 red
465 3457 498 3522 υἱ
513 3459 611 3512 Benaci.
666 3462 697 3512 ll
716 3459 873 3527 opinionem
886 3459 913 3511 P
965 3461 997 3514 13
1015 3459 1183 3513 adiutorium
1198 3461 1276 3513 GPr
1286 3456 1443 3514 adiutorium

312 3565 404 3601 meum
428 3545 477 3598 VR
494 3544 528 3609 ef.
546 3547 610 3598 Abu.
630 3547 647 3597 I
652 3545 680 3611 V,
699 3545 735 3599 84
789 3552 817 3599 et
840 3545 961 3600 exalteui
981 3547 1035 3600 RE
1086 3547 1121 3600 de
1145 3547 1227 3615 plebe
1251 3564 1311 3601 mee
1332 3545 1443 3599 electum
1518 3535 1519 3568 ³

315 3635 371 3688 GV
386 3634 506 3686 electum
533 3633 567 3686 de
593 3632 675 3700 plebe
701 3649 763 3686 mee
782 3633 886 3685 RPTJr
956 3635 988 3688 lb
1015 3638 1044 3687 et
1070 3633 1099 3687 in
1126 3633 1188 3688 oleo
1217 3635 1243 3686 G
1270 3634 1298 3686 in
1322 3632 1378 3686 oleo
1402 3626 1444 3681 VR
1518 3609 1519 3670 l

312 3721 374 3774 oleo
393 3720 471 3772 PTE
521 3723 616 3772 saneto
636 3719 662 3770 G
669 3719 768 3772 VRPT
784 3725 879 3773 saneto
905 3737 968 3774 meo
992 3721 1021 3772 E
1087 3720 1157 3774 linui
1184 3718 1220 3787 ll>
1251 3721 1276 3774 G
1301 3715 1406 3772 nnizi
1425 3713 1447 3764 Ρ
1518 3701 1519 3782 l

315 3809 347 3862 16
373 3807 516 3876 praecium
542 3806 567 3859 G
590 3806 731 3860 broceium
756 3806 781 3861 V
849 3807 1019 3862 confortabit
1039 3807 1118 3860 GVT
1143 3807 1310 3862 eonforteuit
1326 3804 1373 3857 PR
1391 3799 1446 3867 (ned
1518 3793 1519 3876 l

312 3893 745 3959 inllbeaeuwrr.m.1)
819 3894 1099 3948 l'lininimieooG
1170 3887 1446 3948 eberonem

312 3984 348 4036 20
383 3985 412 4035 et
446 3980 638 4035 misericordie
666 3997 728 4034 mee
757 3981 809 4034 GR
844 3986 872 4036 et
906 3979 1097 4036 misericordia
1125 3981 1175 4034 PT
1208 3977 1393 4036 miseriem-din
1427 3971 1446 4024 l'
1518 3969 1519 4030 l

313 4071 344 4122 21
366 4084 482 4122 cornum
501 4068 554 4121 GR
571 4067 620 4135 (cs.
635 4086 664 4137 p.
683 4065 750 4136 682,
768 4067 808 4122 20
826 4079 849 4122 et
870 4069 982 4138 Georpes
1019 4067 1108 4131 Wortr'.
1132 4087 1161 4139 p.
1192 4069 1256 4134 174)
1275 4083 1354 4121 eornu
1379 4059 1448 4116 WI'

313 4173 348 4226 22
359 4189 473 4226 menum
484 4172 510 4225 G
516 4171 589 4226 VPT
604 4188 702 4227 menno
719 4173 746 4225 R
798 4174 832 4228 23
850 4165 988 4226 dexter-em
1005 4172 1031 4225 G
1049 4173 1175 4227 dext-rum
1197 4172 1221 4227 V
1270 4167 1405 4224 buooeuit
1424 4163 1446 4216 G
1518 4183 1519 4210 2

314 4259 349 4311 25
367 4259 506 4312 excelsum
524 4275 592 4326 pree
615 4259 689 4311 VPT
705 4264 734 4313 et
751 4260 891 4314 exeelnum
908 4277 976 4328 prae
996 4259 1021 4313 G
1040 4257 1179 4314 exer-lenm
1198 4275 1280 4329 nuper
1295 4255 1351 4310 RE.
