3075 4967
267 307 330 374 488
606 311 722 364 sancti
747 310 882 364 Hilarii
906 311 1070 379 episcopi

267 500 325 566 eibi
350 520 421 566 esse
444 501 608 579 contraria,
630 506 671 580 ut,
695 501 781 566 ouius
805 521 843 566 ex
864 507 1019 583 praecepto
1042 521 1104 566 non
1127 502 1230 567 solum
1251 504 1402 570 odinmin

266 611 419 686 parentes,
443 605 499 670 sed
522 604 698 671 maledictio
722 610 842 670 tantum
867 611 966 671 morte
996 605 1034 671 sit
1057 606 1163 690 digna,
1194 607 1260 688 ipse
1289 627 1401 672 mrsum

267 709 357 786 dicat,
386 709 547 774 neminem
578 708 762 790 discipulum
793 728 884 774 snum
915 729 984 776 esse
1006 729 1106 792 posse,
1130 709 1190 775 nisi
1214 712 1268 795 qui
1289 717 1401 796 patrem

268 818 298 878 et
320 820 451 879 matram
474 823 504 878 et
525 832 653 878 uxorem
676 818 706 878 et
728 811 808 878 filios
831 820 862 878 et
883 813 997 878 tratres
1020 821 1050 879 et
1071 833 1193 880 sorores
1221 823 1254 880 et
1276 817 1402 881 animam

228 936 355 982 sanam
378 918 486 983 odedt.
534 917 628 982 durus
658 915 708 982 hic
738 937 841 982 sermo
872 923 902 984 et
929 923 1119 1000 preceptum
1150 937 1249 1002 graue
1278 928 1332 998 est,
1360 920 1401 984 in-

266 1020 390 1101 pietatis
413 1021 631 1088 necessitatem
653 1021 692 1086 ad
723 1022 1025 1087 consummationem
1058 1022 1220 1108 religionis
1253 1023 1402 1104 inponere.

312 1125 339 1190 3.
363 1125 480 1192 Verum
503 1125 580 1191 nihil
604 1147 622 1190 a
645 1126 702 1192 deo
725 1127 845 1203 durum,
869 1125 947 1191 nibil
969 1127 1107 1208 impium,
1130 1126 1210 1192 nibil
1224 1127 1401 1192 contrarium

267 1228 470 1296 anterioribus
505 1230 668 1314 praeceptis
702 1230 833 1295 iubetur.
879 1231 969 1296 irasci
1003 1237 1106 1297 autem
1143 1230 1212 1296 haee
1249 1232 1402 1298 entissime

266 1334 358 1399 uobis
393 1335 529 1408 nomina,
563 1340 650 1416 pater
684 1333 803 1401 scilicet
835 1354 871 1400 ae
904 1341 1005 1400 mater
1038 1341 1069 1400 et
1101 1355 1175 1400 uxor
1204 1343 1236 1401 et
1264 1335 1319 1400 filii
1346 1355 1402 1400 nou

216 1461 240 1498 ιο
266 1443 405 1520 possunt,
441 1439 522 1522 quod
559 1459 611 1504 eos
648 1439 844 1521 praecipimur
880 1440 992 1517 odisse,
1026 1459 1097 1504 curn
1135 1440 1273 1504 animem
1309 1440 1401 1525 ipsam

266 1547 404 1607 nostram
428 1541 530 1608 odisse
553 1542 724 1608 iubeamur.
771 1543 829 1607 scit
850 1543 933 1607 enirn
957 1563 1027 1608 esse
1050 1544 1195 1608 dominus
1217 1543 1322 1626 plures
1343 1550 1402 1608 tarn

266 1646 429 1711 inconsulti
463 1647 587 1724 amoris,
621 1654 663 1722 ut,
687 1665 758 1712 curn
781 1646 950 1728 persistere
972 1646 1004 1710 in
1026 1647 1164 1730 martyrii
1199 1647 1299 1731 gloria
1328 1646 1402 1711 lilios

267 1769 337 1815 suos
360 1750 492 1828 uideant,
514 1757 548 1814 ut
569 1750 703 1831 tempori
725 1754 847 1829 cedant,
870 1756 997 1835 1'ogent;
1019 1757 1054 1815 ut
1076 1753 1263 1816 sententiam
1281 1758 1402 1827 mutent

266 1859 433 1935 precentur
455 1861 486 1920 et
507 1855 611 1935 impiae
634 1854 755 1937 pietatis
779 1874 855 1939 erga
878 1873 931 1920 eos
950 1860 1076 1919 utantur
1091 1855 1222 1932 adfectu,
1245 1875 1315 1922 cum
1331 1874 1402 1919 anns

215 1981 239 2017 rs
267 1963 366 2022 mater
388 1964 419 2022 et
440 1965 527 2039 pater
556 1979 651 2024 senex
673 1958 867 2024 miserabiles
898 1979 992 2024 canos
1022 1958 1085 2023 lilio
1113 1960 1145 2023 in
1175 1960 1243 2043 ipso
1271 1959 1402 2043 martyrii

267 2063 435 2127 certamine
459 2083 528 2127 cum
550 2063 667 2128 inuidia
689 2063 840 2144 praedurae
861 2062 1028 2128 uoluntatis
1058 2063 1124 2130 eius
1154 2064 1306 2142 ostendat
1337 2063 1402 2127 binc

267 2173 297 2231 et
319 2187 395 2230 uxor
418 2165 498 2232 adsit
520 2165 653 2231 filiorum
676 2167 841 2232 ambitiosa
871 2167 1024 2244 comitatu
1055 2173 1130 2246 oret,
1154 2174 1188 2233 ut
1216 2169 1319 2249 potius
1347 2167 1403 2231 sibi

266 2269 387 2354 illisque
410 2271 502 2348 uiuat,
526 2269 599 2335 hine
621 2269 733 2336 iratres
756 2278 788 2336 et
810 2290 930 2336 sorores
952 2269 1075 2337 blandis
1099 2271 1259 2336 nominum
1285 2289 1404 2337 suorum

267 2371 526 2438 familiaritatibus
550 2374 762 2455 deprecentur,
785 2376 854 2457 ipsa
877 2394 1000 2458 quoque
1022 2375 1127 2439 anima
1147 2373 1313 2440 inlecebris
1344 2374 1403 2438 iam

215 2497 239 2536 aa
266 2476 388 2557 pridem
412 2483 501 2558 capta
522 2478 647 2543 uiuendi
670 2479 772 2545 tacitis
795 2479 981 2563 quibusdam
997 2478 1131 2544 consiliis
1147 2479 1187 2544 ad
1202 2479 1405 2544 coniuentiam

267 2581 468 2646 deflectendae
498 2581 662 2648 uoluntatis
692 2584 821 2664 inrepat.
867 2582 927 2648 hoe
956 2578 1051 2668 igitur
1079 2583 1110 2648 in
1145 2592 1285 2664 ternpore
1309 2582 1404 2648 odisse

266 2704 323 2750 nos
346 2693 473 2766 patrem,
497 2695 641 2764 matrem,
665 2707 800 2765 uxorem,
823 2686 914 2764 filios,
938 2687 1057 2765 fratres,
1092 2707 1214 2752 sorores
1244 2695 1276 2753 et
1310 2688 1402 2768 ipsam

267 2807 391 2872 quoque
414 2791 549 2855 animam
580 2791 724 2857 dominus
751 2791 908 2872 praeespit.
953 2811 1025 2856 narn
1060 2792 1142 2856 hunc
1176 2791 1313 2857 eundem
1345 2809 1405 2855 ser-

268 2912 391 2958 monem
413 2893 456 2958 ita
479 2894 596 2973 elausit,
619 2900 689 2977 post
704 2897 810 2962 odium
827 2895 1038 2961 uniuersorum
1055 2895 1177 2961 dicens:
1201 2902 1240 2961 et
1263 2895 1298 2960 si
1320 2893 1406 2980 quis

215 3015 240 3053 2⁵
267 3015 341 3060 non
375 3003 511 3078 portat
545 3019 705 3065 crucem
742 3019 850 3064 suam
884 3005 920 3065 et
953 3000 1066 3063 uenit
1098 3006 1189 3081 post
1223 3019 1291 3076 me,
1330 3017 1404 3063 non

309 3154 579 3224 mmmm

309 3276 402 3346 ilipse
421 3278 664 3348 meipsam?
688 3279 713 3332 V
762 3281 826 3332 det
845 3295 953 3333 sorores
972 3296 1020 3332 om.
1044 3279 1093 3331 VR
1145 3281 1360 3347 opraeoeptnm
1378 3294 1406 3329 ar

266 3368 414 3432 praecepto
423 3381 489 3418 corr.
499 3365 563 3418 aa?
577 3365 603 3419 V
635 3367 651 3417 6
669 3365 814 3434 religionis
824 3365 1007 3434 eareligionis
1016 3364 1161 3433 religionis
1173 3364 1234 3417 aa?
1247 3365 1274 3418 V
1306 3367 1322 3417 7
1340 3363 1407 3417 nihil

266 3467 296 3504 ea
313 3451 352 3504 nil
371 3469 404 3504 m.
424 3451 485 3504 211
535 3454 649 3520 9pater
668 3471 698 3506 aa
715 3457 796 3520 parte
813 3471 880 3506 corr.
898 3471 932 3504 m.
948 3453 967 3504 2
984 3451 1011 3506 V
1059 3451 1105 3505 aui
1123 3456 1214 3504 mater
1231 3453 1258 3505 R
1312 3455 1345 3504 10
1362 3466 1406 3504 eos

266 3537 439 3592 cdd.m.2V
489 3539 887 3593 cumanimam—odisseom.
904 3539 930 3592 l’
979 3541 1012 3593 12
1029 3537 1196 3593 ineaulatit'
1244 3536 1408 3593 resisterell

267 3627 300 3678 14
317 3631 484 3693 praecentor
498 3625 548 3678 VR
600 3629 628 3679 et
647 3625 722 3694 inpie
740 3625 853 3695 pietatis
871 3643 901 3679 ea
919 3631 947 3679 et
965 3626 1040 3694 inpie
1058 3625 1201 3694 tinpieatia
1219 3626 1245 3677 V
1260 3629 1289 3678 et
1307 3624 1406 3694 impiae

266 3711 433 3776 ἔξω.
453 3710 473 3764 2
490 3712 550 3778 tiu.)
578 3712 734 3781 pietatisR
787 3713 933 3767 inutautur
955 3713 981 3766 V
1029 3729 1098 3766 anus
1124 3717 1205 3781 pater
1229 3717 1258 3766 et
1276 3716 1366 3766 mater
1387 3709 1411 3761 V
1524 3704 1525 3709 ’

268 3800 300 3852 15
318 3799 489 3852 miserabiles
508 3817 539 3852 es
561 3799 726 3853 miserabilis
754 3819 787 3853 ru.
813 3799 877 3853 23
894 3799 1080 3853 mirabilesC
1130 3799 1160 3853 in
1178 3817 1228 3853 om.
1252 3799 1278 3852 V
1330 3801 1362 3853 17
1378 3803 1406 3850 nt

266 3886 363 3956 ardep
418 3888 451 3940 18
469 3885 582 3954 illisque
597 3903 627 3940 ex
641 3886 745 3954 illeque
763 3884 827 3938 m.2
842 3886 868 3940 V
918 3889 951 3940 19
969 3886 1172 3954 depraecantnr
1186 3886 1236 3940 VR
1282 3888 1318 3940 20
1336 3884 1407 3939 ooni-

266 4021 359 4077 uantid
383 4023 472 4092 V(cf.
486 4025 632 4078 Brombccb
646 4023 759 4095 p.3()3)
776 3981 1126 4095 oiientiapconibentiam
1137 4024 1189 4077 Rc
1238 4026 1274 4078 22
1291 4031 1407 4078 matram

266 4111 326 4162 odd.
343 4109 415 4163 rra?
439 4111 464 4162 V
513 4112 600 4180 ipsam
619 4129 649 4165 er
666 4111 726 4180 ipsa
744 4111 817 4165 aa?
841 4111 866 4164 V
915 4113 949 4164 23
966 4111 1126 4180 praecoepit
1140 4111 1167 4164 R
1201 4109 1277 4164 huno
1295 4129 1327 4164 ea
1343 4111 1407 4164 laec

266 4195 331 4248 rra?
348 4197 374 4250 V
422 4199 547 4252 ‘lduerbu
560 4199 624 4252 etsi
636 4199 698 4266 quis
710 4215 765 4251 non
778 4202 918 4266 portat-
929 4197 1043 4252 uidetur
1054 4197 1151 4252 diosna
1160 4215 1187 4266 p.
1201 4195 1264 4261 489,
1279 4197 1294 4250 7
1308 4215 1358 4251 om.
1370 4197 1406 4267 Cp

265 4283 299 4338 25
317 4299 366 4352 pos
385 4300 428 4338 me
452 4284 477 4337 V
484 4286 554 4354 fort.
572 4295 646 4352 recte,
664 4286 698 4352 cs.
714 4305 742 4354 p.
759 4283 824 4350 391,
844 4284 880 4338 16
898 4295 921 4338 et
940 4287 1009 4338 scot:
1027 4285 1058 4338 L.
1074 4302 1103 4355 p.
1120 4282 1187 4338 316,
