<?xml version="1.0" encoding="UTF-8"?>
<!DOCTYPE html PUBLIC "-//W3C//DTD XHTML 1.0 Transitional//EN"
    "http://www.w3.org/TR/xhtml1/DTD/xhtml1-transitional.dtd">
<html xmlns="http://www.w3.org/1999/xhtml" xml:lang="en" lang="en">
 <head>
  <title>
</title>
<meta http-equiv="Content-Type" content="text/html;charset=utf-8" />
  <meta name='ocr-system' content='tesseract 3.04.00' />
  <meta name='ocr-capabilities' content='ocr_page ocr_carea ocr_par ocr_line ocrx_word'/>
</head>
<body>
  <div class='ocr_page' id='page_1' title='image "./corpusscriptoru23wiengoog_0423.png"; bbox 0 0 3075 4967; ppageno 0'>
   <div class='ocr_carea' id='block_1_1' title="bbox 374 274 1229 345">
    <p class='ocr_par' dir='ltr' id='par_1_1' title="bbox 374 274 1229 345">
     <span class='ocr_line' id='line_1_1' title="bbox 374 274 1229 345; baseline 0.005 -16"><span class='ocrx_word' id='word_1_1' title='bbox 374 281 555 331; x_wconf 78' lang='lat' dir='ltr'><strong>tractatus</strong></span> <span class='ocrx_word' id='word_1_2' title='bbox 573 275 608 329; x_wconf 92' lang='lat' dir='ltr'><strong>in</strong></span> <span class='ocrx_word' id='word_1_3' title='bbox 627 276 800 345; x_wconf 79' lang='lat' dir='ltr'><strong>psalmum</strong></span> <span class='ocrx_word' id='word_1_4' title='bbox 819 275 939 330; x_wconf 83' lang='lat' dir='ltr'>CXVIII.</span> <span class='ocrx_word' id='word_1_5' title='bbox 1166 274 1229 341; x_wconf 79' lang='lat'><strong>393</strong></span> 
     </span>
    </p>
   </div>
   <div class='ocr_carea' id='block_1_2' title="bbox 100 455 1284 3050">
    <p class='ocr_par' dir='ltr' id='par_1_2' title="bbox 103 455 1283 1157">
     <span class='ocr_line' id='line_1_2' title="bbox 106 455 1231 549; baseline -0.003 -15"><span class='ocrx_word' id='word_1_6' title='bbox 106 473 133 534; x_wconf 82' lang='lat' dir='ltr'><strong>et</strong></span> <span class='ocrx_word' id='word_1_7' title='bbox 151 465 299 549; x_wconf 87' lang='lat' dir='ltr'><strong>propheta,</strong></span> <span class='ocrx_word' id='word_1_8' title='bbox 315 472 348 531; x_wconf 88' lang='lat' dir='ltr'><strong>ut</strong></span> <span class='ocrx_word' id='word_1_9' title='bbox 361 455 455 531; x_wconf 81' lang='lat' dir='ltr'><strong>&#39;osset</strong></span> <span class='ocrx_word' id='word_1_10' title='bbox 478 465 591 549; x_wconf 88' lang='lat' dir='ltr'><strong>dignus</strong></span> <span class='ocrx_word' id='word_1_11' title='bbox 614 466 724 547; x_wconf 83' lang='lat' dir='ltr'><strong>spiritu</strong></span> <span class='ocrx_word' id='word_1_12' title='bbox 747 464 925 547; x_wconf 77' lang='lat' dir='ltr'><strong>prophet-iae,</strong></span> <span class='ocrx_word' id='word_1_13' title='bbox 947 467 1014 533; x_wconf 84' lang='lat' dir='ltr'><strong>uiae</strong></span> <span class='ocrx_word' id='word_1_14' title='bbox 1029 486 1109 543; x_wconf 84' lang='lat' dir='ltr'><strong>suas,</strong></span> <span class='ocrx_word' id='word_1_15' title='bbox 1132 466 1231 533; x_wconf 82' lang='lat' dir='ltr'><strong>idest</strong></span> 
     </span>
     <span class='ocr_line' id='line_1_3' title="bbox 105 568 1230 653; baseline -0.002 -15"><span class='ocrx_word' id='word_1_16' title='bbox 105 572 211 653; x_wconf 81' lang='lat' dir='ltr'><strong>peceati</strong></span> <span class='ocrx_word' id='word_1_17' title='bbox 232 576 302 635; x_wconf 81' lang='lat' dir='ltr'><strong>ante</strong></span> <span class='ocrx_word' id='word_1_18' title='bbox 324 568 485 635; x_wconf 80' lang='lat' dir='ltr'><strong>confessus</strong></span> <span class='ocrx_word' id='word_1_19' title='bbox 508 576 562 643; x_wconf 83' lang='lat' dir='ltr'><strong>eet,</strong></span> <span class='ocrx_word' id='word_1_20' title='bbox 586 576 620 633; x_wconf 90' lang='lat' dir='ltr'><strong>ut</strong></span> <span class='ocrx_word' id='word_1_21' title='bbox 635 576 705 651; x_wconf 89' lang='lat' dir='ltr'><strong>post</strong></span> <span class='ocrx_word' id='word_1_22' title='bbox 720 569 802 636; x_wconf 87' lang='lat' dir='ltr'><strong>hane</strong></span> <span class='ocrx_word' id='word_1_23' title='bbox 818 571 1099 650; x_wconf 76' lang='lat' dir='ltr'><strong>pronuntiationem</strong></span> <span class='ocrx_word' id='word_1_24' title='bbox 1123 590 1230 636; x_wconf 87' lang='lat' dir='ltr'><strong>earum</strong></span> 
     </span>
     <span class='ocr_line' id='line_1_4' title="bbox 105 672 1231 759; baseline -0.001 -19"><span class='ocrx_word' id='word_1_25' title='bbox 105 676 235 741; x_wconf 86' lang='lat' dir='ltr'><strong>doetrinae</strong></span> <span class='ocrx_word' id='word_1_26' title='bbox 255 672 507 739; x_wconf 88' lang='lat' dir='ltr'><strong>iustifieationum</strong></span> <span class='ocrx_word' id='word_1_27' title='bbox 530 673 579 738; x_wconf 90' lang='lat' dir='ltr'><strong>dei</strong></span> <span class='ocrx_word' id='word_1_28' title='bbox 604 693 700 755; x_wconf 81' lang='lat' dir='ltr'><strong>capax</strong></span> <span class='ocrx_word' id='word_1_29' title='bbox 723 680 814 739; x_wconf 84' lang='lat' dir='ltr'><strong>esset.</strong></span> <span class='ocrx_word' id='word_1_30' title='bbox 859 675 942 757; x_wconf 84' lang='lat' dir='ltr'><strong>quod</strong></span> <span class='ocrx_word' id='word_1_31' title='bbox 963 683 1126 759; x_wconf 85' lang='lat' dir='ltr'><strong>utrumque</strong></span> <span class='ocrx_word' id='word_1_32' title='bbox 1142 672 1231 741; x_wconf 84' lang='lat' dir='ltr'><strong>abeo-</strong></span> 
     </span>
     <span class='ocr_line' id='line_1_5' title="bbox 103 777 1230 859; baseline 0.002 -16"><span class='ocrx_word' id='word_1_33' title='bbox 103 778 157 844; x_wconf 88' lang='lat' dir='ltr'><strong>lnte</strong></span> <span class='ocrx_word' id='word_1_34' title='bbox 184 780 314 844; x_wconf 85' lang='lat' dir='ltr'><strong>docetur.</strong></span> <span class='ocrx_word' id='word_1_35' title='bbox 360 797 431 843; x_wconf 88' lang='lat' dir='ltr'><strong>nam</strong></span> <span class='ocrx_word' id='word_1_36' title='bbox 467 796 537 842; x_wconf 89' lang='lat' dir='ltr'><strong>oum</strong></span> <span class='ocrx_word' id='word_1_37' title='bbox 572 777 661 843; x_wconf 82' lang='lat' dir='ltr'><strong>dicit:</strong></span> <span class='ocrx_word' id='word_1_38' title='bbox 694 780 969 859; x_wconf 89' lang='lat' dir='ltr'><strong>pronuntiaui,</strong></span> <span class='ocrx_word' id='word_1_39' title='bbox 1003 778 1230 845; x_wconf 77' lang='lat' dir='ltr'><strong>confessionem</strong></span> 
     </span>
     <span class='ocr_line' id='line_1_6' title="bbox 104 882 1283 963; baseline -0.003 -15"><span class='ocrx_word' id='word_1_40' title='bbox 104 882 174 948; x_wconf 88' lang='lat' dir='ltr'><strong>hane</strong></span> <span class='ocrx_word' id='word_1_41' title='bbox 195 883 340 963; x_wconf 72' lang='lat' dir='ltr'><strong>preterit-i</strong></span> <span class='ocrx_word' id='word_1_42' title='bbox 363 882 512 963; x_wconf 88' lang='lat' dir='ltr'><strong>temporie</strong></span> <span class='ocrx_word' id='word_1_43' title='bbox 527 901 595 948; x_wconf 85' lang='lat' dir='ltr'><strong>esse</strong></span> <span class='ocrx_word' id='word_1_44' title='bbox 615 884 822 961; x_wconf 79' lang='lat' dir='ltr'><strong>demonstrat3</strong></span> <span class='ocrx_word' id='word_1_45' title='bbox 844 902 913 947; x_wconf 90' lang='lat' dir='ltr'><strong>oum</strong></span> <span class='ocrx_word' id='word_1_46' title='bbox 929 883 1020 949; x_wconf 80' lang='lat' dir='ltr'><strong>dicit:</strong></span> <span class='ocrx_word' id='word_1_47' title='bbox 1044 885 1141 949; x_wconf 82' lang='lat' dir='ltr'><strong>doce</strong></span> <span class='ocrx_word' id='word_1_48' title='bbox 1164 904 1230 961; x_wconf 90' lang='lat' dir='ltr'><strong>me,</strong></span> <span class='ocrx_word' id='word_1_49' title='bbox 1271 906 1283 945; x_wconf 79' lang='lat' dir='ltr'><strong>e</strong></span> 
     </span>
     <span class='ocr_line' id='line_1_7' title="bbox 104 986 1232 1070; baseline 0.001 -19"><span class='ocrx_word' id='word_1_50' title='bbox 104 988 188 1051; x_wconf 92' lang='lat' dir='ltr'><strong>oratio</strong></span> <span class='ocrx_word' id='word_1_51' title='bbox 210 994 256 1052; x_wconf 85' lang='lat' dir='ltr'><strong>eet</strong></span> <span class='ocrx_word' id='word_1_52' title='bbox 279 1006 316 1052; x_wconf 87' lang='lat' dir='ltr'><strong>ex</strong></span> <span class='ocrx_word' id='word_1_53' title='bbox 339 986 450 1063; x_wconf 84' lang='lat' dir='ltr'><strong>futuro,</strong></span> <span class='ocrx_word' id='word_1_54' title='bbox 473 988 545 1070; x_wconf 91' lang='lat' dir='ltr'><strong>quia</strong></span> <span class='ocrx_word' id='word_1_55' title='bbox 568 986 778 1053; x_wconf 77' lang='lat' dir='ltr'><strong>confitendum</strong></span> <span class='ocrx_word' id='word_1_56' title='bbox 801 993 874 1051; x_wconf 86' lang='lat' dir='ltr'><strong>ante</strong></span> <span class='ocrx_word' id='word_1_57' title='bbox 897 995 945 1053; x_wconf 85' lang='lat' dir='ltr'><strong>eet</strong></span> <span class='ocrx_word' id='word_1_58' title='bbox 974 989 1014 1053; x_wconf 92' lang='lat' dir='ltr'><strong>de</strong></span> <span class='ocrx_word' id='word_1_59' title='bbox 1044 989 1178 1069; x_wconf 80' lang='lat' dir='ltr'><strong>peccatis</strong></span> <span class='ocrx_word' id='word_1_60' title='bbox 1201 994 1232 1054; x_wconf 87' lang='lat' dir='ltr'><strong>et</strong></span> 
     </span>
     <span class='ocr_line' id='line_1_8' title="bbox 106 1091 625 1157; baseline 0 -2"><span class='ocrx_word' id='word_1_61' title='bbox 106 1098 200 1155; x_wconf 86' lang='lat' dir='ltr'><strong>araota</strong></span> <span class='ocrx_word' id='word_1_62' title='bbox 221 1091 412 1157; x_wconf 80' lang='lat' dir='ltr'><strong>consessione</strong></span> <span class='ocrx_word' id='word_1_63' title='bbox 435 1091 625 1157; x_wconf 74' lang='lat' dir='ltr'><strong>discendum.</strong></span> 
     </span>
    </p>

    <p class='ocr_par' dir='ltr' id='par_1_3' title="bbox 100 1192 1284 3050">
     <span class='ocr_line' id='line_1_9' title="bbox 140 1192 1232 1278; baseline 0.004 -20"><span class='ocrx_word' id='word_1_64' title='bbox 140 1194 165 1259; x_wconf 82' lang='lat'><strong>5.</strong></span> <span class='ocrx_word' id='word_1_65' title='bbox 186 1192 316 1261; x_wconf 82' lang='lat' dir='ltr'><strong>Monens</strong></span> <span class='ocrx_word' id='word_1_66' title='bbox 349 1204 453 1260; x_wconf 89' lang='lat' dir='ltr'><strong>autem</strong></span> <span class='ocrx_word' id='word_1_67' title='bbox 483 1194 632 1278; x_wconf 89' lang='lat' dir='ltr'><strong>propheta</strong></span> <span class='ocrx_word' id='word_1_68' title='bbox 664 1195 695 1259; x_wconf 98' lang='lat' dir='ltr'><strong>in</strong></span> <span class='ocrx_word' id='word_1_69' title='bbox 729 1194 800 1277; x_wconf 91' lang='lat' dir='ltr'><strong>lege</strong></span> <span class='ocrx_word' id='word_1_70' title='bbox 832 1216 894 1260; x_wconf 95' lang='lat' dir='ltr'><strong>non</strong></span> <span class='ocrx_word' id='word_1_71' title='bbox 928 1214 966 1261; x_wconf 84' lang='lat' dir='ltr'><strong>ex</strong></span> <span class='ocrx_word' id='word_1_72' title='bbox 998 1194 1049 1260; x_wconf 86' lang='lat' dir='ltr'><strong>hie</strong></span> <span class='ocrx_word' id='word_1_73' title='bbox 1072 1198 1175 1262; x_wconf 81' lang='lat' dir='ltr'><strong>doceri</strong></span> <span class='ocrx_word' id='word_1_74' title='bbox 1197 1216 1232 1262; x_wconf 84' lang='lat' dir='ltr'><strong>oe</strong></span> 
     </span>
     <span class='ocr_line' id='line_1_10' title="bbox 106 1298 1230 1383; baseline 0 -20"><span class='ocrx_word' id='word_1_75' title='bbox 106 1298 229 1379; x_wconf 84' lang='lat' dir='ltr'><strong>postulat,</strong></span> <span class='ocrx_word' id='word_1_76' title='bbox 262 1319 331 1383; x_wconf 81' lang='lat' dir='ltr'><strong>quae</strong></span> <span class='ocrx_word' id='word_1_77' title='bbox 354 1298 506 1379; x_wconf 78' lang='lat' dir='ltr'><strong>corporali</strong></span> <span class='ocrx_word' id='word_1_78' title='bbox 529 1308 600 1365; x_wconf 86' lang='lat' dir='ltr'><strong>tuno</strong></span> <span class='ocrx_word' id='word_1_79' title='bbox 625 1300 793 1365; x_wconf 85' lang='lat' dir='ltr'><strong>ministerio</strong></span> <span class='ocrx_word' id='word_1_80' title='bbox 815 1300 1009 1383; x_wconf 83' lang='lat' dir='ltr'><strong>gerebantur,</strong></span> <span class='ocrx_word' id='word_1_81' title='bbox 1033 1301 1087 1365; x_wconf 87' lang='lat' dir='ltr'><strong>eed</strong></span> <span class='ocrx_word' id='word_1_82' title='bbox 1112 1320 1149 1365; x_wconf 84' lang='lat' dir='ltr'><strong>ex</strong></span> <span class='ocrx_word' id='word_1_83' title='bbox 1171 1298 1230 1376; x_wconf 85' lang='lat' dir='ltr'><strong>his,</strong></span> 
     </span>
     <span class='ocr_line' id='line_1_11' title="bbox 104 1403 1283 1485; baseline -0.002 -18"><span class='ocrx_word' id='word_1_84' title='bbox 104 1421 162 1485; x_wconf 83' lang='lat' dir='ltr'><strong>quae</strong></span> <span class='ocrx_word' id='word_1_85' title='bbox 181 1422 237 1484; x_wconf 87' lang='lat' dir='ltr'><strong>per</strong></span> <span class='ocrx_word' id='word_1_86' title='bbox 257 1404 395 1483; x_wconf 86' lang='lat' dir='ltr'><strong>speeiem</strong></span> <span class='ocrx_word' id='word_1_87' title='bbox 417 1404 617 1483; x_wconf 71' lang='lat' dir='ltr'><strong>presentium</strong></span> <span class='ocrx_word' id='word_1_88' title='bbox 640 1403 732 1469; x_wconf 82' lang='lat' dir='ltr'><strong>futuri</strong></span> <span class='ocrx_word' id='word_1_89' title='bbox 757 1410 847 1469; x_wconf 86' lang='lat' dir='ltr'><strong>erant</strong></span> <span class='ocrx_word' id='word_1_90' title='bbox 866 1411 1059 1469; x_wconf 78' lang='lat' dir='ltr'><strong>sacramenta</strong></span> <span class='ocrx_word' id='word_1_91' title='bbox 1074 1404 1231 1485; x_wconf 81' lang='lat' dir='ltr'><strong>conplexa.</strong></span> <span class='ocrx_word' id='word_1_92' title='bbox 1258 1428 1283 1465; x_wconf 79' lang='lat' dir='ltr'><strong>ro</strong></span> 
     </span>
     <span class='ocr_line' id='line_1_12' title="bbox 105 1506 1232 1592; baseline 0.003 -23"><span class='ocrx_word' id='word_1_93' title='bbox 105 1506 192 1571; x_wconf 91' lang='lat' dir='ltr'><strong>uiam</strong></span> <span class='ocrx_word' id='word_1_94' title='bbox 217 1508 566 1573; x_wconf 76' lang='lat' dir='ltr'><strong>iustificationum</strong></span> <span class='ocrx_word' id='word_1_95' title='bbox 592 1514 748 1573; x_wconf 90' lang='lat' dir='ltr'><strong>tuarum</strong></span> <span class='ocrx_word' id='word_1_96' title='bbox 766 1507 829 1574; x_wconf 83' lang='lat' dir='ltr'><strong>fao</strong></span> <span class='ocrx_word' id='word_1_97' title='bbox 850 1520 891 1573; x_wconf 88' lang='lat' dir='ltr'><strong>nt</strong></span> <span class='ocrx_word' id='word_1_98' title='bbox 912 1508 1163 1592; x_wconf 76' lang='lat' dir='ltr'><strong>intellegam,</strong></span> <span class='ocrx_word' id='word_1_99' title='bbox 1194 1514 1232 1573; x_wconf 90' lang='lat' dir='ltr'><strong>et</strong></span> 
     </span>
     <span class='ocr_line' id='line_1_13' title="bbox 103 1611 1232 1693; baseline 0.004 -20"><span class='ocrx_word' id='word_1_100' title='bbox 103 1611 310 1677; x_wconf 80' lang='lat' dir='ltr'><strong>exercebor</strong></span> <span class='ocrx_word' id='word_1_101' title='bbox 332 1613 371 1676; x_wconf 95' lang='lat' dir='ltr'><strong>in</strong></span> <span class='ocrx_word' id='word_1_102' title='bbox 395 1611 660 1677; x_wconf 85' lang='lat' dir='ltr'><strong>mirabilibus</strong></span> <span class='ocrx_word' id='word_1_103' title='bbox 693 1613 785 1677; x_wconf 87' lang='lat' dir='ltr'><strong>tuie.</strong></span> <span class='ocrx_word' id='word_1_104' title='bbox 830 1632 933 1678; x_wconf 89' lang='lat' dir='ltr'><strong>sermo</strong></span> <span class='ocrx_word' id='word_1_105' title='bbox 957 1632 1094 1693; x_wconf 83' lang='lat' dir='ltr'><strong>praeeens</strong></span> <span class='ocrx_word' id='word_1_106' title='bbox 1116 1614 1232 1678; x_wconf 89' lang='lat' dir='ltr'><strong>disere·</strong></span> 
     </span>
     <span class='ocr_line' id='line_1_14' title="bbox 103 1715 1232 1802; baseline 0.001 -22"><span class='ocrx_word' id='word_1_107' title='bbox 103 1715 172 1780; x_wconf 78' lang='lat' dir='ltr'><strong>nisse</strong></span> <span class='ocrx_word' id='word_1_108' title='bbox 199 1717 396 1799; x_wconf 80' lang='lat' dir='ltr'><strong>cognoscitur</strong></span> <span class='ocrx_word' id='word_1_109' title='bbox 425 1715 656 1782; x_wconf 78' lang='lat' dir='ltr'><strong>iustificationes</strong></span> <span class='ocrx_word' id='word_1_110' title='bbox 685 1738 704 1781; x_wconf 87' lang='lat' dir='ltr'><strong>a</strong></span> <span class='ocrx_word' id='word_1_111' title='bbox 732 1718 784 1781; x_wconf 90' lang='lat' dir='ltr'><strong>uia</strong></span> <span class='ocrx_word' id='word_1_112' title='bbox 806 1737 923 1782; x_wconf 88' lang='lat' dir='ltr'><strong>earnm.</strong></span> <span class='ocrx_word' id='word_1_113' title='bbox 969 1728 1001 1782; x_wconf 92' lang='lat' dir='ltr'><strong>et</strong></span> <span class='ocrx_word' id='word_1_114' title='bbox 1024 1725 1175 1802; x_wconf 89' lang='lat' dir='ltr'><strong>quantum</strong></span> <span class='ocrx_word' id='word_1_115' title='bbox 1197 1736 1232 1781; x_wconf 89' lang='lat' dir='ltr'><strong>re</strong></span> 
     </span>
     <span class='ocr_line' id='line_1_15' title="bbox 104 1818 1231 1907; baseline 0.004 -26"><span class='ocrx_word' id='word_1_116' title='bbox 104 1819 159 1897; x_wconf 83' lang='lat' dir='ltr'><strong>ipsa</strong></span> <span class='ocrx_word' id='word_1_117' title='bbox 178 1818 374 1905; x_wconf 86' lang='lat' dir='ltr'><strong>intellegitur,</strong></span> <span class='ocrx_word' id='word_1_118' title='bbox 397 1840 490 1887; x_wconf 89' lang='lat' dir='ltr'><strong>omne</strong></span> <span class='ocrx_word' id='word_1_119' title='bbox 513 1822 648 1904; x_wconf 88' lang='lat' dir='ltr'><strong>quidem,</strong></span> <span class='ocrx_word' id='word_1_120' title='bbox 671 1822 710 1885; x_wconf 90' lang='lat' dir='ltr'><strong>ad</strong></span> <span class='ocrx_word' id='word_1_121' title='bbox 734 1822 817 1905; x_wconf 89' lang='lat' dir='ltr'><strong>quod</strong></span> <span class='ocrx_word' id='word_1_122' title='bbox 834 1823 988 1903; x_wconf 89' lang='lat' dir='ltr'><strong>peruiam</strong></span> <span class='ocrx_word' id='word_1_123' title='bbox 1003 1821 1147 1907; x_wconf 81' lang='lat' dir='ltr'><strong>tenditur,</strong></span> <span class='ocrx_word' id='word_1_124' title='bbox 1171 1840 1231 1886; x_wconf 94' lang='lat' dir='ltr'><strong>non</strong></span> 
     </span>
     <span class='ocr_line' id='line_1_16' title="bbox 103 1920 1284 2010; baseline 0.001 -27"><span class='ocrx_word' id='word_1_125' title='bbox 103 1920 175 1987; x_wconf 88' lang='lat' dir='ltr'><strong>idem</strong></span> <span class='ocrx_word' id='word_1_126' title='bbox 208 1932 264 2001; x_wconf 84' lang='lat' dir='ltr'><strong>est,</strong></span> <span class='ocrx_word' id='word_1_127' title='bbox 298 1927 381 2007; x_wconf 90' lang='lat' dir='ltr'><strong>quod</strong></span> <span class='ocrx_word' id='word_1_128' title='bbox 405 1932 435 1989; x_wconf 92' lang='lat' dir='ltr'><strong>et</strong></span> <span class='ocrx_word' id='word_1_129' title='bbox 456 1925 506 1990; x_wconf 88' lang='lat' dir='ltr'><strong>uia</strong></span> <span class='ocrx_word' id='word_1_130' title='bbox 538 1925 615 2008; x_wconf 81' lang='lat' dir='ltr'><strong>ipsa,</strong></span> <span class='ocrx_word' id='word_1_131' title='bbox 650 1945 711 2009; x_wconf 87' lang='lat' dir='ltr'><strong>qua</strong></span> <span class='ocrx_word' id='word_1_132' title='bbox 744 1926 893 2009; x_wconf 83' lang='lat' dir='ltr'><strong>pergitur.</strong></span> <span class='ocrx_word' id='word_1_133' title='bbox 938 1927 1104 2010; x_wconf 83' lang='lat' dir='ltr'><strong>quaerenda</strong></span> <span class='ocrx_word' id='word_1_134' title='bbox 1137 1926 1230 2010; x_wconf 87' lang='lat' dir='ltr'><strong>igit-ur</strong></span> <span class='ocrx_word' id='word_1_135' title='bbox 1259 1944 1284 1984; x_wconf 79' lang='lat' dir='ltr'><strong>1o</strong></span> 
     </span>
     <span class='ocr_line' id='line_1_17' title="bbox 103 2028 1232 2113; baseline 0.004 -24"><span class='ocrx_word' id='word_1_136' title='bbox 103 2037 259 2107; x_wconf 79' lang='lat' dir='ltr'><strong>causaest,</strong></span> <span class='ocrx_word' id='word_1_137' title='bbox 282 2048 336 2093; x_wconf 87' lang='lat' dir='ltr'><strong>eur</strong></span> <span class='ocrx_word' id='word_1_138' title='bbox 358 2028 670 2113; x_wconf 86' lang='lat' dir='ltr'><strong>prophetapraestari</strong></span> <span class='ocrx_word' id='word_1_139' title='bbox 694 2028 762 2105; x_wconf 87' lang='lat' dir='ltr'><strong>eibi,</strong></span> <span class='ocrx_word' id='word_1_140' title='bbox 797 2036 831 2093; x_wconf 89' lang='lat' dir='ltr'><strong>ot</strong></span> <span class='ocrx_word' id='word_1_141' title='bbox 862 2031 947 2095; x_wconf 90' lang='lat' dir='ltr'><strong>uiam</strong></span> <span class='ocrx_word' id='word_1_142' title='bbox 980 2028 1232 2095; x_wconf 80' lang='lat' dir='ltr'><strong>iustificationum</strong></span> 
     </span>
     <span class='ocr_line' id='line_1_18' title="bbox 104 2130 1230 2218; baseline 0.003 -24"><span class='ocrx_word' id='word_1_143' title='bbox 104 2130 252 2217; x_wconf 86' lang='lat' dir='ltr'><strong>intellegat</strong></span> <span class='ocrx_word' id='word_1_144' title='bbox 283 2134 394 2213; x_wconf 84' lang='lat' dir='ltr'><strong>potius,</strong></span> <span class='ocrx_word' id='word_1_145' title='bbox 418 2153 512 2216; x_wconf 86' lang='lat' dir='ltr'><strong>quem</strong></span> <span class='ocrx_word' id='word_1_146' title='bbox 536 2141 569 2199; x_wconf 93' lang='lat' dir='ltr'><strong>ut</strong></span> <span class='ocrx_word' id='word_1_147' title='bbox 590 2135 675 2215; x_wconf 86' lang='lat' dir='ltr'><strong>ipsae</strong></span> <span class='ocrx_word' id='word_1_148' title='bbox 698 2134 931 2199; x_wconf 81' lang='lat' dir='ltr'><strong>iustificationes</strong></span> <span class='ocrx_word' id='word_1_149' title='bbox 960 2140 1133 2218; x_wconf 83' lang='lat' dir='ltr'><strong>eognoseat,</strong></span> <span class='ocrx_word' id='word_1_150' title='bbox 1164 2153 1230 2197; x_wconf 88' lang='lat' dir='ltr'><strong>ora·</strong></span> 
     </span>
     <span class='ocr_line' id='line_1_19' title="bbox 101 2236 1231 2322; baseline 0.004 -25"><span class='ocrx_word' id='word_1_151' title='bbox 101 2236 177 2300; x_wconf 86' lang='lat' dir='ltr'><strong>uerit</strong></span> <span class='ocrx_word' id='word_1_152' title='bbox 220 2238 364 2303; x_wconf 89' lang='lat' dir='ltr'><strong>meminit</strong></span> <span class='ocrx_word' id='word_1_153' title='bbox 386 2240 502 2303; x_wconf 91' lang='lat' dir='ltr'><strong>etenim</strong></span> <span class='ocrx_word' id='word_1_154' title='bbox 526 2258 635 2303; x_wconf 89' lang='lat' dir='ltr'><strong>omnes</strong></span> <span class='ocrx_word' id='word_1_155' title='bbox 663 2237 893 2304; x_wconf 83' lang='lat' dir='ltr'><strong>iustificationes</strong></span> <span class='ocrx_word' id='word_1_156' title='bbox 923 2238 1004 2322; x_wconf 87' lang='lat' dir='ltr'><strong>legis</strong></span> <span class='ocrx_word' id='word_1_157' title='bbox 1034 2239 1176 2302; x_wconf 88' lang='lat' dir='ltr'><strong>umbram</strong></span> <span class='ocrx_word' id='word_1_158' title='bbox 1199 2238 1231 2301; x_wconf 94' lang='lat' dir='ltr'><strong>in</strong></span> 
     </span>
     <span class='ocr_line' id='line_1_20' title="bbox 103 2341 1230 2423; baseline 0.003 -20"><span class='ocrx_word' id='word_1_159' title='bbox 103 2356 131 2403; x_wconf 88' lang='lat' dir='ltr'><strong>ee</strong></span> <span class='ocrx_word' id='word_1_160' title='bbox 150 2348 321 2407; x_wconf 80' lang='lat' dir='ltr'><strong>sanctarum</strong></span> <span class='ocrx_word' id='word_1_161' title='bbox 345 2341 595 2407; x_wconf 84' lang='lat' dir='ltr'><strong>iustificationum</strong></span> <span class='ocrx_word' id='word_1_162' title='bbox 617 2344 791 2409; x_wconf 76' lang='lat' dir='ltr'><strong>continere:</strong></span> <span class='ocrx_word' id='word_1_163' title='bbox 819 2362 889 2407; x_wconf 88' lang='lat' dir='ltr'><strong>oum</strong></span> <span class='ocrx_word' id='word_1_164' title='bbox 912 2348 983 2423; x_wconf 85' lang='lat' dir='ltr'><strong>post</strong></span> <span class='ocrx_word' id='word_1_165' title='bbox 1005 2343 1143 2407; x_wconf 84' lang='lat' dir='ltr'><strong>eerennii</strong></span> <span class='ocrx_word' id='word_1_166' title='bbox 1166 2361 1230 2407; x_wconf 87' lang='lat' dir='ltr'><strong>ser-</strong></span> 
     </span>
     <span class='ocr_line' id='line_1_21' title="bbox 102 2443 1283 2527; baseline 0.003 -22"><span class='ocrx_word' id='word_1_167' title='bbox 102 2443 216 2510; x_wconf 88' lang='lat' dir='ltr'><strong>uitutem</strong></span> <span class='ocrx_word' id='word_1_168' title='bbox 234 2446 386 2511; x_wconf 81' lang='lat' dir='ltr'><strong>Hebraeus</strong></span> <span class='ocrx_word' id='word_1_169' title='bbox 405 2467 481 2527; x_wconf 91' lang='lat' dir='ltr'><strong>puer</strong></span> <span class='ocrx_word' id='word_1_170' title='bbox 502 2446 581 2511; x_wconf 88' lang='lat' dir='ltr'><strong>liber</strong></span> <span class='ocrx_word' id='word_1_171' title='bbox 604 2454 658 2523; x_wconf 86' lang='lat' dir='ltr'><strong>est,</strong></span> <span class='ocrx_word' id='word_1_172' title='bbox 682 2466 753 2512; x_wconf 90' lang='lat' dir='ltr'><strong>eum</strong></span> <span class='ocrx_word' id='word_1_173' title='bbox 777 2447 901 2527; x_wconf 81' lang='lat' dir='ltr'><strong>septimi</strong></span> <span class='ocrx_word' id='word_1_174' title='bbox 924 2447 997 2512; x_wconf 93' lang='lat' dir='ltr'><strong>anni</strong></span> <span class='ocrx_word' id='word_1_175' title='bbox 1019 2446 1136 2511; x_wconf 78' lang='lat' dir='ltr'><strong>fruetus</strong></span> <span class='ocrx_word' id='word_1_176' title='bbox 1152 2446 1231 2511; x_wconf 84' lang='lat' dir='ltr'><strong>indi·</strong></span> <span class='ocrx_word' id='word_1_177' title='bbox 1259 2462 1283 2500; x_wconf 79' lang='lat'><strong>20</strong></span> 
     </span>
     <span class='ocr_line' id='line_1_22' title="bbox 102 2550 1231 2635; baseline 0.003 -25"><span class='ocrx_word' id='word_1_178' title='bbox 102 2550 232 2629; x_wconf 84' lang='lat' dir='ltr'><strong>gentibus</strong></span> <span class='ocrx_word' id='word_1_179' title='bbox 246 2556 276 2615; x_wconf 89' lang='lat' dir='ltr'><strong>et</strong></span> <span class='ocrx_word' id='word_1_180' title='bbox 286 2550 449 2632; x_wconf 79' lang='lat' dir='ltr'><strong>pecoribus</strong></span> <span class='ocrx_word' id='word_1_181' title='bbox 461 2561 550 2617; x_wconf 81' lang='lat' dir='ltr'><strong>terrae</strong></span> <span class='ocrx_word' id='word_1_182' title='bbox 565 2550 761 2622; x_wconf 83' lang='lat' dir='ltr'><strong>relinountur.</strong></span> <span class='ocrx_word' id='word_1_183' title='bbox 774 2570 844 2615; x_wconf 86' lang='lat' dir='ltr'><strong>eum</strong></span> <span class='ocrx_word' id='word_1_184' title='bbox 856 2557 925 2632; x_wconf 89' lang='lat' dir='ltr'><strong>poet</strong></span> <span class='ocrx_word' id='word_1_185' title='bbox 937 2550 1231 2635; x_wconf 87' lang='lat' dir='ltr'><strong>quinquagesimum</strong></span> 
     </span>
     <span class='ocr_line' id='line_1_23' title="bbox 101 2653 1231 2733; baseline 0.005 -21"><span class='ocrx_word' id='word_1_186' title='bbox 101 2668 201 2717; x_wconf 85' lang='lat' dir='ltr'><strong>annum</strong></span> <span class='ocrx_word' id='word_1_187' title='bbox 223 2656 329 2719; x_wconf 86' lang='lat' dir='ltr'><strong>omnia</strong></span> <span class='ocrx_word' id='word_1_188' title='bbox 353 2654 384 2718; x_wconf 96' lang='lat' dir='ltr'><strong>in</strong></span> <span class='ocrx_word' id='word_1_189' title='bbox 407 2656 454 2720; x_wconf 88' lang='lat' dir='ltr'><strong>ius</strong></span> <span class='ocrx_word' id='word_1_190' title='bbox 470 2656 535 2721; x_wconf 86' lang='lat' dir='ltr'><strong>eius</strong></span> <span class='ocrx_word' id='word_1_191' title='bbox 553 2653 689 2733; x_wconf 74' lang='lat' dir='ltr'><strong>familie,</strong></span> <span class='ocrx_word' id='word_1_192' title='bbox 712 2656 794 2721; x_wconf 86' lang='lat' dir='ltr'><strong>unde</strong></span> <span class='ocrx_word' id='word_1_193' title='bbox 810 2655 1007 2729; x_wconf 76' lang='lat' dir='ltr'><strong>decesserint,</strong></span> <span class='ocrx_word' id='word_1_194' title='bbox 1030 2662 1231 2720; x_wconf 86' lang='lat' dir='ltr'><strong>reuertuntur.</strong></span> 
     </span>
     <span class='ocr_line' id='line_1_24' title="bbox 100 2757 1232 2843; baseline 0.004 -26"><span class='ocrx_word' id='word_1_195' title='bbox 100 2762 124 2817; x_wconf 86' lang='lat' dir='ltr'><strong>at</strong></span> <span class='ocrx_word' id='word_1_196' title='bbox 144 2759 210 2839; x_wconf 82' lang='lat' dir='ltr'><strong>quio</strong></span> <span class='ocrx_word' id='word_1_197' title='bbox 232 2757 310 2833; x_wconf 71' lang='lat' dir='ltr'><strong>haee,</strong></span> <span class='ocrx_word' id='word_1_198' title='bbox 335 2779 404 2843; x_wconf 80' lang='lat' dir='ltr'><strong>quae</strong></span> <span class='ocrx_word' id='word_1_199' title='bbox 420 2760 451 2823; x_wconf 94' lang='lat' dir='ltr'><strong>in</strong></span> <span class='ocrx_word' id='word_1_200' title='bbox 468 2758 537 2843; x_wconf 90' lang='lat' dir='ltr'><strong>lege</strong></span> <span class='ocrx_word' id='word_1_201' title='bbox 553 2765 625 2823; x_wconf 87' lang='lat' dir='ltr'><strong>sunt</strong></span> <span class='ocrx_word' id='word_1_202' title='bbox 641 2760 810 2832; x_wconf 77' lang='lat' dir='ltr'><strong>eonetituta</strong></span> <span class='ocrx_word' id='word_1_203' title='bbox 833 2760 883 2823; x_wconf 87' lang='lat' dir='ltr'><strong>uia</strong></span> <span class='ocrx_word' id='word_1_204' title='bbox 898 2765 947 2824; x_wconf 88' lang='lat' dir='ltr'><strong>est</strong></span> <span class='ocrx_word' id='word_1_205' title='bbox 962 2778 1076 2836; x_wconf 85' lang='lat' dir='ltr'><strong>eorum,</strong></span> <span class='ocrx_word' id='word_1_206' title='bbox 1100 2777 1232 2841; x_wconf 87' lang='lat' dir='ltr'><strong>quorum</strong></span> 
     </span>
     <span class='ocr_line' id='line_1_25' title="bbox 100 2857 1232 2944; baseline 0.003 -21"><span class='ocrx_word' id='word_1_207' title='bbox 100 2857 191 2925; x_wconf 86' lang='lat' dir='ltr'><strong>inhis</strong></span> <span class='ocrx_word' id='word_1_208' title='bbox 212 2862 430 2944; x_wconf 80' lang='lat' dir='ltr'><strong>praeformatur</strong></span> <span class='ocrx_word' id='word_1_209' title='bbox 452 2862 635 2943; x_wconf 82' lang='lat' dir='ltr'><strong>exemplum,</strong></span> <span class='ocrx_word' id='word_1_210' title='bbox 665 2864 744 2928; x_wconf 89' lang='lat' dir='ltr'><strong>uiam</strong></span> <span class='ocrx_word' id='word_1_211' title='bbox 778 2863 887 2927; x_wconf 86' lang='lat' dir='ltr'><strong>herum</strong></span> <span class='ocrx_word' id='word_1_212' title='bbox 919 2862 1167 2928; x_wconf 74' lang='lat' dir='ltr'><strong>iustitioatiouum</strong></span> <span class='ocrx_word' id='word_1_213' title='bbox 1199 2869 1232 2927; x_wconf 92' lang='lat' dir='ltr'><strong>ut</strong></span> 
     </span>
     <span class='ocr_line' id='line_1_26' title="bbox 100 2960 1283 3050; baseline 0.004 -23"><span class='ocrx_word' id='word_1_214' title='bbox 100 2960 269 3050; x_wconf 86' lang='lat' dir='ltr'><strong>intellegens</strong></span> <span class='ocrx_word' id='word_1_215' title='bbox 294 2968 325 3031; x_wconf 94' lang='lat' dir='ltr'><strong>in</strong></span> <span class='ocrx_word' id='word_1_216' title='bbox 350 2968 542 3033; x_wconf 85' lang='lat' dir='ltr'><strong>mirabilibus</strong></span> <span class='ocrx_word' id='word_1_217' title='bbox 565 2966 613 3032; x_wconf 90' lang='lat' dir='ltr'><strong>dei</strong></span> <span class='ocrx_word' id='word_1_218' title='bbox 638 2975 824 3045; x_wconf 82' lang='lat' dir='ltr'><strong>exerceatur,</strong></span> <span class='ocrx_word' id='word_1_219' title='bbox 846 2979 920 3044; x_wconf 92' lang='lat' dir='ltr'><strong>orat,</strong></span> <span class='ocrx_word' id='word_1_220' title='bbox 950 2968 983 3031; x_wconf 88' lang='lat' dir='ltr'><strong>id</strong></span> <span class='ocrx_word' id='word_1_221' title='bbox 1013 2976 1059 3032; x_wconf 86' lang='lat' dir='ltr'><strong>est</strong></span> <span class='ocrx_word' id='word_1_222' title='bbox 1088 2968 1119 3032; x_wconf 92' lang='lat' dir='ltr'><strong>in</strong></span> <span class='ocrx_word' id='word_1_223' title='bbox 1151 2966 1229 3050; x_wconf 84' lang='lat' dir='ltr'><strong>legis</strong></span> <span class='ocrx_word' id='word_1_224' title='bbox 1257 2982 1283 3020; x_wconf 74' lang='lat'><strong>²⁵</strong></span> 
     </span>
    </p>
   </div>
   <div class='ocr_carea' id='block_1_3' title="bbox 100 3087 1232 3333">
    <p class='ocr_par' dir='ltr' id='par_1_4' title="bbox 100 3087 1232 3333">
     <span class='ocr_line' id='line_1_27' title="bbox 136 3087 1231 3159; baseline 0.004 -22"><span class='ocrx_word' id='word_1_225' title='bbox 136 3087 152 3137; x_wconf 88' lang='grc'><strong>2</strong></span> <span class='ocrx_word' id='word_1_226' title='bbox 167 3094 279 3155; x_wconf 89' lang='lat' dir='ltr'><strong>peooata</strong></span> <span class='ocrx_word' id='word_1_227' title='bbox 297 3092 362 3142; x_wconf 84' lang='lat' dir='ltr'><strong>ante</strong></span> <span class='ocrx_word' id='word_1_228' title='bbox 383 3092 406 3141; x_wconf 76' lang='lat'><strong>(¹</strong></span> <span class='ocrx_word' id='word_1_229' title='bbox 420 3094 534 3157; x_wconf 85' lang='lat' dir='ltr'><strong>peonata</strong></span> <span class='ocrx_word' id='word_1_230' title='bbox 553 3105 602 3143; x_wconf 81' lang='lat' dir='ltr'><strong>aua</strong></span> <span class='ocrx_word' id='word_1_231' title='bbox 621 3096 685 3143; x_wconf 88' lang='lat' dir='ltr'><strong>ante</strong></span> <span class='ocrx_word' id='word_1_232' title='bbox 697 3090 724 3142; x_wconf 84' lang='lat' dir='ltr'><em>E</em></span> <span class='ocrx_word' id='word_1_233' title='bbox 775 3106 869 3143; x_wconf 90' lang='lat' dir='ltr'><strong>earum</strong></span> <span class='ocrx_word' id='word_1_234' title='bbox 886 3091 980 3159; x_wconf 63' lang='lat' dir='ltr'><strong>reipsa·</strong></span> <span class='ocrx_word' id='word_1_235' title='bbox 996 3090 1031 3158; x_wconf 83' lang='lat' dir='ltr'><strong>cf.</strong></span> <span class='ocrx_word' id='word_1_236' title='bbox 1050 3090 1115 3157; x_wconf 81' lang='lat' dir='ltr'><strong>infr.</strong></span> <span class='ocrx_word' id='word_1_237' title='bbox 1135 3092 1179 3141; x_wconf 82' lang='grc'><strong>1111.</strong></span> <span class='ocrx_word' id='word_1_238' title='bbox 1195 3090 1231 3141; x_wconf 77' lang='grc'><strong>13</strong></span> 
     </span>
     <span class='ocr_line' id='line_1_28' title="bbox 100 3176 1175 3230; baseline 0.006 -7"><span class='ocrx_word' id='word_1_239' title='bbox 100 3186 184 3227; x_wconf 85' lang='lat' dir='ltr'><strong>eorum</strong></span> <span class='ocrx_word' id='word_1_240' title='bbox 212 3178 283 3229; x_wconf 77' lang='lat' dir='ltr'><strong>codd.</strong></span> <span class='ocrx_word' id='word_1_241' title='bbox 313 3176 341 3227; x_wconf 89' lang='grc' dir='ltr'><em>Ε</em></span> <span class='ocrx_word' id='word_1_242' title='bbox 398 3177 560 3230; x_wconf 74' lang='lat' dir='ltr'><strong>ssdootrine</strong></span> <span class='ocrx_word' id='word_1_243' title='bbox 594 3177 618 3229; x_wconf 92' lang='lat' dir='ltr'><em>V</em></span> <span class='ocrx_word' id='word_1_244' title='bbox 644 3176 773 3229; x_wconf 86' lang='lat' dir='ltr'><strong>doetrina</strong></span> <span class='ocrx_word' id='word_1_245' title='bbox 802 3195 832 3229; x_wconf 81' lang='lat' dir='ltr'><strong>ar</strong></span> <span class='ocrx_word' id='word_1_246' title='bbox 861 3176 1003 3229; x_wconf 88' lang='lat' dir='ltr'><strong>doetrinae</strong></span> <span class='ocrx_word' id='word_1_247' title='bbox 1031 3177 1057 3228; x_wconf 85' lang='lat' dir='ltr'><strong><em>R</em></strong></span> <span class='ocrx_word' id='word_1_248' title='bbox 1117 3192 1175 3229; x_wconf 78' lang='lat' dir='ltr'><strong>eoae</strong></span> 
     </span>
     <span class='ocr_line' id='line_1_29' title="bbox 100 3258 1232 3333; baseline 0.002 -20"><span class='ocrx_word' id='word_1_249' title='bbox 100 3258 302 3325; x_wconf 76' lang='lat' dir='ltr'><strong>torouuntiaui</strong></span> <span class='ocrx_word' id='word_1_250' title='bbox 320 3290 354 3299; x_wconf 91' lang='lat'><em>-</em></span> <span class='ocrx_word' id='word_1_251' title='bbox 373 3280 435 3316; x_wconf 87' lang='lat' dir='ltr'><strong>eum</strong></span> <span class='ocrx_word' id='word_1_252' title='bbox 454 3263 523 3316; x_wconf 84' lang='lat' dir='ltr'><strong>dicit</strong></span> <span class='ocrx_word' id='word_1_253' title='bbox 541 3265 568 3317; x_wconf 82' lang='lat' dir='ltr'><strong>in</strong></span> <span class='ocrx_word' id='word_1_254' title='bbox 592 3281 674 3331; x_wconf 69' lang='lat' dir='ltr'><strong>arcrrp.</strong></span> <span class='ocrx_word' id='word_1_255' title='bbox 692 3280 777 3333; x_wconf 77' lang='lat' dir='ltr'><strong>super.</strong></span> <span class='ocrx_word' id='word_1_256' title='bbox 805 3260 956 3316; x_wconf 72' lang='grc'><strong>1111111112</strong></span> <span class='ocrx_word' id='word_1_257' title='bbox 980 3262 1005 3313; x_wconf 80' lang='grc'><strong>1’</strong></span> <span class='ocrx_word' id='word_1_258' title='bbox 1055 3263 1178 3316; x_wconf 85' lang='lat' dir='ltr'><strong>6oratio</strong></span> <span class='ocrx_word' id='word_1_259' title='bbox 1197 3278 1232 3316; x_wconf 84' lang='lat' dir='ltr'><strong>ex</strong></span> 
     </span>
    </p>
   </div>
   <div class='ocr_carea' id='block_1_4' title="bbox 99 3358 1235 3573">
    <p class='ocr_par' dir='ltr' id='par_1_5' title="bbox 99 3358 1235 3573">
     <span class='ocr_line' id='line_1_30' title="bbox 100 3358 1235 3469; baseline 0.004 -21"><span class='ocrx_word' id='word_1_260' title='bbox 100 3394 182 3452; x_wconf 81' lang='lat' dir='ltr'><strong>futuro</strong></span> <span class='ocrx_word' id='word_1_261' title='bbox 206 3402 228 3453; x_wconf 91' lang='grc'><strong>1“</strong></span> <span class='ocrx_word' id='word_1_262' title='bbox 280 3408 309 3455; x_wconf 87' lang='lat' dir='ltr'><strong>et</strong></span> <span class='ocrx_word' id='word_1_263' title='bbox 337 3402 370 3455; x_wconf 90' lang='lat' dir='ltr'><strong>de</strong></span> <span class='ocrx_word' id='word_1_264' title='bbox 398 3408 496 3455; x_wconf 84' lang='lat' dir='ltr'><strong>exacta</strong></span> <span class='ocrx_word' id='word_1_265' title='bbox 521 3402 544 3455; x_wconf 81' lang='lat' dir='ltr'><em>V</em></span> <span class='ocrx_word' id='word_1_266' title='bbox 594 3402 728 3456; x_wconf 80' lang='lat' dir='ltr'><strong>ssdooere</strong></span> <span class='ocrx_word' id='word_1_267' title='bbox 756 3418 787 3455; x_wconf 87' lang='lat' dir='ltr'><strong>ae</strong></span> <span class='ocrx_word' id='word_1_268' title='bbox 807 3402 829 3455; x_wconf 80' lang='lat'><strong>(&#39;</strong></span> <span class='ocrx_word' id='word_1_269' title='bbox 881 3358 985 3469; x_wconf 67' lang='grc' dir='ltr'><strong>10111ιέ</strong></span> <span class='ocrx_word' id='word_1_270' title='bbox 1012 3419 1078 3454; x_wconf 82' lang='lat' dir='ltr'><strong>rorr.</strong></span> <span class='ocrx_word' id='word_1_271' title='bbox 1107 3420 1138 3452; x_wconf 84' lang='grc'><strong>111.</strong></span> <span class='ocrx_word' id='word_1_272' title='bbox 1167 3403 1186 3451; x_wconf 84' lang='grc'><strong>2</strong></span> <span class='ocrx_word' id='word_1_273' title='bbox 1211 3402 1235 3453; x_wconf 64' lang='lat'><strong>1⁷</strong></span> 
     </span>
     <span class='ocr_line' id='line_1_31' title="bbox 99 3482 1232 3573; baseline 0.004 -37"><span class='ocrx_word' id='word_1_274' title='bbox 99 3482 182 3541; x_wconf 80' lang='lat' dir='ltr'><strong>futura</strong></span> <span class='ocrx_word' id='word_1_275' title='bbox 201 3490 212 3539; x_wconf 86' lang='grc'><strong>1</strong></span> <span class='ocrx_word' id='word_1_276' title='bbox 218 3490 223 3512; x_wconf 84' lang='grc'><em>’</em></span> <span class='ocrx_word' id='word_1_277' title='bbox 275 3490 309 3542; x_wconf 85' lang='grc'><strong>13</strong></span> <span class='ocrx_word' id='word_1_278' title='bbox 327 3504 421 3542; x_wconf 89' lang='lat' dir='ltr'><strong>earum</strong></span> <span class='ocrx_word' id='word_1_279' title='bbox 435 3489 541 3555; x_wconf 68' lang='lat' dir='ltr'><strong>Rened,</strong></span> <span class='ocrx_word' id='word_1_280' title='bbox 559 3504 655 3541; x_wconf 88' lang='lat' dir='ltr'><strong>eorum</strong></span> <span class='ocrx_word' id='word_1_281' title='bbox 679 3488 765 3558; x_wconf 67' lang='lat' dir='ltr'><strong>Vlup</strong></span> <span class='ocrx_word' id='word_1_282' title='bbox 820 3491 854 3542; x_wconf 83' lang='lat'><strong>14</strong></span> <span class='ocrx_word' id='word_1_283' title='bbox 871 3505 952 3573; x_wconf 45' lang='lat' dir='ltr'><strong>omu&#39;e¹</strong></span> <span class='ocrx_word' id='word_1_284' title='bbox 970 3487 1028 3556; x_wconf 72' lang='lat' dir='ltr'><strong>qud</strong></span> <span class='ocrx_word' id='word_1_285' title='bbox 1047 3492 1089 3541; x_wconf 87' lang='lat' dir='ltr'><strong>eat</strong></span> <span class='ocrx_word' id='word_1_286' title='bbox 1107 3487 1144 3573; x_wconf 52' lang='lat' dir='ltr'><strong>aff</strong></span> <span class='ocrx_word' id='word_1_287' title='bbox 1158 3486 1232 3554; x_wconf 61' lang='lat' dir='ltr'><strong>(ruod</strong></span> 
     </span>
    </p>
   </div>
   <div class='ocr_carea' id='block_1_5' title="bbox 100 3587 1232 3801">
    <p class='ocr_par' dir='ltr' id='par_1_6' title="bbox 100 3587 1232 3801">
     <span class='ocr_line' id='line_1_32' title="bbox 100 3587 1232 3661; baseline -0.005 -13"><span class='ocrx_word' id='word_1_288' title='bbox 100 3587 122 3648; x_wconf 75' lang='grc' dir='ltr'><strong>(θ</strong></span> <span class='ocrx_word' id='word_1_289' title='bbox 137 3600 158 3643; x_wconf 81' lang='lat' dir='ltr'><strong>et</strong></span> <span class='ocrx_word' id='word_1_290' title='bbox 175 3593 193 3644; x_wconf 88' lang='lat' dir='ltr'>d</span> <span class='ocrx_word' id='word_1_291' title='bbox 211 3594 237 3645; x_wconf 76' lang='lat' dir='ltr'><strong>in</strong></span> <span class='ocrx_word' id='word_1_292' title='bbox 256 3610 308 3646; x_wconf 74' lang='lat' dir='ltr'><strong>raa.</strong></span> <span class='ocrx_word' id='word_1_293' title='bbox 327 3590 357 3657; x_wconf 80' lang='lat'><strong>3)</strong></span> <span class='ocrx_word' id='word_1_294' title='bbox 377 3592 403 3645; x_wconf 86' lang='lat' dir='ltr'><em>R</em></span> <span class='ocrx_word' id='word_1_295' title='bbox 420 3608 501 3645; x_wconf 89' lang='lat' dir='ltr'><strong>omne</strong></span> <span class='ocrx_word' id='word_1_296' title='bbox 520 3593 639 3660; x_wconf 81' lang='lat' dir='ltr'><strong>quodeet</strong></span> <span class='ocrx_word' id='word_1_297' title='bbox 656 3592 691 3645; x_wconf 86' lang='lat' dir='ltr'><strong>ad</strong></span> <span class='ocrx_word' id='word_1_298' title='bbox 710 3592 784 3661; x_wconf 91' lang='lat' dir='ltr'><strong>quod</strong></span> <span class='ocrx_word' id='word_1_299' title='bbox 809 3593 856 3645; x_wconf 66' lang='lat'><strong>17*</strong></span> <span class='ocrx_word' id='word_1_300' title='bbox 907 3595 939 3647; x_wconf 79' lang='lat'><strong>15</strong></span> <span class='ocrx_word' id='word_1_301' title='bbox 958 3610 1027 3660; x_wconf 89' lang='lat' dir='ltr'><strong>qnae</strong></span> <span class='ocrx_word' id='word_1_302' title='bbox 1046 3590 1175 3661; x_wconf 86' lang='lat' dir='ltr'><strong>pergitur</strong></span> <span class='ocrx_word' id='word_1_303' title='bbox 1195 3594 1232 3661; x_wconf 70' lang='lat'><strong>(¹1)</strong></span> 
     </span>
     <span class='ocr_line' id='line_1_33' title="bbox 101 3690 1232 3801; baseline 0.002 -21"><span class='ocrx_word' id='word_1_304' title='bbox 101 3730 127 3781; x_wconf 85' lang='grc'><strong>16</strong></span> <span class='ocrx_word' id='word_1_305' title='bbox 139 3733 223 3797; x_wconf 83' lang='lat' dir='ltr'><strong>anR</strong></span> <span class='ocrx_word' id='word_1_306' title='bbox 277 3734 310 3786; x_wconf 81' lang='lat'><strong>17</strong></span> <span class='ocrx_word' id='word_1_307' title='bbox 328 3731 509 3801; x_wconf 87' lang='lat' dir='ltr'><strong>intellegat-ur</strong></span> <span class='ocrx_word' id='word_1_308' title='bbox 526 3732 548 3784; x_wconf 78' lang='lat' dir='ltr'><strong>i&#39;</strong></span> <span class='ocrx_word' id='word_1_309' title='bbox 600 3690 703 3799; x_wconf 59' lang='lat' dir='ltr'><strong>ipse.R</strong></span> <span class='ocrx_word' id='word_1_310' title='bbox 755 3730 966 3785; x_wconf 78' lang='lat' dir='ltr'><strong>iustificationes</strong></span> <span class='ocrx_word' id='word_1_311' title='bbox 982 3751 1011 3783; x_wconf 77' lang='lat' dir='ltr'><strong>ex</strong></span> <span class='ocrx_word' id='word_1_312' title='bbox 1029 3729 1232 3784; x_wconf 72' lang='lat' dir='ltr'><strong>iustificationis</strong></span> 
     </span>
    </p>
   </div>
   <div class='ocr_carea' id='block_1_6' title="bbox 100 3814 1235 4323">
    <p class='ocr_par' dir='ltr' id='par_1_7' title="bbox 100 3814 1235 4323">
     <span class='ocr_line' id='line_1_34' title="bbox 100 3814 1235 3887; baseline -0.001 -18"><span class='ocrx_word' id='word_1_313' title='bbox 100 3814 164 3869; x_wconf 72' lang='lat' dir='ltr'><strong>Rea</strong></span> <span class='ocrx_word' id='word_1_314' title='bbox 180 3816 408 3872; x_wconf 78' lang='lat' dir='ltr'><strong>iustificationum</strong></span> <span class='ocrx_word' id='word_1_315' title='bbox 426 3837 459 3871; x_wconf 89' lang='lat' dir='ltr'><strong>m.</strong></span> <span class='ocrx_word' id='word_1_316' title='bbox 478 3816 498 3870; x_wconf 88' lang='lat'><em>2</em></span> <span class='ocrx_word' id='word_1_317' title='bbox 522 3818 547 3871; x_wconf 86' lang='lat' dir='ltr'><strong><em>V</em></strong></span> <span class='ocrx_word' id='word_1_318' title='bbox 596 3823 793 3887; x_wconf 78' lang='lat' dir='ltr'><strong>eognoscat-</strong></span> <span class='ocrx_word' id='word_1_319' title='bbox 805 3835 901 3882; x_wconf 83' lang='lat' dir='ltr'><strong>omnes</strong></span> <span class='ocrx_word' id='word_1_320' title='bbox 919 3817 1128 3872; x_wconf 79' lang='lat' dir='ltr'><strong>iustificationes</strong></span> <span class='ocrx_word' id='word_1_321' title='bbox 1147 3835 1194 3868; x_wconf 77' lang='grc'><strong>11111.</strong></span> <span class='ocrx_word' id='word_1_322' title='bbox 1211 3816 1235 3868; x_wconf 85' lang='grc'><strong>1’</strong></span> 
     </span>
     <span class='ocr_line' id='line_1_35' title="bbox 101 3902 1233 3974; baseline 0.002 -21"><span class='ocrx_word' id='word_1_323' title='bbox 101 3903 129 3955; x_wconf 80' lang='grc'><strong>18</strong></span> <span class='ocrx_word' id='word_1_324' title='bbox 144 3905 268 3959; x_wconf 88' lang='lat' dir='ltr'><strong>meminit</strong></span> <span class='ocrx_word' id='word_1_325' title='bbox 295 3906 370 3959; x_wconf 90' lang='lat' dir='ltr'><strong>enim</strong></span> <span class='ocrx_word' id='word_1_326' title='bbox 400 3906 438 3974; x_wconf 69' lang='lat' dir='ltr'><strong>Cp</strong></span> <span class='ocrx_word' id='word_1_327' title='bbox 495 3906 531 3959; x_wconf 92' lang='grc'><strong>20</strong></span> <span class='ocrx_word' id='word_1_328' title='bbox 548 3904 667 3959; x_wconf 78' lang='lat' dir='ltr'><strong>hebreus</strong></span> <span class='ocrx_word' id='word_1_329' title='bbox 700 3906 749 3958; x_wconf 87' lang='lat' dir='ltr'><strong>VR</strong></span> <span class='ocrx_word' id='word_1_330' title='bbox 811 3907 843 3958; x_wconf 86' lang='grc'><strong>21</strong></span> <span class='ocrx_word' id='word_1_331' title='bbox 863 3904 1041 3971; x_wconf 85' lang='lat' dir='ltr'><strong>relinquntur</strong></span> <span class='ocrx_word' id='word_1_332' title='bbox 1077 3904 1123 3956; x_wconf 81' lang='lat' dir='ltr'><strong>VR</strong></span> <span class='ocrx_word' id='word_1_333' title='bbox 1148 3902 1233 3955; x_wconf 88' lang='lat' dir='ltr'><strong>relin-</strong></span> 
     </span>
     <span class='ocr_line' id='line_1_36' title="bbox 101 3991 1232 4063; baseline 0.001 -22"><span class='ocrx_word' id='word_1_334' title='bbox 101 3996 214 4054; x_wconf 82' lang='lat' dir='ltr'><strong>quuntur</strong></span> <span class='ocrx_word' id='word_1_335' title='bbox 227 3993 278 4063; x_wconf 72' lang='lat' dir='ltr'><strong>pn</strong></span> <span class='ocrx_word' id='word_1_336' title='bbox 329 3992 608 4060; x_wconf 80' lang='lat' dir='ltr'><strong>quinquagensimum</strong></span> <span class='ocrx_word' id='word_1_337' title='bbox 634 3994 657 4045; x_wconf 67' lang='lat'><strong>‘1&#39;</strong></span> <span class='ocrx_word' id='word_1_338' title='bbox 707 3992 880 4046; x_wconf 80' lang='grc' dir='ltr'><strong>2211111111ὶεε</strong></span> <span class='ocrx_word' id='word_1_339' title='bbox 907 3991 965 4045; x_wconf 87' lang='lat' dir='ltr'><strong>eius</strong></span> <span class='ocrx_word' id='word_1_340' title='bbox 998 3991 1088 4059; x_wconf 72' lang='lat' dir='ltr'><strong>VUpE</strong></span> <span class='ocrx_word' id='word_1_341' title='bbox 1138 4005 1232 4042; x_wconf 85' lang='lat' dir='ltr'><strong>reuer-</strong></span> 
     </span>
     <span class='ocr_line' id='line_1_37' title="bbox 100 4078 1232 4149; baseline 0.002 -22"><span class='ocrx_word' id='word_1_342' title='bbox 100 4080 186 4131; x_wconf 81' lang='lat' dir='ltr'><strong>tantur</strong></span> <span class='ocrx_word' id='word_1_343' title='bbox 201 4080 284 4134; x_wconf 63' lang='lat' dir='ltr'><strong>r&#39;Rve</strong></span> <span class='ocrx_word' id='word_1_344' title='bbox 295 4080 331 4149; x_wconf 79' lang='lat' dir='ltr'><strong>cf.</strong></span> <span class='ocrx_word' id='word_1_345' title='bbox 343 4081 423 4133; x_wconf 81' lang='lat' dir='ltr'><strong>Acod.</strong></span> <span class='ocrx_word' id='word_1_346' title='bbox 434 4098 461 4147; x_wconf 85' lang='lat' dir='ltr'><strong>p.</strong></span> <span class='ocrx_word' id='word_1_347' title='bbox 472 4078 507 4131; x_wconf 77' lang='grc'><strong>14</strong></span> <span class='ocrx_word' id='word_1_348' title='bbox 560 4081 594 4134; x_wconf 81' lang='grc'><strong>23</strong></span> <span class='ocrx_word' id='word_1_349' title='bbox 612 4078 774 4147; x_wconf 82' lang='lat' dir='ltr'><strong>haecqui(,&#39;</strong></span> <span class='ocrx_word' id='word_1_350' title='bbox 823 4083 970 4132; x_wconf 83' lang='lat' dir='ltr'><strong>eorumeat</strong></span> <span class='ocrx_word' id='word_1_351' title='bbox 989 4078 1048 4146; x_wconf 71' lang='lat' dir='ltr'><strong>Vi-&#39;p</strong></span> <span class='ocrx_word' id='word_1_352' title='bbox 1100 4078 1232 4144; x_wconf 64' lang='grc'><strong>24111111-</strong></span> 
     </span>
     <span class='ocr_line' id='line_1_38' title="bbox 101 4160 1233 4236; baseline 0 -21"><span class='ocrx_word' id='word_1_353' title='bbox 101 4160 226 4219; x_wconf 82' lang='lat' dir='ltr'><strong>formatur</strong></span> <span class='ocrx_word' id='word_1_354' title='bbox 244 4186 274 4219; x_wconf 80' lang='lat' dir='ltr'><strong>ex</strong></span> <span class='ocrx_word' id='word_1_355' title='bbox 290 4166 487 4236; x_wconf 84' lang='lat' dir='ltr'><strong>praeformatio</strong></span> <span class='ocrx_word' id='word_1_356' title='bbox 514 4166 537 4219; x_wconf 88' lang='lat' dir='ltr'><em>V</em></span> <span class='ocrx_word' id='word_1_357' title='bbox 587 4167 743 4235; x_wconf 87' lang='lat' dir='ltr'><strong>exemplum</strong></span> <span class='ocrx_word' id='word_1_358' title='bbox 771 4173 803 4219; x_wconf 91' lang='lat' dir='ltr'><strong>ut</strong></span> <span class='ocrx_word' id='word_1_359' title='bbox 827 4165 900 4218; x_wconf 90' lang='lat' dir='ltr'><strong>uiam</strong></span> <span class='ocrx_word' id='word_1_360' title='bbox 917 4165 952 4232; x_wconf 78' lang='lat' dir='ltr'><strong>pb</strong></span> <span class='ocrx_word' id='word_1_361' title='bbox 1005 4164 1233 4217; x_wconf 80' lang='lat' dir='ltr'><strong>iustificationum</strong></span> 
     </span>
     <span class='ocr_line' id='line_1_39' title="bbox 101 4246 341 4323; baseline 0.021 -23"><span class='ocrx_word' id='word_1_362' title='bbox 101 4246 256 4321; x_wconf 78' lang='lat' dir='ltr'><strong>intellegens</strong></span> <span class='ocrx_word' id='word_1_363' title='bbox 275 4254 341 4323; x_wconf 78' lang='lat' dir='ltr'><strong>pr.</strong></span> 
     </span>
    </p>
   </div>
   <div class='ocr_carea' id='block_1_7' title="bbox 0 0 1542 4967">
    <p class='ocr_par' dir='ltr' id='par_1_8' title="bbox 0 0 1542 4967">
     <span class='ocr_line' id='line_1_40' title="bbox 0 0 1542 4967; baseline 0 1"><span class='ocrx_word' id='word_1_364' title='bbox 0 0 1542 4967; x_wconf 95' lang='lat' dir='ltr'><strong> </strong></span> 
     </span>
    </p>
   </div>
  </div>
 </body>
</html>
