3075 4967
435 302 878 371 instructiopsalmorum.
1211 305 1229 367 9

109 487 251 554 seleutiam
274 490 420 556 extitisse.
465 510 501 555 oo
534 491 617 557 enim
647 512 765 575 organo
795 492 1010 574 prophetatum
1042 500 1097 571 cst,
1129 512 1231 576 graece

108 593 277 675 psalterium,
310 594 458 661 hebraice
490 596 583 661 nabla
617 604 799 678 nuncupato,
837 598 920 680 quod
958 617 1052 662 unum
1090 597 1230 661 omnium

108 698 278 764 musicorum
300 719 489 783 organorum
512 702 723 766 rectissimum
747 708 801 779 est
825 701 902 766 nihil
926 703 958 766 in
981 722 1016 768 se
1038 700 1089 766 uel
1105 721 1231 785 peruer-

108 821 165 865 sum
185 803 342 869 continens
364 802 415 869 nol
438 804 603 888 obliquum,
626 824 727 889 neque
751 806 832 889 quod
867 825 906 870 err
934 805 1133 871 inferioribus
1155 804 1231 869 locis

106 906 253 971 insonum
275 915 442 973 concentus
465 910 576 973 musici
610 916 835 974 commonetur:
870 910 980 976 sedin
1012 911 1146 975 formam
1176 910 1230 974 do·
1257 938 1270 974 s

108 1010 198 1075 minici
216 1014 352 1093 corporis
371 1014 568 1077 constitutum
590 1033 740 1097 organum
760 1015 827 1079 sine
847 1014 908 1079 ullo
931 1014 1047 1079 inflexu
1070 1013 1231 1079 deficimus

106 1115 238 1179 directum
261 1127 316 1195 est,
340 1136 489 1202 organum
514 1137 552 1182 cx
575 1118 716 1202 supernis
745 1126 929 1183 commotum
964 1126 994 1184 θῖ
1022 1118 1178 1199 inpulsum
1202 1126 1232 1183 θῖ
1302 1120 1306 1126 ’

105 1217 315 1286 incentionem
351 1240 493 1304 supemae
516 1228 546 1286 et
568 1222 699 1288 caelestis
729 1223 927 1287 institutionis
957 1224 1137 1304 animatum,
1168 1242 1231 1287 non

107 1321 200 1387 humili
225 1333 254 1389 ct
275 1332 399 1391 terreno
433 1326 550 1409 spiritu,
584 1332 617 1391 nt
650 1332 755 1391 cetera
785 1333 875 1391 terrae
897 1347 1023 1411 organa,
1053 1346 1231 1408 personum.

106 1446 156 1489 non
179 1429 258 1493 enim
281 1429 331 1493 ille
354 1428 484 1494 humilia
506 1442 598 1515 atque
621 1437 743 1495 terrena
766 1432 797 1495 in
821 1430 873 1496 illo
895 1431 1033 1511 corporis
1048 1434 1095 1496 sui
1112 1451 1228 1514 organo
1257 1458 1281 1494 ιο

104 1533 274 1611 praedicauit,
306 1534 474 1614 sicutipse
498 1540 625 1599 testatus
649 1542 711 1600 est:
752 1535 816 1619 qui
852 1542 915 1600 cst
949 1536 995 1601 dc
1028 1543 1148 1613 terra
1183 1537 1229 1599 de

104 1641 199 1700 torro
221 1643 282 1702 est
304 1645 343 1702 θῖ
365 1639 412 1703 de
435 1642 545 1703 terra
568 1639 759 1722 loquitur,
791 1640 858 1722 qui
889 1648 1022 1704 autem
1053 1639 1099 1704 de
1133 1638 1231 1724 caelo

103 1742 210 1817 uenit,
234 1762 315 1825 quae
339 1743 446 1807 uidit
476 1751 513 1808 et
542 1744 707 1821 audiuit,
739 1750 923 1809 testatur.
967 1764 1024 1824 por
1047 1743 1130 1809 hunc
1153 1764 1229 1827 ergo

104 1862 252 1924 supernum
276 1848 419 1927 spiritum
443 1848 518 1913 deus
543 1855 681 1913 cantatur
704 1849 734 1911 iu
765 1848 903 1928 psalmis,
937 1848 969 1911 in
999 1848 1101 1913 forma
1130 1848 1228 1913 domi·

103 1948 151 2012 uici
173 1951 314 2031 corporis,
337 1952 370 2014 in
394 1971 455 2035 quo
478 1951 610 2018 caelestis
641 1953 766 2033 spiritus
797 1961 844 2017 est
873 1953 999 2031 locutus,
1030 1953 1130 2017 formo
1152 1971 1228 2035 quo·
1256 1979 1281 2015 ιθ

105 2072 154 2135 que
175 2056 282 2120 terreni
306 2054 398 2120 huius
422 2064 452 2121 et
474 2057 585 2121 musici
608 2064 639 2121 et
661 2078 698 2121 er
720 2058 861 2138 supernis
892 2057 1084 2121 concinentis
1119 2056 1228 2139 organi

103 2165 265 2237 conparata

137 2260 162 2325 8.
185 2262 252 2327 Non
275 2269 322 2329 est
352 2269 455 2328 autem
486 2265 702 2348 ignorandum,
733 2265 935 2329 indiscretum
965 2266 1047 2344 opud
1077 2263 1228 2328 Hebraeos

102 2384 249 2431 nurnerum
272 2389 341 2433 esse
366 2368 565 2448 psalmorum,
596 2370 653 2434 sed
682 2370 750 2433 sina
780 2369 899 2433 ordinis
930 2369 1125 2433 adnotatione
1160 2388 1229 2432 esse

103 2472 283 2552 conscriptos.
329 2493 392 2537 non
423 2473 505 2537 enirn
538 2472 600 2538 illic
630 2474 747 2554 primus
778 2480 830 2537 aut
860 2474 1014 2537 secundus
1044 2479 1096 2535 aut
1118 2471 1227 2537 tertius
1255 2498 1280 2533 20

104 2582 146 2637 aut
166 2575 437 2660 quinquagesimus
460 2584 512 2641 aut
534 2576 723 2641 centesimus
746 2585 964 2657 praenotantur,
992 2577 1048 2643 sed
1073 2576 1139 2641 sino
1164 2576 1227 2641 dis·

104 2678 218 2744 crimine
239 2679 341 2763 aliquo
365 2680 482 2745 ordinis
498 2681 680 2763 numerique
703 2680 847 2761 permixti
872 2690 950 2745 sunt.
995 2680 1113 2745 Esdras
1136 2680 1228 2757 enim,

103 2784 273 2866 etantiqua
297 2783 477 2850 traditiones
501 2783 613 2861 ferunt,
637 2783 858 2864 incompositos
880 2803 933 2848 eos
950 2790 980 2847 θῖ
994 2804 1049 2864 pro
1070 2791 1227 2848 auctorum

104 2904 133 2948 ac
152 2894 317 2968 temporum
343 2888 521 2953 diuersitate
538 2888 694 2969 dispersos
718 2888 749 2951 in
773 2886 915 2952 uolumen
939 2908 1035 2951 unum
1058 2886 1183 2971 collegit
1198 2894 1229 2951 et

103 2990 208 3055 rettulit.
252 2992 307 3057 sed
331 2992 528 3076 septuaginta
550 2992 695 3070 seniores,
718 2992 888 3056 secundum
908 2991 1008 3074 Mopsi
1032 2991 1227 3055 traditionem
1255 3016 1280 3052 as

105 3093 137 3155 ad
149 3096 314 3161 custodiam
330 3096 409 3179 legis
426 3096 583 3161 doctrinae
598 3097 629 3161 in
646 3115 807 3181 synagoga
822 3101 993 3172 manentes,
1011 3103 1118 3179 postea
1133 3114 1227 3177 quam

104 3195 154 3262 illis
175 3220 192 3263 a
213 3220 284 3284 rege
309 3200 475 3265 Ptolomaeo
499 3200 722 3265 transferendas
746 3221 783 3265 cx
806 3197 929 3263 hebraeo
952 3200 984 3263 in
1007 3219 1144 3283 graecnm
1163 3218 1227 3263 ser-

104 3320 210 3368 monem
232 3307 324 3370 totius
348 3304 428 3389 legis
445 3326 517 3371 cura
533 3306 679 3370 mandata
694 3311 749 3381 est,
773 3303 904 3386 spiritali
920 3311 951 3369 et
965 3303 1081 3368 calesti
1097 3302 1227 3367 scientio

105 3406 214 3473 uulnus
236 3410 423 3491 psalmorum
440 3409 656 3493 intellegentes
672 3411 703 3472 in
727 3429 891 3474 numemm
908 3430 961 3474 cos
977 3418 1071 3491 atque
1087 3407 1227 3471 ordinem

138 3566 236 3619 111011.
255 3568 304 3634 111,
323 3570 366 3621 31.

136 3756 150 3805 2
165 3758 323 3824 psalterium
333 3777 348 3810 r
358 3758 492 3826 psalterio
506 3758 560 3809 DE
610 3761 802 3825 nuncupatum
812 3776 826 3807 r
881 3758 914 3811 10
931 3756 960 3808 in
973 3755 1023 3808 illo
1035 3774 1050 3806 r
1062 3755 1091 3807 in
1103 3754 1163 3822 ipso
1173 3754 1230 3805 DE

104 3841 129 3893 14
150 3842 177 3895 in
201 3844 288 3898 forma
315 3846 373 3897 rDe
399 3845 429 3897 in
455 3844 573 3897 formam
601 3846 615 3895 t
671 3846 702 3897 19
730 3861 876 3897 numerum
907 3861 956 3895 om.
983 3862 998 3894 r
1016 3842 1085 3909 sora
1114 3846 1142 3893 ct
1168 3840 1227 3893 sine

103 3926 127 3981 11
143 3936 335 3996 praenotantur
353 3951 368 3983 r
386 3928 430 3984 d¹e
447 3935 628 4000 praenotatur
646 3927 693 3983 d't
747 3929 794 3984 sed
818 3930 877 3983 aino
901 3929 1062 3982 discrimine
1086 3927 1179 3994 aliquo
1197 3928 1227 3979 rb

103 4013 216 4070 seduna
241 4018 445 4087 prescriptione
472 4019 565 4086 aliqua
593 4019 633 4069 De
685 4020 720 4071 26
747 4017 781 4069 ad
806 4016 961 4070 custodiam
986 4014 1056 4081 legis
1084 4014 1227 4067 doctrinae

103 4104 180 4171 scripu
204 4102 250 4174 (rs.
278 4106 322 4158 Ps,
351 4106 383 4157 II
408 4124 464 4175 cop.
493 4104 526 4171 2)
555 4104 588 4157 ad
617 4104 770 4157 custodiam
797 4104 867 4171 legis
894 4108 922 4156 ct
949 4102 1092 4155 doctrinae
1119 4097 1169 4153 d‘o
1192 4099 1227 4153 ad

104 4189 238 4243 custodiam
260 4192 331 4261 legis
356 4198 383 4245 et
408 4192 597 4245 doctrinamr
621 4192 656 4243 ad
681 4190 889 4244 custodiendam
917 4190 987 4259 legis
1011 4188 1166 4241 doctrinam
1184 4185 1227 4239 d¹e

105 4273 259 4331 trilucem.
279 4299 292 4331 r
346 4297 361 4331 a
380 4296 445 4348 rege
464 4278 601 4331 Antiocho
619 4276 663 4331 rd1
716 4280 751 4332 28
769 4277 908 4344 spirituali
926 4297 948 4329 r.
