3075 4967
403 268 584 319 tractatus
608 265 642 318 in
659 266 832 357 psalmum
851 269 921 324 LXI.
1171 273 1232 339 211

128 459 197 520 tauta
214 463 314 520 natarae
329 474 365 521 ac
381 455 452 519 uita
467 474 531 521 sna
545 457 664 521 ratione
680 457 841 523 formasse.
888 457 968 525 hano
984 460 1089 545 itaque
1105 462 1232 546 impiam

129 577 212 623 aaran
236 559 482 625 obtrectationem
511 557 662 644 pmpheta
692 581 762 626 mox
794 563 909 646 arguit:
944 581 1153 648 quousque
1182 567 1235 631 in-

127 660 508 728 ruitiainhominem?
552 663 1234 754 interficitisuniuersi,tamquam

127 765 248 844 parieti
267 765 466 832 inclinato
489 772 527 832 et
548 768 734 834 maceriae
755 769 955 852 inpulsa?
989 772 1139 854 inpellunt
1151 775 1234 840 enim

126 866 165 934 ha
181 870 340 954 ignorantes
373 877 466 955 atque
499 871 603 952 impiae
636 873 861 954 disputationes
896 873 1053 941 hominem
1088 877 1126 942 ad
1161 878 1234 944 uitia
1276 901 1288 936 a

12 1048 13 1059 χ
125 972 263 1052 prochuam
289 980 321 1040 et
349 994 498 1058 quassum
529 975 592 1040 iam
622 976 848 1061 cadentemque
879 979 1065 1065 demergunt
1097 982 1234 1048 consiliis

12 1096 13 1099 ¹
125 1075 340 1145 adhortationum
366 1077 522 1144 fallacium
545 1080 767 1165 noxiarumque
791 1082 994 1162 perimentes:
1030 1085 1116 1168 quasi
1140 1105 1236 1166 parua

125 1180 239 1262 sibiipsa
253 1182 439 1249 conciliatrix
453 1183 599 1249 uitiomm
613 1183 754 1251 noluntas
767 1186 816 1264 sit,
841 1205 933 1270 quam
948 1187 1051 1254 adhuc
1064 1188 1235 1270 desperatio

123 1283 205 1350 iudicii
224 1287 325 1352 aeterm
348 1287 619 1372 retributionisque
647 1289 680 1353 in
710 1309 802 1355 usum
834 1296 953 1356 tantum
984 1294 1182 1372 praesentium
1206 1299 1236 1358 et

122 1389 295 1468 corporalium
318 1389 506 1456 adhortetur.
1264 1421 1287 1454 ιο

155 1495 179 1558 t.
198 1493 253 1559 Sed
275 1494 357 1560 huna
380 1495 515 1575 corporis
528 1496 575 1560 sui
591 1497 750 1578 parietem,
771 1517 866 1581 quam
882 1503 954 1564 ante
975 1499 1076 1579 libido,
1094 1500 1234 1576 ebrietas,

120 1597 237 1674 auaritia,
257 1599 301 1663 ira
323 1598 506 1680 perfoderat,
529 1599 647 1665 iamin
670 1620 704 1666 se
727 1601 758 1665 in
781 1602 908 1666 domum
924 1603 972 1668 dei
989 1603 1066 1668 uiuis
1082 1603 1235 1685 lapidibus

120 1705 266 1767 extructum
295 1722 367 1768 esse
397 1722 457 1766 uon
491 1705 591 1768 nescit
621 1709 652 1769 at
681 1705 712 1770 in
737 1705 909 1784 imaginem
933 1707 984 1772 dei
1008 1713 1143 1774 creatum
1166 1727 1235 1774 ease

118 1805 217 1874 recolit:
249 1812 411 1890 certusque
433 1805 623 1872 conformem
647 1827 680 1873 sa
703 1808 753 1874 dci
776 1808 882 1893 gloriae
903 1811 1065 1891 preparari
1090 1809 1234 1878 subiecit:

116 1917 368 1976 cerumtamen
397 1909 590 1976 honorem
620 1932 746 1978 meum
782 1913 1076 1998 cogitauerunt
1108 1915 1235 1996 repel-
1263 1942 1288 1977 1a

115 2011 190 2090 iere
223 2014 383 2080 cucurri
417 2015 455 2079 in
487 2015 569 2080 siti.
614 2015 674 2081 illis
705 2015 854 2082 honorem
885 2037 975 2083 auum
999 2017 1163 2084 detrahere
1186 2039 1234 2084 co

116 2117 263 2199 gituntibus
285 2118 338 2184 iile
361 2119 466 2184 insiti
488 2120 630 2185 cucurrit.
676 2127 723 2186 est
753 2122 836 2186 enim
866 2122 933 2188 aitis
964 2121 1113 2188 bonorum
1148 2127 1235 2188 reter-

116 2239 207 2286 nornm
221 2229 250 2288 et
262 2223 410 2304 spiritalis
424 2223 542 2289 esuries
558 2223 590 2289 in
605 2225 731 2302 sanctis,
746 2226 786 2291 de
809 2244 871 2308 qua
886 2225 1002 2290 dietum
1027 2232 1089 2292 est:
1114 2224 1234 2304 beati,

116 2325 168 2406 qui
188 2327 371 2393 esuriunt
393 2333 432 2392 et
453 2327 605 2393 sitiunt
626 2328 836 2394 iustitiam.
881 2349 1005 2394 cursum
1022 2349 1096 2415 ergo
1111 2329 1234 2396 iustitia

116 2447 166 2494 ana
185 2432 286 2496 sitiens
308 2433 414 2505 tenuit
428 2451 554 2496 omnem
576 2432 672 2498 uitam
695 2432 850 2518 integram
869 2434 962 2500 stiam
977 2433 1016 2498 ab
1032 2433 1099 2515 ipsa
1115 2437 1234 2500 contra·
1262 2461 1287 2498 ao

116 2531 261 2599 dicentium
283 2535 344 2600 sibi
364 2534 585 2602 obtrectatione
601 2555 796 2602 consemans.
842 2557 914 2600 nam
939 2543 969 2602 et
991 2557 1009 2601 a
1032 2538 1157 2603 domino
1179 2557 1235 2603 ano

116 2636 212 2715 didicit,
240 2645 272 2704 ut
302 2658 395 2720 opera
424 2639 528 2704 omnia
557 2659 613 2705 sua
642 2640 736 2706 etiam
771 2641 896 2724 gentilis
928 2641 1093 2706 testimonii
1123 2641 1234 2707 iudicio

115 2737 261 2820 laudentur,
285 2763 356 2808 oum
380 2743 504 2808 dieitur:
529 2745 587 2810 sic
610 2743 776 2810 luceant
798 2765 920 2826 opera
943 2751 1081 2811 uestra
1104 2765 1233 2810 coram

116 2840 334 2924 horninibus,
374 2853 415 2912 ut
448 2848 720 2930 magnificant
753 2853 908 2930 patrem
943 2853 1134 2925 uestrum,
1166 2851 1234 2933 qui

116 2961 165 3011 est
182 2951 218 3014 in
239 2950 359 3018 caelis.
404 2951 804 3032 sicetPauiuspiacens
828 2953 963 3018 omnia
986 2952 1025 3018 in
1047 2953 1234 3018 omuibus
1262 2980 1287 3018 aa

150 3055 178 3106 na
193 3055 287 3110 natm.
305 3056 337 3123 u,
356 3061 381 3112 a.
433 3057 468 3110 na
485 3055 556 3111 niu.
576 3059 616 3110 ra.
652 3058 687 3111 sa
705 3058 718 3110 1
737 3055 798 3110 aar.
819 3059 859 3123 10,
879 3059 921 3112 aa.

151 3159 235 3215 lause
252 3161 284 3226 (n
302 3180 333 3215 ex
350 3163 389 3215 n?
406 3179 480 3226 com,
499 3179 531 3216 ae
549 3163 577 3214 in
594 3179 647 3214 rm.
667 3159 743 3214 2-3
761 3160 823 3225 titt.)
843 3161 869 3214 R
930 3163 947 3213 2
970 3147 1198 3216 ob²rectationem
1212 3161 1238 3213 P

117 3242 294 3303 obtrectatione
317 3248 451 3302 formasse
474 3249 499 3302 V
567 3250 660 3318 arguit
678 3249 773 3302 dicens
792 3249 821 3300 F
871 3265 994 3316 quosque
1018 3249 1043 3304 V
1111 3247 1235 3302 inruistis

117 3346 139 3380 α
164 3333 265 3389 inmitia
290 3336 318 3388 P
342 3335 462 3389 irruistis
493 3336 554 3388 T·
595 3339 612 3390 ὃ
642 3334 820 3389 interfecistis
852 3335 902 3388 PT
979 3339 995 3387 4
1025 3334 1180 3417 machariae
1211 3335 1237 3386 P

117 3417 207 3474 theco
237 3423 261 3475 V
326 3423 417 3490 adque
448 3420 534 3475 VRP¹
605 3425 622 3476 6
649 3427 808 3490 quassatum
837 3423 862 3474 T
930 3421 957 3476 ia
984 3424 1011 3476 in
1028 3439 1081 3476 ras.
1109 3439 1141 3474 m
1166 3419 1186 3474 3
1210 3421 1236 3474 R

117 3503 174 3559 iot
195 3511 251 3562 add
278 3529 311 3563 m.
339 3508 407 3564 2V
475 3511 671 3563 restructum
690 3509 716 3562 R
787 3513 881 3563 stom.
906 3509 931 3564 V
998 3509 1028 3564 in
1045 3527 1116 3580 supr.
1134 3525 1183 3560 aar.
1203 3525 1236 3560 m.

117 3589 166 3644 ῙΡ
224 3598 256 3650 14
283 3596 432 3650 reformem
451 3597 476 3649 R
550 3596 581 3650 16
608 3595 718 3650 cucurri
748 3615 778 3648 ea
808 3597 882 3650 curri
910 3613 944 3650 m.
969 3596 985 3648 1
1014 3595 1038 3650 V
1106 3592 1235 3702 impium

120 3711 147 3765 Vt
191 3718 221 3770 l'i
237 3718 266 3772 in
283 3719 359 3772 sitim
377 3718 446 3785 Vae,
463 3720 510 3772 aed
526 3719 561 3788 cs.
578 3716 651 3780 iufra
704 3717 808 3772 etenim
826 3717 886 3771 sitis
901 3717 950 3770 PT
1004 3719 1036 3771 18
1054 3719 1082 3770 et
1100 3715 1235 3784 spiritalis

117 3796 139 3850 5¹1
153 3795 241 3888 toja-2²
250 3803 300 3873 (oia
318 3808 346 3859 in
364 3823 418 3859 ros.
436 3815 459 3859 et
474 3815 564 3875 pentec
582 3822 649 3858 maa.
668 3805 693 3868 a)
711 3821 778 3858 corr.
792 3821 825 3856 m.
839 3803 929 3858 raet
941 3802 1074 3873 spiritalis
1088 3803 1117 3857 in
1130 3804 1235 3856 sanctia

122 3901 148 3956 Ve
162 3913 198 3961 at
213 3909 342 3978 spiritalia
361 3909 391 3963 in
409 3911 510 3964 sanctia
537 3908 577 3976 (in
602 3909 704 3962 sanctia
731 3909 758 3961 in
776 3925 829 3962 roa.
849 3907 886 3974 T)
907 3907 957 3960 PT
1011 3909 1043 3961 19
1062 3905 1188 3960 esuriunt
1206 3925 1236 3960 cx

117 3992 218 4048 emant
242 4015 274 4051 m.
301 3997 321 4049 2
345 3997 370 4052 V
419 3996 554 4051 iustitiam
580 4014 610 4049 ex
637 3994 760 4049 iustitiae
788 4014 820 4046 m.
849 3993 869 4046 2
900 3993 925 4048 V
975 3995 1009 4048 20
1027 3993 1115 4047 scians
1149 3992 1236 4046 VRPa

118 4075 162 4144 ipsa
176 4083 329 4152 enipeum.
348 4082 417 4138 2V
465 4085 499 4138 21
518 4100 534 4136 a
552 4085 612 4136 add.
632 4081 698 4134 m.2
715 4082 740 4133 V
790 4083 824 4135 22
841 4079 996 4134 testimonii
1006 4099 1035 4132 en
1044 4079 1235 4134 testimonium

118 4165 177 4219 a?
200 4169 223 4223 V
268 4173 303 4226 22
319 4171 450 4224 laudetur
469 4170 513 4222 P·
545 4186 608 4223 oum
626 4169 730 4222 dicitur
747 4168 838 4222 om.V
888 4167 980 4221 luceat
992 4168 1016 4219 P
1067 4168 1101 4220 25
1119 4167 1233 4235 placens

117 4267 251 4325 peremnia
268 4267 396 4321 omnibus
416 4267 461 4320 Te.

1029 4327 1088 4421 laih
