3075 4967
287 275 350 342 556
635 279 751 333 sanati
770 279 905 332 Hilarii
923 279 1088 347 episcopi

287 474 324 532 et
347 487 428 544 nox,
452 468 491 532 in
515 487 590 552 qua
614 469 820 534 dixerunt:
844 489 937 534 eoae
960 470 1180 549 masculum
1206 476 1239 535 et
1254 469 1409 536 Hieremias

286 571 442 636 similiter:
470 572 691 638 maledieta
715 573 811 651 dies,
835 573 874 637 in
898 592 973 657 qua
995 575 1161 658 genitus
1185 595 1285 653 sum;
1309 574 1409 638 male·

286 675 420 741 dietus
450 676 647 741 nuntians
677 677 786 758 patri
817 697 901 742 meo
931 683 969 742 et
999 677 1158 743 dicens:
1190 679 1285 762 quia
1306 687 1409 743 uatus

285 785 348 844 est
371 780 447 844 tibi
470 780 683 846 masculus.
729 781 932 864 atquinidem
948 802 966 844 a
982 782 1276 848 dominoaudierat:
1299 783 1410 863 prius·

245 903 401 966 aquam
426 889 464 949 te
487 883 702 949 formarem
726 885 764 949 iu
788 891 911 959 utero,
935 886 1028 949 noui
1053 892 1106 962 te;
1130 893 1169 950 et
1188 887 1411 970 priusquam

284 987 419 1053 exires
443 990 488 1054 de
511 989 637 1068 uulua,
661 989 934 1056 sanetiliuaui
958 997 1003 1056 te.
1039 991 1112 1074 quid
1136 989 1234 1074 ergo?
1268 990 1412 1056 maledicit

283 1093 414 1173 aoepisse
438 1113 479 1171 se,
504 1095 556 1176 qui
579 1099 651 1159 ante
667 1113 758 1178 qnam
776 1101 866 1172 esset,
889 1099 920 1159 et
935 1095 994 1160 deo
1010 1095 1153 1178 cognitus
1169 1099 1200 1161 et
1213 1095 1410 1161 sanctificatus

282 1217 300 1260 a
324 1198 381 1262 deo
405 1195 475 1262 est?
499 1199 580 1262 absit
595 1198 687 1263 istud.
734 1219 796 1262 non
812 1199 896 1262 enim
912 1197 972 1263 hoo
988 1199 1021 1263 in
1041 1219 1086 1278 se,
1109 1200 1191 1283 quod
1216 1199 1411 1265 sanctificatus

283 1307 338 1380 est,
362 1301 434 1378 odit,
458 1303 514 1366 sed
538 1322 581 1380 ea,
605 1321 673 1385 quaa
696 1301 728 1366 in
752 1301 1028 1367 sanctificationem
1044 1309 1210 1368 consecuta
1225 1311 1304 1378 sunt,
1326 1301 1411 1368 male

231 1427 255 1464 ιο
283 1406 367 1480 dicit,
391 1413 570 1486 prouectum
605 1426 638 1471 se
673 1405 790 1471 soilioet
823 1427 879 1486 per
912 1406 1104 1471 incrementa
1137 1409 1274 1488 eorporis
1306 1409 1336 1471 in
1364 1406 1411 1470 has

281 1507 440 1574 molestias
471 1511 608 1591 corporei
639 1509 799 1575 incolatus.
843 1510 994 1575 formatus
1018 1512 1101 1576 enim
1123 1511 1206 1576 intra
1229 1513 1334 1577 matris
1355 1508 1410 1575 uul·
1445 1488 1453 1508 ⁵
1518 1552 1523 1605 3

281 1633 352 1676 nam
375 1619 406 1678 et
429 1633 483 1692 per
506 1614 652 1678 uirtutem
687 1615 835 1678 creatoris
858 1615 904 1679 sui
928 1615 959 1678 in
983 1615 1154 1680 substantia
1177 1615 1288 1680 animae
1309 1615 1347 1679 ad
1368 1613 1410 1678 dei

280 1717 449 1801 imaginem
474 1716 625 1801 figuratus
659 1737 720 1781 non
752 1724 917 1799 conceptus
941 1724 972 1783 et
994 1717 1189 1802 figurationis
1219 1739 1283 1784 snas
1311 1725 1410 1784 ortum.

281 1821 336 1886 sed
360 1842 440 1900 eum,
464 1823 517 1905 qui
541 1843 578 1886 ex
601 1822 792 1887 incremento
815 1822 953 1897 accessit,
977 1823 1149 1903 profestum
1180 1824 1257 1888 editi
1286 1822 1410 1902 eorporis

228 1945 252 1982 1⁶
279 1926 501 2009 oongemesoit‚
525 1927 556 1989 in
581 1946 641 2009 quo
664 1926 723 1991 sibi
746 1927 777 1990 in
802 1925 891 1991 malis
907 1925 1011 1991 saculi
1027 1932 1058 1992 et
1073 1925 1303 1992 infirmitatibus
1319 1926 1410 1992 earnis
1520 1928 1524 1941 '

278 2029 423 2113 uillisque
456 2029 622 2095 uiuendum
647 2031 695 2095 sit.
742 2031 805 2094 iam
829 2037 935 2095 tamen
958 2030 1147 2095 conformato
1170 2030 1203 2095 in
1226 2038 1311 2096 utero
1334 2037 1364 2096 et
1383 2030 1410 2094 in

278 2133 369 2199 uulua
402 2133 601 2210 sanctificato,
635 2136 739 2215 specle
762 2135 793 2198 in
817 2155 851 2199 se
873 2135 1002 2219 originis
1032 2134 1165 2200 caelestis
1199 2143 1323 2203 aeterna.
1356 2153 1410 2198 non

278 2239 465 2322 ambiguum,
482 2240 556 2322 quin
580 2259 618 2304 er
642 2239 691 2304 dei
711 2239 956 2305 sanctificatione
978 2246 1049 2321 post
1072 2239 1176 2324 legem
1200 2240 1306 2304 mortis
1329 2238 1410 2303 huius

278 2351 362 2406 asset
384 2362 549 2408 mansurus
572 2353 714 2408 aeternus.

226 2479 250 2517 ²0
322 2463 371 2528 20.
396 2463 459 2528 Sed
483 2463 641 2545 propheta
672 2463 762 2530 huius
785 2484 846 2529 non
869 2464 901 2529 in
924 2463 1053 2530 multum
1076 2464 1170 2548 longe
1193 2463 1270 2529 alius
1292 2461 1408 2529 effeetus

277 2572 334 2642 est,
358 2587 451 2651 quam
478 2567 531 2632 lob
556 2574 649 2651 atque
673 2568 848 2633 Hieremiae.
895 2589 955 2633 non
972 2569 1054 2634 anim
1070 2568 1249 2644 incolatum,
1273 2569 1328 2633 sed
1348 2587 1409 2650 pm·

276 2668 436 2754 longatum
470 2670 636 2737 incolatum
671 2691 759 2736 suum
795 2673 939 2756 queritur.
987 2693 1059 2737 nam
1093 2679 1162 2753 post
1192 2672 1302 2753 prolixi
1329 2671 1409 2735 huius

276 2773 425 2839 incolatus
449 2775 495 2840 sui
519 2774 688 2858 querellam
711 2777 910 2860 consequitur
931 2778 972 2842 ad
994 2778 1035 2855 id,
1059 2777 1141 2860 quod
1164 2777 1223 2841 ait:
1248 2776 1321 2842 heu
1343 2774 1408 2840 mel

277 2879 379 2960 quod
413 2877 620 2944 incolatus
654 2899 763 2946 meus
803 2880 1074 2966 prolongatus
1113 2887 1190 2957 est,
1230 2877 1408 2945 habitaui

223 2997 249 3036 π
276 3001 360 3046 eum
384 2980 671 3048 habitantibus
695 2982 834 3049 Osdar.
881 2983 982 3050 (ledor
1004 3006 1082 3069 gens
1106 2992 1154 3051 est
1170 2985 1408 3051 Ismahelitamm

317 3193 334 3244 2
353 3191 472 3244 Hieram.
491 3192 549 3258 XX,
572 3195 603 3244 14
621 3209 660 3258 sq.
696 3196 713 3245 4
732 3193 852 3246 llierem.
871 3195 891 3260 l,
910 3196 933 3246 5.

319 3385 331 3435 1
351 3398 415 3435 eoos
433 3382 571 3436 masculus
584 3383 636 3434 ΕΤ
653 3399 717 3436 eoos
735 3383 874 3437 masculus
892 3388 973 3438 natus
992 3389 1035 3438 eat
1047 3385 1076 3436 E
1125 3385 1143 3436 2
1161 3385 1272 3452 genitus
1292 3401 1349 3438 sum
1359 3379 1406 3435 RE

273 3487 303 3521 aa
320 3471 480 3522 natussum
500 3470 525 3521 T
575 3469 715 3538 dadquiu
733 3467 774 3535 (in
792 3471 820 3523 in
836 3488 890 3524 ras.
908 3489 941 3524 m.
960 3470 988 3535 1)
1007 3471 1034 3524 R
1051 3471 1129 3539 atqui
1148 3472 1187 3524 Te
1241 3471 1310 3526 dds
1327 3470 1402 3524 uulua

273 3556 312 3607 Τὸ
330 3552 447 3608 deuulsa
465 3555 490 3608 R
508 3556 544 3609 de
561 3561 690 3610 uentree
742 3557 885 3610 maledicit
912 3557 1035 3626 eoepisss
1059 3559 1099 3610 Pae
1122 3558 1272 3612 maledicat
1298 3575 1355 3612 essa
1371 3556 1405 3607 Τὸ

272 3643 288 3693 7
307 3647 379 3695 esset
398 3642 452 3694 TE
467 3647 512 3696 eet
530 3643 556 3696 R
608 3643 734 3712 cognitus
753 3648 782 3696 et
800 3644 853 3697 RT
869 3645 997 3714 cognitus
1021 3650 1063 3698 est
1081 3649 1109 3699 et
1128 3646 1157 3696 Ε
1207 3649 1224 3700 9
1242 3646 1271 3698 in
1296 3640 1404 3698 sanetifi-

272 3729 407 3782 eationem
422 3729 482 3782 Rad
501 3729 746 3784 sanctificationem
760 3733 796 3782 Ta
851 3734 883 3785 10
901 3748 930 3785 se
948 3731 1107 3786 seilicetltll
1125 3733 1282 3787 soilioetTe
1334 3735 1364 3786 la
1378 3731 1402 3782 in

272 3816 427 3869 substantia
437 3818 476 3870 Tb
486 3817 515 3870 in
525 3817 707 3872 substantiam
718 3818 757 3872 Re
812 3821 844 3872 13
862 3817 1068 3888 &figurationis
1079 3821 1104 3872 R
1113 3836 1165 3873 neo
1178 3819 1351 3890 figurationis
1360 3817 1381 3870 Τ
1380 3815 1405 3868 Ε

271 3901 424 3956 hortumR
479 3905 510 3958 16
528 3905 583 3957 iam
602 3922 650 3958 om.
669 3906 695 3958 R
747 3904 910 3959 confirmato
928 3907 955 3959 R
972 3907 1007 3975 cs.
1023 3907 1105 3960 Acod.
1121 3926 1150 3978 p.
1170 3906 1207 3961 46
1263 3909 1295 3960 18
1311 3901 1402 3959 musti·

270 3987 398 4044 fioatione
412 3991 477 4044 RTb
495 3989 727 4060 significationes
780 3994 815 4047 20
832 3992 1164 4047 in-multumRmultum
1175 3994 1228 4046 TE
1277 3995 1312 4047 22
1329 4005 1401 4060 quaa·

270 4076 342 4129 ritur
362 4077 414 4129 ΗΡ
463 4079 541 4131 umbo
560 4095 624 4131 nam
642 4083 704 4146 post
723 4106 755 4115 -
775 4080 962 4148 consequitur,
983 4097 1048 4149 quoe
1066 4091 1153 4133 aarum
1170 4083 1198 4133 in
1218 4081 1278 4148 RE,
1296 4098 1341 4133 om.
1360 4075 1401 4127 Vs

269 4165 304 4216 533
323 4163 480 4231 quaerelam
507 4183 537 4218 ea
564 4165 732 4232 quaerellam
760 4165 786 4218 R
839 4169 873 4218 24
891 4165 1016 4221 habitaui
1050 4167 1124 4219 VRP
1151 4173 1178 4221 et
1209 4167 1330 4222 habitsui
1355 4161 1400 4216 TE

270 4251 304 4303 25
322 4251 421 4303 caedar
446 4251 492 4304 VR
520 4262 544 4306 et
570 4255 606 4304 alc
624 4255 650 4304 in
674 4271 724 4322 aeq.
779 4253 999 4307 ismahelitarum
1024 4254 1071 4306 VR
1097 4253 1332 4309 hismahelitamm
1350 4251 1397 4304 Vs.
