3075 4967
400 308 581 357 tractulus
601 305 636 357 in
655 306 828 372 psalmum
847 303 951 358 CXLV.
1183 301 1247 366 843

97 492 168 557 talis
192 492 333 557 absoluit.
379 499 410 558 et
431 493 579 559 absolutis
601 494 807 575 compedibus
837 492 929 559 coecis
961 493 1146 574 sapientiam
1168 513 1247 573 prae·

98 603 167 660 stat.
236 596 262 661 si
286 598 325 661 de
355 596 561 677 corporalibus
592 597 681 663 donis
711 597 862 679 propheta
891 597 1076 682 loqueretur,
1107 617 1245 663 comme·

100 706 254 767 morasset
282 702 384 781 potius
408 690 504 766 'caecis
533 701 636 766 lumen
666 701 829 767 indultum.
875 703 932 766 sed
955 702 1029 784 quia
1051 722 1107 782 per
1137 702 1243 767 cibum

98 802 266 869 esuritione
288 803 415 885 depulsa
438 805 635 871 soluebantur
658 806 825 887 compedes
847 805 960 883 saeculi,
994 805 1089 871 etiem
1123 804 1245 870 caecitos

98 908 205 973 saeculi
243 908 400 990 sapientise
437 909 634 990 inpertitione
672 908 843 993 depellitur.
903 909 1015 991 alimur
1052 910 1136 974 enim
1173 916 1244 990 post
1287 932 1300 969 a

98 1013 263 1095 ingentem
286 1013 402 1077 famem
427 1012 539 1078 diuinre
562 1013 747 1097 cognitionis
770 1012 958 1094 spiritalibus
989 1013 1066 1079 cibis
1098 1019 1129 1079 et
1159 1034 1246 1079 com·

99 1115 240 1196 pedibus,
271 1118 382 1200 quibus
412 1136 535 1183 currere
557 1118 597 1182 ed
620 1124 736 1182 aeterna
758 1138 819 1181 nou
842 1118 980 1195 sinimur,
1003 1117 1160 1195 absolutis
1183 1118 1246 1182 dis·

99 1240 192 1285 cussa
226 1240 282 1300 per
314 1221 468 1285 indultam
506 1221 689 1302 sapientiem
727 1222 863 1286 caecitate
901 1229 1072 1287 creatorem
1104 1229 1245 1287 nostrum
1301 1275 1307 1285 .

98 1323 197 1388 oculis
220 1323 438 1408 intellegentiae
461 1332 650 1390 contuemur.
697 1327 812 1391 desinit
834 1346 911 1410 argo
930 1327 1021 1390 fumis
1036 1324 1138 1409 longa
1162 1346 1245 1391 com-

99 1428 196 1508 pedes
220 1448 343 1510 graues,
366 1429 488 1495 caecitas
511 1428 605 1494 stulta
628 1435 658 1494 et
680 1430 720 1507 id,
744 1429 827 1513 quod
850 1431 997 1514 sequitur,
1021 1430 1164 1495 succedit.
1273 1447 1298 1484 1⁰

143 1532 172 1594 6.
198 1531 300 1596 Adlisi
331 1534 499 1617 eriguntur,
529 1534 601 1597 iusti
632 1533 811 1618 diliguntur,
843 1534 969 1599 aduente
1001 1536 1067 1599 siue
1097 1533 1244 1617 proselyti

99 1636 322 1713 custodiuntur,
358 1636 492 1717 pupillus
524 1645 553 1701 et
581 1639 676 1702 uidua
710 1639 875 1719 suscipitur
909 1645 939 1701 et
971 1638 1023 1702 nia
1046 1644 1246 1718 peccatorum

98 1740 299 1821 disperditur.
345 1742 486 1824 quisquis
510 1740 559 1805 ille
583 1750 640 1819 est,
664 1744 718 1825 qui
743 1743 836 1806 modo
859 1742 908 1805 dei
932 1749 987 1810 est.
1015 1743 1073 1807 etsi
1096 1762 1155 1805 non
1182 1743 1246 1807 uni-

98 1844 208 1919 forme,
232 1850 335 1909 tnmen
359 1845 518 1925 proprium
542 1844 637 1910 habet
660 1866 781 1923 munus.
806 1853 846 1923 ut,
876 1844 995 1911 adlisus
1025 1843 1107 1923 licet,
1136 1846 1161 1910 si
1184 1866 1245 1911 non

100 1948 228 2025 esuriet,
252 1949 278 2012 si
303 1969 362 2012 non
387 1949 578 2031 compeditus
601 1956 631 2014 et
654 1946 762 2015 stultus
786 1950 834 2026 sit,
859 1956 963 2015 temen
979 1951 1059 2033 erigi
1074 1952 1181 2031 possit
1205 1972 1244 2015 ne
1273 1966 1298 2004 1⁶

97 2053 198 2116 iaceat
214 2053 244 2115 iu
263 2058 426 2127 seternum;
450 2062 482 2117 ut
497 2054 595 2118 iustus
612 2054 650 2118 ob
667 2054 814 2118 iustitiam
827 2053 982 2138 diligatur,
995 2062 1028 2118 ut
1047 2055 1175 2131 aduena,
1189 2055 1246 2119 etsi

98 2176 161 2220 non
179 2164 338 2240 tamquam
353 2157 453 2223 iustus
469 2157 615 2240 diligitur,
639 2163 742 2247 tomen
767 2158 816 2223 uel
840 2158 878 2222 ob
903 2156 970 2234 boc,
990 2159 1063 2241 quia
1077 2159 1246 2236 aduenerit‚

97 2268 284 2339 reseruetur,
310 2268 344 2325 ut
369 2260 512 2342 pupillus,
540 2262 612 2343 quia
634 2270 755 2341 petrem
777 2262 837 2326 sibi
859 2261 1016 2326 diabolum
1044 2262 1246 2339 abiursueret,

98 2364 240 2445 exemplo
253 2365 461 2446 apostolorum
472 2384 534 2429 nou
545 2365 910 2448 orphanusreliuquatur,
918 2376 951 2430 ut
958 2366 1051 2430 uidua
1063 2366 1246 2447 suscipiatur

97 2470 130 2532 in
146 2488 314 2549 sponsam„
327 2474 529 2553 posteaquem
546 2470 603 2533 sibi
619 2469 651 2533 in
671 2468 794 2535 Christo
817 2468 955 2535 confixus
971 2469 1022 2534 hic
1038 2470 1173 2535 mundus
1189 2479 1245 2535 est.
1273 2484 1298 2522 ²⁰

97 2593 225 2639 omnem
242 2574 325 2638 enim
341 2574 532 2638 credentium
549 2574 653 2652 tidem,
669 2574 718 2639 cui
735 2593 790 2654 per
805 2574 1054 2655 adimpletionem
1068 2586 1244 2655 temporum

98 2677 148 2743 lex
171 2684 330 2761 tamquam
351 2678 401 2743 uir
423 2678 541 2761 primus
572 2684 728 2742 emortuus
758 2678 806 2751 sit
837 2678 962 2744 uiduam
987 2677 1144 2759 apostolus
1167 2698 1246 2743 nun-

98 2782 231 2863 cupauit.
277 2782 333 2847 sed
363 2801 425 2846 non
456 2781 553 2846 solum
583 2783 679 2847 uidua
705 2781 880 2861 suscipitur,
903 2781 960 2847 sed
983 2783 1077 2846 etiam
1100 2783 1151 2847 uie
1174 2802 1245 2864 pec·

98 2892 241 2951 catorum
256 2886 483 2950 exterminatur.
529 2885 641 2969 quibus
657 2886 689 2949 in
705 2884 865 2950 interitum
881 2887 1033 2951 demersis
1050 2886 1244 2953 Hierusalem

95 2989 197 3054 sancti
220 2987 301 3053 illius
323 2990 408 3074 regis
423 2989 531 3053 ciuitas
547 2988 713 3054 incoletur:
738 3010 801 3054 nou
817 2990 875 3055 ista
890 2991 1004 3074 utique,
1021 3010 1090 3074 quae
1106 2990 1245 3057 desolata
1271 3014 1298 3053 u

97 3106 128 3158 et
152 3093 303 3158 subuersa
325 3094 445 3173 profani
468 3093 625 3174 parricidii
648 3092 704 3159 luit
726 3114 843 3175 poenes.

142 3199 172 3261 7.
196 3195 453 3263 Oonclnsitenim
470 3197 528 3261 ita:
552 3198 747 3281 regnabit
771 3199 957 3264 dominus
979 3199 1018 3262 in
1035 3204 1245 3263 aeternum:

99 3303 198 3366 deus
223 3312 321 3380 tuus,
338 3302 442 3378 Sion,
461 3301 501 3365 iu
523 3302 838 3385 generationem
861 3310 900 3367 et
922 3302 1243 3385 generationem.

98 3406 149 3469 ubi
174 3404 227 3469 ills
250 3404 324 3470 Sion
347 3412 402 3477 est.
433 3406 463 3469 in
495 3424 556 3488 qua
588 3413 776 3489 regnaturus
800 3410 847 3469 est
869 3403 1037 3469 domiuus?
1083 3405 1142 3470 nisi
1166 3405 1245 3469 forte

141 3564 228 3631 3.per
246 3561 339 3615 cibum
358 3562 510 3615 esuritione
523 3560 623 3627 ΜΗ)
642 3578 693 3630 per
711 3561 805 3615 cibum
822 3561 902 3614 uerbi
920 3541 1071 3616 esuritione
1090 3562 1118 3613 Ε
1168 3564 1246 3615 bsu-
1352 3617 1356 3624 ,

98 3644 221 3718 'pientiae
249 3648 376 3719 inptione
404 3649 554 3717 depellitur
582 3647 671 3714 (ntiae
689 3676 723 3685 —
742 3647 893 3716 depellitur
920 3650 947 3700 in
973 3666 1026 3701 rua.
1054 3668 1086 3703 m.
1113 3646 1146 3713 3)
1165 3649 1191 3701 R
1209 3649 1244 3717 cs.

98 3788 219 3841 Patere
236 3789 322 3857 appr.
342 3788 364 3854 r,
383 3786 440 3839 ars
494 3794 510 3841 e
530 3786 696 3857 cognitionis
716 3787 771 3839 nrr
786 3786 968 3855 coetestem
988 3784 1022 3852 (r)
1044 3786 1069 3838 o
1122 3745 1208 3855 rqii
1221 3788 1246 3840 c

99 3892 148 3928 om.
168 3874 194 3927 R
247 3890 303 3927 non
323 3875 351 3926 F.
366 3892 439 3929 nuuc
459 3876 484 3927 R
511 3876 546 3943 cs.
565 3876 648 3927 Acuti.
672 3892 701 3943 p.
730 3872 783 3938 24,·
809 3871 845 3927 67
899 3873 1014 3926 llfcmie
1041 3874 1067 3926 R
1095 3872 1143 3942 (cs.
1171 3874 1246 3928 Neue

100 3964 232 4015 Fomenl.
260 3960 282 4026 I,
313 3961 379 4027 loo)
405 3962 491 4014 semes
512 3962 539 4013 E
592 3964 623 4015 ll
642 3960 771 4029 prosyliti
790 3960 816 4013 R
870 3961 904 4013 12
920 3960 1045 4029 pupillus
1075 3961 1100 4013 G
1128 3960 1186 4027 (ndi
1202 3962 1245 4015 lue

99 4103 177 4153 elium
196 4117 264 4152 nuuc
282 4100 333 4168 lessi
352 4098 449 4170 polest)
470 4100 498 4151 E
513 4099 615 4167 pupilli
634 4100 659 4152 R
725 4102 759 4153 13
777 4056 868 4166 qurgdoo
896 4098 922 4151 R
988 4101 1020 4152 15
1036 4115 1073 4152 ne
1101 4104 1193 4153 taceat
1220 4101 1246 4153 R

101 4190 133 4240 17
152 4186 288 4255 diligetur
307 4186 333 4239 R
387 4188 420 4239 18
438 4186 485 4253 qui
510 4192 619 4255 petrem
644 4186 669 4238 R
723 4187 756 4237 19
774 4184 886 4238 orlanus
910 4185 936 4238 R
988 4187 1022 4238 27
1040 4186 1175 4239 conclusit
1200 4186 1245 4239 Rc

99 4274 151 4326 Ed.
164 4272 250 4325 Basil.
264 4272 339 4325 1550
353 4272 494 4326 concludit
506 4275 565 4326 inde
577 4274 610 4325 ub
623 4272 673 4325 Ed.
687 4272 775 4325 Poris.
788 4270 863 4324 1572
914 4272 950 4325 28
968 4271 997 4324 in
1014 4273 1193 4339 generatione
1213 4274 1245 4326 R.
