3075 4967
415 285 597 334 tractatus
617 280 651 332 in
670 279 838 348 psalmum
859 279 937 332 CXL.
1179 279 1242 343 789

518 465 702 549 Potitus
730 466 819 549 CXL.

492 607 679 671 Psulmus
704 607 842 672 Dauid.

138 729 314 806 Domine,
339 727 511 794 olumaui
535 729 582 792 ad
604 729 820 816 toexuudi
852 748 925 794 me:
959 727 1129 794 intende
1150 729 1241 793 uoci

97 833 302 898 orationis
326 852 425 910 moue,
450 833 536 897 dum
560 831 742 897 elamabo
766 833 812 896 ad
835 840 873 898 te
897 838 928 898 et
950 832 1080 916 reliqua.

139 956 168 1019 1.
192 955 340 1020 Omnium
374 961 546 1020 sanctorum
580 952 681 1020 fidelis
715 954 813 1019 oratio
847 954 963 1019 ciemor
986 962 1034 1019 est
1068 955 1143 1033 doo;
1177 953 1240 1020 fide
1279 983 1292 1018 s

95 1060 176 1126 enim
202 1061 242 1124 ad
266 1079 344 1137 cum,
368 1079 427 1122 non
461 1058 547 1124 uocis
581 1056 714 1123 clamore
749 1058 908 1124 clamatur.
954 1058 1082 1142 Moyses
1104 1059 1242 1123 instante

94 1163 322 1247 Aegyptiorum
347 1183 422 1246 rege
447 1169 574 1228 maestus
596 1163 696 1228 stabat
725 1163 758 1226 in
788 1162 906 1242 littore;
941 1164 997 1228 sed
1028 1168 1147 1228 tacente
1169 1161 1242 1227 licet

93 1287 129 1332 eo
152 1265 285 1332 encelsae
307 1267 420 1332 montis
444 1265 569 1332 fidelem
593 1267 764 1336 orationem
796 1267 940 1332 dominus
969 1266 1088 1332 audiuit
1118 1266 1239 1332 dicens:

94 1371 191 1456 quid
213 1370 443 1458 proclamas
478 1372 524 1436 ud
548 1371 628 1436 me?
673 1376 845 1455 martyrum
869 1390 992 1455 quoque
1015 1371 1142 1454 sanguis
1165 1389 1240 1434 uoce

92 1475 231 1559 corporis
247 1481 347 1554 ceret3
371 1475 427 1540 sed
449 1475 620 1558 indignitas
643 1474 729 1540 necis
753 1495 860 1540 eorum
884 1477 941 1540 deo
961 1471 1080 1539 elamor
1102 1480 1150 1558 est
1171 1474 1239 1556 ipso
1267 1501 1290 1536 ιο

92 1580 219 1644 domino
243 1579 282 1643 dc
305 1579 385 1645 Abel
409 1579 448 1643 ud
473 1577 548 1644 Cain
572 1579 708 1643 dicente:
743 1599 817 1642 uox
845 1578 1063 1662 sanguinis
1094 1577 1239 1643 fratris

92 1685 150 1748 tui
186 1682 335 1750 clamat
368 1685 414 1749 ad
448 1703 513 1748 me.
559 1684 603 1748 sio
626 1689 657 1747 ot
679 1683 736 1748 sub
760 1702 814 1747 ara
845 1683 895 1748 dei
925 1689 1097 1766 martyrum
1127 1683 1239 1746 anima

90 1787 284 1868 proclamare
329 1787 505 1853 scribuntur
550 1807 665 1871 magno
708 1806 784 1852 uoce
828 1786 984 1851 dicentes:
1030 1805 1239 1870 quousque

92 1893 281 1956 dominus
315 1898 481 1957 sanctus
504 1897 544 1957 et
565 1911 686 1956 uerus
710 1910 784 1956 non
807 1891 968 1955 iudicas
992 1896 1030 1955 et
1052 1890 1239 1955 uindices

92 1996 337 2079 sanguinem
361 2001 542 2060 nostrum
566 1998 612 2061 de
643 1994 934 2060 habitantibus
964 1995 1003 2058 io
1033 1993 1168 2059 terre?
1211 1995 1239 2059 si
1266 2020 1291 2057 tt

90 2101 188 2185 igitur
222 2120 282 2164 non
317 2099 448 2164 humilia
480 2119 537 2166 neo
572 2106 695 2165 terrena
727 2119 786 2165 neo
820 2097 991 2179 corporalia
1024 2097 1098 2164 fidei
1131 2098 1239 2180 spiritu

89 2224 224 2280 oremus
249 2212 355 2269 tacens
389 2203 462 2269 licet
483 2207 580 2270 oratio
605 2211 707 2268 nostra
730 2206 788 2269 deo
811 2202 930 2268 clamor
952 2215 1007 2267 est.
1053 2209 1146 2287 atque
1168 2203 1238 2268 ideo

88 2306 244 2389 propheta
266 2313 348 2373 totus
371 2307 411 2372 ed
435 2309 528 2373 deum
562 2308 670 2389 spiritu
704 2303 851 2372 orationis
885 2307 1021 2371 intentus
1054 2305 1097 2370 ita
1130 2306 1237 2387 empit:

89 2411 253 2477 domine
288 2410 460 2476 olameui
496 2413 543 2478 ed
578 2418 623 2489 te,
658 2411 804 2476 exaudi
834 2431 901 2476 me.
947 2416 978 2476 et
1008 2417 1041 2475 ut
1071 2407 1237 2476 clamorem

88 2517 185 2581 istum
219 2536 279 2581 non
316 2516 407 2590 uocis.
441 2519 497 2582 sed
532 2515 604 2581 fidei
638 2516 763 2581 doceret
794 2534 872 2592 esse,
905 2515 1032 2579 adiecit:
1067 2515 1238 2579 intendo
1265 2535 1289 2574 uo

88 2621 181 2686 uo-ci
216 2621 420 2684 orationis
455 2638 562 2698 meae,
601 2621 688 2684 dum
721 2618 906 2684 clamabo
941 2620 987 2684 ad
1022 2626 1068 2684 te.
1121 2617 1239 2683 clamor

88 2725 186 2790 etiem
210 2723 315 2788 inuitis
338 2724 427 2788 nobis
450 2729 593 2805 penetret
615 2723 645 2786 in
670 2724 808 2788 nuditum
831 2743 867 2787 ac
889 2741 923 2788 se
946 2728 1057 2803 sponte
1086 2722 1118 2786 in
1148 2742 1238 2787 aures

87 2834 213 2892 nostrus
237 2829 266 2891 ui
290 2835 441 2892 contentae
464 2828 547 2893 uocis
571 2827 706 2892 inmittit.
753 2829 810 2893 sed
834 2826 907 2910 quia
929 2826 1082 2907 propheta
1104 2846 1166 2891 non
1185 2826 1239 2892 tali

87 2931 226 2998 clamore
257 2930 379 3006 clamat,
410 2937 483 3010 orat,
514 2941 548 2996 ut
570 2931 724 2997 clamante
746 2952 782 2997 se
806 2932 883 2996 deus
906 2931 1068 2996 inuocem
1091 2931 1238 2996 orationis

87 3036 249 3102 intendat:
284 3057 340 3116 per
363 3036 395 3101 id
416 3055 560 3119 nemque,
595 3037 676 3119 quod
699 3036 876 3114 intenditur,
910 3034 984 3100 fidei
1007 3035 1158 3118 inspectio
1182 3042 1237 3115 est,
1264 3053 1290 3091 2⁶

89 3160 152 3204 non
176 3139 322 3206 clamoris
345 3141 468 3205 auditio.
513 3140 546 3204 id
579 3139 671 3214 enim,
696 3140 780 3222 quod
813 3138 942 3204 interius
965 3145 1021 3217 est,
1051 3139 1236 3204 intenditur:

88 3251 231 3310 ceterum
254 3245 422 3310 clamorem
454 3242 646 3325 corporalem
678 3242 799 3308 intendi
832 3262 893 3307 non
928 3263 1058 3308 necesse
1092 3249 1147 3322 est,
1181 3264 1238 3325 per

88 3348 293 3429 semetipsum
317 3367 442 3414 omnem
462 3367 592 3413 sensum
615 3348 735 3412 aurium
758 3352 970 3428 occupantem.

137 3453 166 3517 2.
191 3451 313 3518 Dehinc
335 3453 489 3537 sequitur:
524 3451 733 3536 dirigetur
765 3451 895 3515 oratio
925 3469 1008 3515 mea
1042 3450 1150 3515 siout
1183 3449 1237 3514 in-

90 3577 256 3624 censum
289 3557 329 3621 in
364 3562 587 3637 conspectu
621 3564 695 3632 tuo,
730 3555 899 3620 domine.
946 3573 1077 3637 quorum
1101 3574 1177 3634 pura
1206 3561 1237 3618 et
1263 3574 1289 3610 ³0

89 3668 176 3727 recta
200 3667 231 3726 et
253 3660 383 3726 sinceris
407 3660 504 3725 oratio
538 3671 593 3738 ost,
627 3659 661 3724 hi
695 3664 840 3740 poterunt
873 3659 993 3724 dicere:
1029 3657 1107 3723 diri
1117 3663 1237 3743 gutur

89 3764 225 3832 oratio
257 3784 356 3843 mea;
392 3771 526 3829 ceterum
550 3765 576 3828 si
600 3770 796 3829 externarum
820 3762 1039 3847 cogitationum
1062 3761 1236 3828 interuentu

133 3951 150 4002 9
169 3949 257 4002 uxos.
276 3949 348 4018 niv,
370 3949 409 4003 ιε.
447 3951 478 4002 11
499 3947 565 4012 oen.
583 3947 630 4015 iv,
651 3950 690 4002 10.
729 3948 865 4015 13Apoo.
884 3945 931 4014 vu,
950 3948 991 4000 io.

133 4085 305 4141 durationis
331 4089 354 4150 i,
383 4089 400 4140 l.
427 4105 475 4140 om.
503 4087 528 4140 R
581 4102 644 4139 oum
672 4085 829 4140 clamauero
856 4087 879 4138 i.
904 4086 920 4137 l.
947 4085 973 4138 R
997 4085 1044 4137 sed
1069 4085 1103 4152 cs.
1128 4084 1173 4138 lim
1198 4082 1236 4136 21

91 4177 124 4228 17
142 4175 270 4242 edqucR
322 4175 356 4228 23
375 4173 418 4228 aui
431 4173 611 4227 contenteeR
663 4174 697 4224 29
716 4171 827 4226 domine
845 4170 1021 4239 dirigaturE
1071 4173 1107 4225 30
1124 4171 1236 4225 domine

89 4262 112 4314 d.
131 4263 148 4314 l.
168 4279 217 4313 om.
236 4261 265 4313 E
314 4263 347 4315 tl
368 4265 396 4314 ct
415 4259 529 4314 sinceris
549 4261 588 4313 Re
606 4259 746 4313 sincerat
800 4258 894 4312 dicere
912 4262 1044 4326 poterunt
1062 4259 1096 4311 Ε.
