3075 4967
423 312 605 362 tractatur
624 309 659 362 in
677 310 847 378 psalmum
867 307 952 364 LXV.
1199 311 1260 376 261

138 495 183 576 qni
203 496 373 561 meminerit
407 499 566 564 dominnm
596 500 628 564 in
658 499 830 583 enaugeiiis
866 499 997 566 dixisse:
1033 502 1138 584 quod
1173 501 1262 566 dieo

137 598 240 663 nobis
260 599 299 663 in
323 603 663 680 tenebris‚dicite
686 604 725 668 in
749 603 907 680 lumina,
924 605 1081 688 etqnod
1103 607 1142 668 in
1165 625 1261 670 anre

136 702 284 776 auditis.
306 707 532 784 praedicate
555 727 678 789 super
701 715 818 773 tecta.
852 709 929 774 deus
952 727 1086 792 namque
1110 709 1261 774 constanti

135 813 161 868 et
179 806 295 889 publica
318 811 537 889 pradicationa
560 811 734 878 iandundus
758 820 813 890 est
836 831 938 895 neque
961 813 1053 878 debet
1075 813 1104 878 in
1126 832 1260 878 comme·

135 911 278 976 morandis
298 913 467 980 uirtutibus
490 915 556 980 eius
578 915 657 982 fides
679 923 785 980 nostra
807 916 972 996 trepidare.

172 1013 216 1079 19.
237 1015 298 1081 Sed
321 1037 392 1100 qnae
415 1020 541 1085 tandem
563 1041 623 1086 uox
644 1020 747 1085 landis
769 1021 836 1086 eius
866 1021 964 1086 audiri
995 1019 1160 1086 efficienda
1193 1021 1261 1088 est?

134 1137 232 1198 nempe
252 1140 296 1198 ea,
319 1124 402 1204 quod
426 1123 619 1189 credentium
650 1125 788 1190 animam
819 1125 953 1206 posuerit
984 1125 1015 1190 in
1045 1125 1149 1202 uitam,
1179 1125 1260 1210 qnod

133 1222 290 1300 aposmlicae
311 1227 523 1306 praedicationi
546 1237 575 1294 ot
598 1240 771 1314 martyrum
794 1229 980 1294 confessioni
1004 1229 1208 1294 constantiam
1231 1239 1262 1294 et

18 1404 19 1407 Ἴ
133 1329 384 1403 perseuerantiam
423 1329 554 1415 largitus
590 1333 632 1398 sit
668 1332 845 1415 confitendi,
892 1353 1023 1416 quorum
1068 1333 1260 1398 discursibus

18 1430 19 1433 ’
131 1428 224 1495 orbam
247 1443 336 1499 terrae
358 1435 547 1518 quibusdam
570 1438 657 1520 quasi
683 1437 815 1519 pedibus
830 1437 963 1502 caleatis
978 1437 1067 1522 regni
1083 1437 1259 1518 pradicatio

131 1537 345 1602 transcucurrit
399 1539 438 1603 in
473 1560 629 1608 omnem
666 1543 771 1606 euim
809 1549 960 1608 terram
998 1543 1098 1606 exiit
1136 1561 1259 1607 sonus

133 1655 264 1702 eorum.
309 1652 339 1706 et
361 1641 435 1707 alibi
457 1645 604 1724 spiritalis
628 1646 785 1710 discursus
809 1645 941 1730 gloriam
965 1644 1103 1711 clamans
1134 1646 1259 1728 spiritus

130 1751 254 1807 sanctus:
277 1749 593 1829 qnamspeciosi
609 1749 1133 1834 pedesenangeiizantinm
1149 1750 1258 1826 bona,

131 1847 497 1928 euangeliaantinm
520 1854 673 1934 pacem!
713 1853 782 1919 hate
803 1874 879 1938 ergo
901 1874 960 1918 nox
981 1853 1082 1920 laudis
1106 1853 1157 1920 dei
1179 1874 1259 1934 prae·

129 1946 287 2017 dicentium
302 1955 457 2021 audienda
472 1957 623 2038 praeconio
638 1962 693 2035 est,
709 1956 861 2040 propheta
876 1963 1019 2023 testante:
1036 1959 1104 2042 qui
1120 1959 1258 2040 posuit

130 2052 289 2120 animam
312 2077 436 2124 meam
468 2061 516 2126 ad
549 2061 673 2127 uitam
696 2074 832 2127 etnon
866 2062 978 2127 dedit
1011 2064 1257 2128 commoneri

129 2157 240 2232 pedes
271 2179 386 2227 meos.
432 2165 597 2230 nonenim
622 2165 830 2232 humanarum
861 2166 1135 2231 comminationum
1170 2166 1258 2231 terri-

18 2340 19 2351 *
128 2257 195 2324 culis
215 2282 234 2327 a
256 2283 348 2331 cursu
377 2269 605 2348 praedicationis
637 2290 700 2335 suae
733 2270 864 2351 apostoli
898 2269 1008 2336 deflexi
1043 2278 1122 2348 sunt,
1157 2289 1258 2354 neque

18 2358 19 2435 ᾗ
127 2359 247 2432 firmitas
269 2372 384 2452 pedum
408 2371 618 2440 insistentium
640 2395 660 2438 a
680 2373 755 2439 fidei
778 2394 888 2459 gressu
911 2381 1066 2442 commota
1095 2380 1149 2453 est
1180 2374 1255 2458 quin

127 2482 238 2548 mmper
258 2472 365 2540 indicii
388 2483 419 2542 et
440 2479 547 2542 aterni
569 2479 657 2562 regni
682 2478 842 2544 domiuum
865 2480 1078 2560 praedicarent.

164 2571 208 2639 to.
230 2575 367 2644 Locutus
390 2587 494 2647 autem
516 2602 555 2648 ex
576 2583 667 2648 nnius
690 2602 824 2663 persona
846 2583 973 2668 spiritus
996 2583 1166 2665 prophetiae
1189 2603 1255 2648 rern

127 2671 216 2752 ipsam
239 2700 302 2746 non
325 2683 378 2748 nni
402 2692 521 2750 tanturn
544 2687 662 2751 nomini
684 2693 847 2767 conpetere
870 2685 1036 2772 significat.
1082 2707 1154 2752 narn
1185 2707 1257 2754 enm

127 2775 259 2848 dixisset:
283 2794 322 2850 et
343 2806 421 2853 non
443 2790 560 2856 dedit
581 2791 826 2856 commoneri
842 2790 966 2872 pedes
982 2810 1099 2872 meos,
1112 2791 1242 2858 subiecit

125 2887 302 2962 quoniam
325 2892 511 2973 probasti
534 2913 614 2973 uos,
648 2895 756 2974 deus,
780 2896 875 2980 igne
906 2915 976 2960 nos
1002 2897 1257 2968 examinasti,

19 3040 20 3047 ,
124 2986 222 3054 sient
244 2992 338 3077 igne
361 2997 615 3064 examinatur
637 3005 859 3078 argentum.
883 3019 985 3065 sermo
1008 3001 1112 3083 itaque
1134 3005 1253 3080 emptus
1283 3023 1287 3034 ·

19 3144 20 3159 r
124 3107 156 3152 cx
174 3112 233 3159 uno
255 3097 388 3165 refertur
411 3101 451 3166 ad
473 3100 588 3183 plnres.
634 3113 682 3167 est
704 3121 840 3186 namque
862 3124 943 3169 unns
967 3104 1102 3184 spiritus,
1133 3115 1163 3169 et
1192 3123 1254 3168 nna

19 3228 20 3285 3
124 3198 304 3266 credentium
326 3201 406 3270 fides
430 3215 475 3271 est
498 3212 529 3271 et
551 3209 722 3272 secundum
746 3208 829 3291 quod
863 3207 893 3273 in
917 3209 1015 3292 gestis
1045 3207 1253 3288 apostolorum

124 3311 177 3362 eet:
199 3313 284 3371 erat
306 3309 564 3376 credentium
587 3311 719 3376 anima
740 3331 817 3376 una
840 3323 877 3376 et
899 3332 965 3377 cor
987 3331 1115 3376 unum.
1160 3317 1253 3394 atque

162 3425 285 3482 cuaeth.
303 3431 336 3496 X,
354 3433 398 3485 at.
436 3433 663 3497 arntxvnno.
702 3436 734 3488 13
749 3435 827 3488 Rom.
844 3435 877 3501 X,
895 3437 933 3489 lt.
970 3437 1004 3489 28
1019 3435 1081 3488 Act.
1097 3451 1139 3502 ap.
1154 3432 1253 3501 maa.

158 3533 405 3590 aconaantizet
425 3535 504 3600 (erar.
523 3537 572 3602 ai)
593 3538 618 3591 R
671 3541 687 3591 7
706 3537 779 3606 quod
792 3557 822 3592 ex
834 3545 901 3607 quot
915 3540 941 3592 R
993 3541 1010 3592 8
1028 3545 1056 3593 et
1073 3555 1253 3606 perseueran-

122 3614 180 3669 tiam
197 3619 251 3672 ΗΕ
265 3639 313 3675 om.
333 3623 384 3675 ΡΤ
438 3626 471 3678 10
487 3623 604 3692 pedibus
618 3625 699 3678 RTE
713 3623 823 3680 fidelib:
845 3627 870 3678 P
922 3629 954 3680 12
972 3627 1094 3680 olamans
1108 3623 1133 3674 R
1151 3624 1251 3678 clamat

846 3723 858 3751 G

123 3753 190 3809 PPE
238 3763 270 3814 14
288 3768 316 3815 et
333 3763 701 3832 euangeliaantinm.pacam
719 3767 744 3818 Τ
796 3765 847 3820 hae
875 3767 901 3819 R
954 3767 986 3818 17
1005 3765 1253 3818 comminationum

122 3840 153 3892 Re
169 3848 383 3902 commutacione
408 3849 477 3902 ΡΤα
533 3852 565 3905 19
582 3869 600 3904 a
617 3850 682 3906 fidei
708 3869 805 3922 gressu
830 3854 885 3906 RE
909 3851 973 3905 fidei
1000 3869 1112 3921 gressus
1142 3849 1252 3904 Pfidei

122 3931 230 3993 nesib:
249 3935 274 3986 Τ
324 3937 359 3990 20
377 3935 402 3990 dt
419 3954 491 4006 capr.
510 3955 559 3991 scr.
584 3956 617 3991 m.
638 3940 653 3990 1
672 3938 699 3992 R
751 3939 857 3993 aeterni
884 3939 963 4008 regni
990 3937 1013 3988 R
1038 3939 1118 4008 regni
1146 3939 1251 3994 aeterni

123 4012 190 4069 ΡΓΕ
235 4023 270 4075 25
286 4023 359 4077 aient
378 4023 443 4092 igne
461 4025 635 4080 examinatur
650 4026 847 4095 VcfiSodatier
860 4027 898 4093 ΙΙ,
912 4025 967 4080 128
986 4026 1059 4080 sicut
1077 4027 1251 4080 examinatur

125 4099 214 4158 Ri'l'E
261 4110 296 4162 nt
313 4107 450 4164 nuseze
469 4109 493 4163 ἁ
511 4111 664 4167 secundnm
678 4111 757 4177 (erus.
776 4115 878 4167 uidetur
895 4113 1078 4182 interpunctio)
1097 4111 1164 4177 R(e)
1183 4111 1252 4166 fides

123 4191 258 4248 scandum
276 4195 341 4248 Pro
394 4198 583 4264 apostolorum
601 4199 681 4252 RPE
696 4199 854 4268 apostolicis
874 4201 899 4252 Τ
949 4199 984 4253 28
1002 4199 1095 4252 anima
1112 4198 1251 4260 unaRcs.

124 4273 229 4331 Sabaea
244 4281 298 4347 ΙΙΙ,
316 4281 374 4336 514
392 4285 453 4337 ada.
472 4285 564 4338 anima
582 4285 666 4338 ΡΤΕ.
