3075 4967
315 281 379 346 594
656 283 774 337 sancti
794 283 930 337 Hilarii
949 285 1112 353 episcopi

314 472 418 537 inesse
459 491 611 537 conexam
644 473 703 538 eibi
738 473 928 540 extrinsecus
962 473 1205 558 significantiam
1239 474 1445 554 existimemus,

313 576 457 642 uidemus
481 583 513 643 et
534 596 632 661 aquas
654 597 733 656 esse,
756 599 851 660 super
880 599 957 663 quas
987 579 1028 644 sit
1058 579 1182 660 spiritus
1212 579 1272 652 dei,
1303 584 1335 644 et
1363 597 1447 662 aquas

314 699 392 757 esse,
408 699 478 764 quse
502 701 595 761 super
618 681 709 747 caelos
732 682 802 761 sint,
826 703 895 749 esse
919 689 949 748 et
972 703 1041 767 quae
1063 683 1096 747 in
1120 681 1210 748 terris
1225 685 1296 760 sint,
1319 689 1349 748 et
1363 701 1446 766 equus

314 802 393 860 esse,
411 805 480 868 qnae
503 784 637 863 landent,
656 793 688 851 et
708 803 806 869 aquas
830 806 907 865 osse,
924 807 992 871 qnae
1008 788 1147 852 timeant.
1191 805 1248 867 per
1271 788 1353 870 quod
1375 795 1446 850 recte

278 915 291 951 s
317 887 489 971 significari
511 907 608 972 aquas
630 889 758 970 populos
780 889 1000 974 intellegimus,
1022 890 1055 955 in
1078 891 1190 975 quibus
1213 891 1276 956 sint
1298 888 1446 970 spiritales.

314 991 377 1057 sint
391 998 423 1057 et
438 993 625 1071 tenebrosae3
651 993 713 1058 sint
727 993 875 1072 caelestes,
891 995 953 1060 sint
968 1001 1000 1060 et
1014 1001 1193 1074 terrestres;
1214 994 1276 1060 sint
1291 993 1445 1080 gloriosum

313 1095 482 1162 aduentum
506 1097 625 1163 dornini
647 1096 827 1174 laudatura,
858 1098 920 1165 sint
950 1106 981 1164 et
1011 1098 1167 1165 timentes.
1211 1097 1262 1163 hae
1292 1117 1365 1182 crgo
1386 1105 1446 1162 sunt

315 1201 453 1280 trepidae,
477 1207 617 1279 terrene,
640 1203 813 1267 tenebrosa
843 1203 1010 1269 absorbere
1031 1222 1090 1268 nos
1112 1201 1253 1268 nolentes
1282 1202 1390 1267 animis
1420 1201 1445 1264 in

313 1303 390 1368 iram
416 1305 578 1370 concitatis
601 1311 632 1370 et
654 1312 716 1370 toto
739 1305 882 1372 diabolici
905 1306 1017 1372 suroris
1038 1308 1157 1388 impetn
1184 1307 1355 1383 commotis,
1377 1313 1445 1369 tarn·

261 1431 288 1468 n
317 1427 410 1491 quam
442 1409 577 1475 maxime
606 1409 718 1475 hiemis
747 1416 933 1492 tempestate
964 1410 1151 1476 torrentibus
1181 1417 1212 1475 et
1241 1430 1299 1490 per
1320 1429 1445 1490 praeceps

314 1512 481 1578 ruentibus.

360 1615 389 1680 6.
412 1617 518 1702 Atque
550 1618 594 1682 itu
626 1617 659 1681 in
693 1619 803 1684 ordine
836 1618 1040 1684 consessionis
1077 1625 1190 1683 nostrae
1224 1620 1263 1683 nd
1298 1617 1443 1683 dominun

316 1718 432 1785 adiecit
445 1719 613 1802 propheta:
637 1727 863 1788 torrentem
882 1722 1136 1804 pertransiit
1158 1723 1289 1786 anima
1310 1725 1444 1794 nostra

316 1824 813 1906 forsitanpertrunsisset
836 1827 1124 1890 nnimnnostra
1146 1845 1289 1910 aquarn
1311 1825 1443 1888 inmen-

264 1949 290 1986 ιο
316 1947 409 1992 sam.
455 1947 528 1995 ecco
550 1930 665 1995 diaboli
688 1936 719 1995 et
741 1950 866 1996 suorum
888 1931 1046 1996 inruentes
1070 1931 1203 2012 impetus
1226 1937 1257 1994 et
1272 1950 1308 1996 ex
1328 1927 1443 1994 turbidis

316 2031 452 2097 motibus
486 2034 655 2100 concitatos
678 2034 878 2118 furentesque
901 2053 1065 2116 procursus
1096 2040 1127 2099 et
1157 2033 1347 2115 tempestatis
1375 2037 1443 2096 tenr-

315 2137 445 2219 porariae
479 2143 645 2216 torrentea;
673 2140 729 2203 sed
764 2137 833 2203 haec
866 2137 1072 2205 intolerabilis
1109 2157 1189 2222 aqua
1226 2137 1357 2202 animaru
1390 2153 1441 2200 non

316 2241 435 2323 transit,
460 2241 493 2305 in
516 2262 578 2326 qna
600 2243 677 2307 dens
693 2241 821 2307 habitat.
867 2241 1069 2308 intolerabilis
1085 2249 1187 2306 autem
1204 2248 1252 2306 est
1267 2242 1324 2306 deo
1338 2237 1441 2304 uacuis:

315 2342 364 2410 his
387 2353 497 2424 autern,
520 2346 551 2410 in
575 2346 687 2430 quibus
707 2349 784 2412 deus
800 2353 855 2424 est,
872 2352 992 2412 torrens
1007 2346 1194 2427 repentinus,
1218 2351 1288 2426 post
1303 2341 1441 2426 paululum

264 2467 290 2505 so
316 2469 390 2515 uero
413 2451 454 2515 ad
478 2451 658 2516 transeundi
680 2450 858 2516 facultatem
883 2450 987 2516 aridus
1011 2457 1041 2515 ot
1064 2449 1241 2516 exhaustus.

359 2553 387 2618 7.
410 2555 517 2638 Atque
539 2560 573 2618 ut
594 2553 696 2619 nullus
718 2552 770 2619 hic
793 2557 832 2619 de
862 2555 951 2638 aquis
982 2574 1092 2620 sensus
1122 2559 1213 2630 esset,
1245 2551 1440 2635 consequitur:

315 2657 562 2725 benedictus
593 2658 787 2736 dominus,
819 2658 886 2741 qui
915 2678 991 2723 non
1021 2657 1137 2723 dedit
1170 2677 1240 2722 nos
1263 2658 1301 2722 in
1325 2662 1439 2736 captu·

314 2781 395 2826 ram
418 2762 613 2828 dentibus
636 2782 782 2827 eorum.
808 2768 839 2826 et
855 2762 907 2845 qui
919 2760 1112 2826 sunthorum
1130 2761 1309 2826 torrentium
1324 2754 1439 2826 dentes?

315 2872 387 2930 sunt
410 2866 501 2947 plane
524 2869 564 2932 ad
587 2864 767 2931 laniandum
788 2865 1147 2948 adprehendendumque
1170 2863 1375 2940 uehementes,
1395 2861 1438 2924 ira.

263 2984 288 3022 π
315 2971 476 3050 cupiditas,
500 2970 632 3046 lasciuia,
655 2971 771 3046 odium,
795 2969 876 3054 gula,
901 2969 1035 3034 errantia.
1081 2968 1115 3032 hi
1145 2979 1216 3033 sunt
1246 2971 1352 3034 dentes
1379 2961 1437 3029 nali

315 3081 347 3139 et
368 3083 504 3139 tenaces.
549 3095 605 3156 per
619 3073 688 3139 haec
703 3075 785 3139 eninr
801 3074 832 3137 in
848 3093 905 3138 nos
922 3081 1027 3153 captos
1043 3071 1238 3156 laniatosque
1255 3073 1437 3137 dominantur.

315 3179 389 3243 dum
422 3179 568 3243 uitiorum
602 3198 727 3243 suorum
760 3183 813 3242 aut
846 3177 1005 3242 ministros
1039 3182 1091 3242 aut
1114 3184 1273 3241 consortes
1302 3194 1365 3240 esse
1394 3187 1437 3234 nos

315 3281 447 3347 faciunt:
480 3282 592 3366 quibus
622 3302 685 3347 non
714 3301 824 3346 carnes
855 3287 976 3358 nostrae,
1006 3280 1061 3346 sed
1091 3280 1203 3352 enimn.
1233 3279 1293 3344 nisi
1322 3281 1390 3344 dens
1413 3275 1435 3337 ir

315 3386 404 3452 nobis
428 3394 518 3464 esset,
542 3388 580 3452 ab
605 3384 655 3450 his
678 3387 889 3451 manderetur.

360 3512 521 3562 lconexam
534 3510 585 3561 GR
594 3513 622 3562 et
632 3524 784 3562 connexam
795 3509 834 3560 Pb
886 3511 975 3562 besse
989 3513 1017 3560 et
1030 3507 1126 3560 Pasas
1139 3507 1165 3560 It
1216 3517 1277 3578 post
1289 3506 1366 3560 terris
1376 3503 1394 3553 :t
1404 3503 1436 3552 liu

314 3597 417 3648 eroaR
468 3595 609 3649 dlaudem
623 3596 648 3648 G
701 3612 751 3663 per
763 3595 837 3662 quod
852 3595 903 3647 GR
915 3613 964 3648 om.
978 3594 1004 3646 P
1054 3592 1273 3662 dintellegimus
1288 3593 1337 3644 GP
1346 3587 1435 3644 intelle

313 3683 446 3751 gemnsR
500 3681 596 3736 'lhaec
611 3682 663 3734 GR
674 3683 709 3751 cs.
723 3683 804 3734 Acnd.
814 3700 843 3750 p.
856 3679 894 3733 98
946 3681 1108 3735 suntonr.G
1161 3677 1370 3734 SabsorboreG
1414 3673 1435 3724 in

313 3769 385 3822 iram
404 3769 430 3822 R
449 3768 496 3839 (of.
518 3770 623 3830 Quintil.
647 3769 692 3836 VI,
710 3767 738 3836 2,
756 3767 807 3834 27)
834 3769 864 3822 in
883 3768 924 3821 ira
942 3769 969 3821 P
1021 3770 1054 3822 10
1072 3765 1193 3820 maxima
1214 3767 1293 3820 GRP
1307 3763 1433 3844 maximqt

314 3867 493 3931 tempestates
501 3863 543 3914 Pa
579 3866 612 3917 12
621 3863 650 3916 in
659 3863 772 3917 iordane
783 3863 962 3916 confessionis
970 3862 996 3914 P
1030 3864 1063 3916 13
1073 3861 1238 3921 pertransiit
1252 3861 1303 3913 GR
1311 3851 1437 3912 transiitP

315 3952 348 4004 ld
357 3956 533 4019 tempestates
542 3947 782 4018 temporarie-’ile
792 3951 818 4001 in
828 3947 891 4012 ror.)
902 3949 928 4001 P
979 3951 1012 4003 18
1021 3948 1124 4002 transit
1134 3947 1173 4001 Re
1183 3945 1325 4000 transiitP
1371 3935 1434 3994 nond

314 4037 476 4090 transeundi
489 4037 649 4090 fucultatem
659 4055 707 4089 om.
718 4037 744 4089 P
789 4041 917 4089 exauslus
928 4036 953 4088 R
963 4040 1075 4089 exustus
1086 4035 1112 4087 P
1161 4037 1197 4088 22
1207 4039 1344 4102 capturam
1353 4029 1433 4092 Rop-

314 4165 419 4218 tionem
428 4167 465 4218 Pe
500 4167 535 4216 24
544 4112 809 4233 adpraeheilllluntq
818 4161 861 4230 int
871 4182 900 4218 en
908 4162 947 4229 ml
958 4165 990 4232 R,
1000 4163 1083 4217 om.P
1115 4163 1280 4218 ssdinorqu
1312 4154 1431 4224 nequitus

314 4267 365 4303 nos
385 4251 411 4303 P
461 4252 569 4305 animae
588 4253 614 4303 P
663 4252 697 4304 29
716 4259 758 4305 est
778 4252 803 4304 R
856 4251 890 4305 ab
908 4250 951 4304 his
970 4268 1019 4303 om.
1037 4250 1090 4303 PE
1140 4241 1374 4304 manderentnrl’·
