3075 4967
437 267 616 318 tractatus
640 264 675 317 in
697 265 868 333 psalmum
892 265 971 319 cxl.
1204 265 1265 329 791

123 454 382 520 sacrificium
408 453 696 534 uespertinum.
741 454 882 534 plurimis
906 455 981 519 locis
1003 453 1211 532 tractauimus
1233 455 1265 519 in

122 558 308 624 alienatione
330 576 477 622 manuum
500 556 613 622 excelsi
635 556 737 638 operis
760 557 897 623 officium
928 558 1100 636 monstrari,
1129 563 1171 636 ut
1195 578 1267 623 cum

121 661 252 746 Moyses
275 660 401 727 eleuatis
424 660 566 726 manibus
599 669 681 727 stare
703 671 875 744 praeceptus
908 671 964 739 est,
998 661 1108 744 populo
1137 662 1170 726 in
1192 661 1267 728 alle-

120 768 247 832 natione
271 771 301 832 et
323 765 508 830 demissione
542 785 689 830 manuum
722 786 850 832 suarum
880 765 930 831 uel
959 765 1074 831 uictore
1107 764 1157 831 nel
1179 767 1268 832 uicto.

121 870 282 953 aposlolus
298 889 419 954 quoque
435 875 556 934 orentes
572 869 657 935 iubet
671 868 793 935 eleuare
810 889 919 936 manus
933 889 1034 950 purae.
1079 876 1193 936 etcum
1209 871 1267 935 ait:
1307 894 1320 930 s

121 975 215 1042 siue
238 975 298 1038 ire
320 979 357 1038 et
380 973 646 1057 cogitatione,
670 993 731 1038 uon
746 973 886 1040 habitum
907 974 1015 1039 orandi
1030 974 1195 1050 constituit,
1212 976 1268 1039 sed

120 1079 339 1160 praescriptum
370 1077 482 1141 diuinae
511 1077 696 1158 operationis
725 1077 848 1143 adiecit.
892 1079 1027 1161 deniqne
1050 1078 1271 1159 dominusper

120 1183 252 1248 Esaiam
286 1180 470 1265 prophetam
502 1181 656 1246 orationes
689 1181 854 1263 impiorum
887 1182 1056 1263 inprobans
1085 1182 1128 1247 ite
1149 1181 1266 1248 locutus

122 1293 189 1354 cst:
225 1287 258 1351 si
293 1285 529 1352 extendetis
564 1294 708 1362 manns,
743 1291 926 1351 auertam
959 1285 1268 1351 oculosmeosa

120 1391 250 1469 uobis,
273 1410 334 1454 nou
358 1389 464 1473 utique
487 1390 512 1455 si
537 1388 672 1468 eleueds,
697 1391 753 1455 sed
777 1390 804 1454 si
825 1389 1012 1468 extendatis3
1043 1390 1116 1472 quia
1145 1389 1268 1455 habitus
1295 1410 1320 1447 ιο

121 1496 235 1561 orandi
258 1496 289 1559 in
312 1494 456 1560 manibus
479 1494 681 1560 extendendis
705 1501 760 1572 est,
784 1494 917 1576 perfecti
939 1507 1042 1559 autem
1065 1494 1166 1576 operis
1200 1493 1268 1558 effi·

122 1601 240 1666 aientia
262 1611 311 1665 est
332 1601 363 1663 in
386 1598 554 1664 eleuaudis.

167 1703 197 1768 4.
223 1703 370 1768 Mannum
394 1722 470 1787 ergo
494 1702 623 1769 eleuatio
653 1703 839 1768 sacrificium
873 1703 1083 1784 uespertinum
1106 1709 1161 1767 est
1206 1723 1266 1767 non

122 1809 211 1873 euim
235 1807 386 1891 sanguine
408 1813 439 1872 et
461 1805 648 1873 holocaustis
670 1827 735 1886 nos,
758 1807 790 1872 iu
813 1826 891 1890 quos
915 1806 1139 1872 consummatio
1174 1826 1269 1872 esecu-

121 1911 226 1977 lornm
250 1912 381 1990 deuenit
404 1909 615 1976 sacrificamus
638 1913 703 1976 deo.
748 1911 804 1976 sed
826 1910 909 1994 quod
932 1910 1117 1975 sacrificinm
1143 1930 1268 1991 uesper·
1297 1927 1322 1966 ιο

122 2016 226 2081 tinum
250 2014 396 2096 placit-um
420 2015 467 2092 sit,
490 2013 651 2080 audiamus
668 2015 825 2080 dominum
849 2015 879 2078 iu
904 2012 1073 2098 euangeliis
1096 2014 1268 2079 dicentem:

122 2118 1268 2201 uenite‚benedietipetrismei,poesidetepraeparetum

123 2224 245 2288 uobis
269 2223 947 2306 regnumaccustitutionemundi.
986 2221 1269 2300 esuriuienim,

124 2334 164 2394 et
199 2326 380 2392 dedistis
414 2325 513 2390 mihi
552 2327 812 2404 manducare3
853 2326 978 2403 sitini,
1016 2333 1055 2392 et
1092 2325 1269 2406 dedistis

124 2431 227 2496 mihi
261 2431 418 2508 bibere;
453 2429 603 2511 hospes
638 2449 754 2508 eram,
786 2435 823 2495 et
846 2430 1192 2511 suscepistisme;
1215 2429 1269 2494 in·
1296 2445 1322 2483 ὀ

124 2536 282 2610 firmus,
304 2543 344 2598 et
368 2533 580 2600 uisitastis
604 2553 678 2616 me3
709 2534 749 2597 in
773 2553 942 2599 carcerc
965 2534 1032 2613 sui,
1063 2543 1100 2600 et
1122 2532 1270 2600 libera·

125 2641 205 2705 stis
230 2658 295 2704 me.
341 2645 371 2704 et
401 2639 658 2720 respondentibus
682 2637 751 2718 illis,
784 2641 868 2722 quod
891 2659 1062 2723 numquam
1086 2639 1136 2704 his
1158 2639 1269 2705 officiis

124 2743 273 2808 humana
287 2742 482 2808 necessitatis
498 2743 642 2826 eguisset,
660 2743 717 2806 ait:
741 2763 855 2808 amen
879 2742 970 2808 dieo
993 2743 1115 2822 uobis,
1139 2763 1268 2827 quam·

126 2849 193 2913 din
228 2847 394 2912 fecistis
428 2847 495 2911 uni
530 2867 574 2912 er
608 2845 672 2912 his
705 2847 909 2912 fratribus
946 2847 1133 2923 minimis,
1169 2847 1268 2912 mihi

126 2951 305 3017 lecistis.
351 2950 410 3016 hoc
454 2950 641 3016 sacrificinm
678 2952 899 3032 uespertinum,
937 2952 970 3016 id
1007 2960 1054 3017 est
1091 2958 1266 3035 temporum
1295 2967 1322 3004 ’ὁ

126 3056 364 3121 nouissimorum
389 3061 444 3146 est.
490 3056 522 3119 in
554 3053 612 3121 hoc
643 3073 753 3120 manns
783 3053 942 3121 eleuandae
972 3063 1052 3134 suat,
1082 3057 1155 3140 quia
1180 3056 1268 3120 istius

127 3160 211 3225 modi
247 3158 435 3224 orationibus
469 3159 529 3223 iam
564 3160 603 3224 ab
635 3159 721 3224 initio
754 3160 863 3224 muudi
897 3159 1069 3225 benedictis
1100 3159 1150 3224 dei
1179 3159 1269 3243 regni

128 3263 260 3329 caelestis
283 3267 456 3345 praeparata
478 3264 634 3344 possessio
658 3269 713 3328 est.

172 3369 201 3434 5.
226 3367 286 3432 Sed
321 3367 464 3432 meminit
496 3365 655 3448 propheta,
690 3375 803 3448 praeter
836 3367 1002 3434 clamorem
1040 3367 1121 3445 fidei,
1158 3373 1271 3448 praeter

129 3472 306 3547 orationem,
326 3491 394 3554 quae
411 3471 574 3556 dirigenda
589 3471 629 3537 eit
644 3476 677 3536 ut
690 3472 859 3550 incensum,
876 3479 906 3537 et
928 3479 1041 3556 prater
1063 3471 1266 3538 eleuationem
1296 3485 1322 3522 ⁸⁰

128 3595 285 3652 mannum,
320 3576 351 3640 iu
387 3594 448 3658 que
480 3575 665 3641 sacrificium
699 3577 911 3657 uespertinum
944 3581 1001 3658 est,
1036 3581 1065 3641 ct
1094 3575 1178 3640 aliud
1209 3575 1269 3639 sibi

129 3678 229 3744 adhuc
251 3698 328 3760 opus
350 3681 602 3745 consummandae
626 3681 656 3744 in
681 3699 715 3745 se
738 3680 960 3746 iustificationis
983 3681 1160 3761 optandum.
1196 3679 1269 3744 dicti

173 3895 189 3946 6
207 3893 220 3946 1
238 3892 309 3948 Tim.
328 3895 353 3960 2,
371 3895 396 3946 8.
432 3897 449 3948 9
466 3892 539 3947 Esai.
558 3895 579 3961 Ι,
600 3895 640 3948 15.
678 3896 711 3948 17
730 3895 829 3949 Matth.
847 3894 932 3963 XXV,
951 3897 986 3950 34
1004 3913 1044 3963 eq.

172 4068 364 4121 flmauumR
416 4065 610 4121 4dimissione
629 4068 674 4120 Ro
727 4069 790 4121 det
808 4068 984 4122 contentione
1003 4067 1073 4132 Eos.
1086 4067 1270 4133 idabotierHI,

130 4151 186 4208 869
241 4155 275 4207 10
291 4153 445 4207 extendatis
463 4171 568 4219 manus,
587 4155 653 4222 quia
671 4155 699 4207 E
748 4157 784 4210 20
801 4153 926 4208 infirmus
937 4181 971 4191 -
983 4153 1122 4208 liberastis
1130 4171 1175 4209 me
1185 4172 1233 4208 om.
1246 4155 1273 4208 R

129 4241 163 4294 30
181 4239 328 4309 dirigenda
345 4245 386 4295 eet
405 4241 433 4292 Ε
483 4241 652 4296 eleuationes
670 4243 696 4295 R
747 4244 780 4296 31
800 4241 829 4294 in
848 4257 917 4309 quae
935 4243 968 4294 R.
