3075 4967
292 257 352 320 106
627 255 745 310 sancti
769 253 905 308 Hilarii
929 253 1092 321 episcopi

289 448 485 512 itaetnuno:
510 445 701 512 dilexisti
723 444 851 510 uerba
872 441 1437 526 praecipitationislinguam
1528 488 1529 515 1

289 549 487 616 dolosam:
525 555 748 631 propterea
786 549 883 614 deus
922 548 1110 612 destruet
1147 552 1185 612 te
1222 546 1261 610 in
1295 546 1438 612 finem.

288 654 376 719 uerbi
397 655 544 720 uirtutem
567 652 681 718 latinus
704 673 807 718 sermo
830 672 893 717 nen
914 651 1020 718 tenuit.
1065 670 1135 734 quae
1158 650 1242 716 enim
1272 649 1438 716 nobiscum

289 758 414 823 uerba
451 757 802 840 praecipitationis
840 762 926 834 sunt,
962 775 1001 822 ee
1030 775 1048 820 a
1078 755 1197 820 Graecis
1230 752 1274 820 τὰ
1305 747 1439 839 ῥήματα
1529 822 1530 839 ¹

181 933 184 940 Ι
249 861 561 946 ὁκαταποντισμοῦ
584 867 829 928 commemorata
851 867 939 926 sunt:
969 880 1031 944 qno
1058 859 1140 924 dicto
1170 857 1366 943 significetur
1397 859 1439 936 id,

289 967 372 1049 quod
401 967 560 1033 nobiscum
592 966 795 1047 praeeipitatio
826 975 881 1042 est,
919 983 991 1029 cum
1025 962 1086 1028 illis
1115 983 1186 1028 esse
1216 963 1376 1028 demersio
1407 963 1439 1027 in

288 1069 440 1151 profundo
463 1071 567 1136 maris.
613 1076 842 1152 potestantem
865 1069 1027 1134 nobiscum
1050 1068 1221 1133 seeundum
1251 1065 1438 1150 generalem

289 1193 415 1240 sensum
446 1174 649 1256 precipitatio
679 1195 740 1240 non
770 1175 803 1239 in
834 1173 910 1238 mari
941 1179 1071 1250 tantum,
1102 1171 1159 1237 sed
1189 1193 1228 1238 ex
1259 1171 1354 1237 editis
1386 1177 1441 1236 aut

289 1277 400 1344 aedium
425 1285 476 1344 aut
498 1279 620 1360 rupium
644 1285 697 1343 aut
719 1297 987 1362 quorumcumque
1009 1296 1161 1361 genamm
1187 1275 1264 1342 locis
1287 1275 1440 1341 deciden-

236 1411 260 1444 n
288 1379 365 1448 tium
388 1401 478 1448 casus
502 1382 652 1466 intellegi.
697 1403 773 1467 ergo
797 1382 968 1448 secundum
991 1382 1237 1446 demonstratam
1259 1380 1441 1461 praecipitur

287 1485 380 1551 tionis
403 1488 564 1565 rationem,
588 1487 662 1571 quia
683 1488 781 1552 uerba
801 1486 1056 1569 praecipitationis
1073 1485 1156 1550 Doce
1173 1483 1324 1558 dilexerit,
1349 1503 1439 1548 seue

287 1589 420 1655 rissimae
444 1591 632 1655 damnationi
656 1591 810 1656 subiectus
834 1600 889 1656 est.

332 1691 383 1758 13.
407 1693 515 1760 Omnis
538 1695 654 1760 etenim
676 1695 785 1760 anima
806 1694 949 1773 infidelis,
972 1695 1004 1758 in
1028 1691 1132 1759 saculi
1156 1691 1248 1757 huius
1274 1699 1440 1774 tamquam

288 1798 384 1862 maris
414 1797 566 1879 profundo
596 1799 759 1883 naufraga,
791 1798 907 1864 incerto
937 1805 1022 1864 mutu
1053 1816 1194 1882 uagoque
1227 1794 1372 1862 differtur
1409 1807 1441 1861 ct

235 1929 259 1966 15
287 1901 481 1968 diuersarum
504 1903 706 1985 cupiditatum
728 1909 807 1968 austu
828 1901 952 1968 mobilis
974 1902 1108 1976 fluctuat,
1138 1907 1291 1984 potestate
1318 1900 1440 1966 diaboli

287 2005 431 2071 succulum
456 2006 618 2072 incolentis
641 2007 750 2089 inlusa,
774 2016 805 2072 et
826 2005 911 2071 nulla
933 2006 973 2071 ad
994 2006 1202 2071 resistendum
1218 2003 1442 2070 obnitendum·

287 2129 346 2192 que
369 2109 397 2174 ei
421 2109 566 2176 subiecta
590 2110 756 2203 soliditatis
779 2110 927 2175 firmitate
948 2111 1104 2176 cunsIstit:
1127 2129 1167 2174 cx
1189 2128 1250 2191 quo
1268 2107 1364 2174 facile
1379 2115 1440 2188 cst,

286 2211 449 2278 incentiuis
472 2213 746 2300 circumagentium
769 2215 971 2295 cupiditatum
988 2212 1153 2295 pendulam
1173 2232 1352 2296 uagamque
1376 2215 1441 2280 iac-

287 2316 355 2381 tari.
401 2317 483 2400 quod
513 2325 614 2384 autem
645 2317 748 2384 saeculi
779 2317 871 2382 huius
901 2323 1001 2382 motus
1031 2329 1123 2401 atque
1149 2315 1260 2382 fluctus
1285 2319 1440 2384 undantis

235 2446 259 2482 ao
287 2420 382 2484 maris
398 2420 439 2484 sit
453 2421 579 2487 aestibus
595 2429 787 2504 conparatus,
811 2421 863 2506 qui
883 2421 1071 2487 dominantis
1085 2422 1127 2485 sit
1143 2420 1256 2486 diaboli
1271 2419 1440 2512 incolatus,

287 2523 458 2588 secundnm
487 2523 701 2605 propheticam
731 2532 761 2590 et
790 2524 990 2610 allegoricam
1021 2523 1263 2607 intellegentiam
1292 2524 1441 2605 psalmus

287 2626 474 2692 centesimus
490 2634 522 2693 et
536 2629 645 2694 tertius
660 2628 718 2693 sub
738 2629 891 2712 corporali
915 2636 1018 2694 umen
1041 2636 1251 2693 creaturumm
1275 2629 1441 2713 significa-

288 2729 371 2795 tione
401 2731 608 2796 demonstrat:
645 2731 726 2799 Hoc
763 2752 872 2799 marc
909 2753 1096 2816 magnum
1127 2739 1166 2798 et
1195 2734 1440 2816 spatiosum,

288 2832 379 2900 illic
401 2841 627 2918 serpentes,
645 2856 809 2920 quorum
832 2843 981 2902 nonest
1002 2856 1202 2902 numerus.
1238 2836 1442 2902 animalia

235 2967 261 3002 aa
289 2937 442 3017 pusilla
465 2946 499 3003 et
521 2958 680 3024 magna:
705 2940 796 3006 illic
817 2961 942 3006 naues
967 2940 1289 3022 pertransibunt
1313 2943 1440 3007 draeo

288 3041 376 3120 iste,
407 3062 520 3126 quern
544 3043 732 3109 formasti
762 3045 809 3109 ad
835 3043 1102 3110 inludendum
1125 3045 1171 3110 ei.
1202 3055 1233 3109 et
1254 3064 1376 3110 misum
1404 3047 1440 3111 in

289 3144 408 3226 psalmo
438 3149 633 3232 sexagesimo
663 3155 787 3214 octauo:
817 3148 910 3214 neni
941 3149 977 3212 in
1010 3147 1271 3214 altitudinem
1301 3149 1438 3226 maris,

331 3250 373 3303 Pu.
393 3251 462 3318 CIII,
480 3255 523 3307 25.
558 3255 591 3305 27
610 3253 653 3306 Ps.
672 3253 797 3322 LXVIII,
815 3257 839 3306 3.

333 3339 345 3390 1
371 3337 467 3406 lingua
490 3339 585 3392 dolosa
609 3341 660 3392 PT
711 3343 797 3394 auca
814 3357 906 3396 sermo
929 3353 989 3412 post
1013 3341 1157 3394 nobiscum
1175 3343 1285 3412 repetitu
1303 3343 1330 3394 It
1381 3345 1439 3396 4·

286 3448 433 3500 greeissn
452 3431 553 3500 (ιΞα
568 3433 654 3502 u?)R
705 3446 746 3490 τα
775 3446 920 3506 ρημαυτα
947 3430 1213 3504 Βαταιεοντιεμου
1242 3437 1268 3490 V
1289 3447 1439 3507 αρηνμεα

287 3545 564 3608 καταῐῐονῐυεμου
591 3539 617 3592 R
669 3541 861 3595 omersioPI'
911 3540 1122 3610 inprciundum
1135 3542 1189 3594 TE
1238 3540 1296 3595 Sin
1310 3557 1389 3594 mare
1403 3561 1438 3596 α

286 3632 316 3683 in
334 3633 405 3685 mari
417 3633 441 3685 Τ
492 3649 527 3688 ex
544 3653 600 3706 sup.
620 3637 665 3690 lia.
678 3655 695 3689 u
708 3655 740 3690 m.
759 3637 820 3691 211
869 3641 1078 3705 9quorumque
1093 3637 1142 3692 VP
1157 3653 1396 3706 quorumcumque
1410 3639 1439 3689 Τ

290 3721 321 3772 10
339 3719 557 3774 demonstratam
585 3740 615 3775 cu
641 3722 835 3778 demonstratu
860 3722 934 3778 m?
957 3723 982 3776 V
1029 3707 1371 3792 praecipitationem'spm.
1390 3741 1435 3777 ru·

286 3803 402 3868 tionem)
414 3807 465 3857 ΙΤ
518 3809 547 3861 11
570 3809 635 3876 quia
652 3827 709 3881 sup.
728 3811 773 3863 lin.
791 3827 809 3863 u
823 3829 856 3864 m.
869 3809 890 3862 2
903 3810 930 3863 V
978 3811 1209 3880 praecipitatisV
1258 3811 1436 3864 seuerisairna

286 3889 464 3944 damnatione
488 3893 580 3946 VRPa
634 3895 855 3950 turnacenses
876 3895 1053 3951 iufidelesm.
1073 3895 1094 3949 2
1116 3897 1142 3951 V
1193 3899 1226 3951 14
1243 3896 1389 3964 naufragis
1412 3898 1439 3949 V

288 3979 320 4028 16
336 3977 447 4030 mobilis
465 3997 495 4031 eu
512 3981 666 4034 mobilesIl
719 3983 742 4036 si
760 3984 938 4052 potestatell
955 3980 999 4048 (un
1018 3983 1127 4037 scilicet
1143 3985 1313 4052 potestetc'l)
1364 3985 1396 4038 17
1406 3984 1434 4037 ci

286 4079 335 4116 um.
355 4063 405 4115 PT
422 4063 547 4120 subiecta
575 4068 601 4121 V
669 4071 702 4123 18
728 4069 925 4138 cupiditatium
949 4069 975 4123 V
1043 4072 1075 4122 19
1101 4069 1207 4123 saeculi
1233 4069 1316 4123 liuius
1341 4075 1434 4124 morte

286 4148 377 4217 adque
401 4151 426 4201 V
492 4153 524 4204 21
555 4154 719 4221 profeticam
750 4175 781 4209 er
809 4157 973 4225 preteticem
1003 4175 1035 4209 m.
1063 4156 1131 4209 21⁷
1198 4156 1388 4224 udlegorioam
1410 4157 1436 4210 I'

286 4239 321 4290 26
339 4237 368 4290 in
386 4239 494 4306 psalmo
512 4239 628 4295 LXVIII
652 4243 752 4296 I'RPI'
803 4246 837 4298 27
856 4243 885 4297 in
902 4243 1050 4297 altitudine
1070 4244 1103 4296 R.
