3075 4967
420 264 604 313 tractatus
622 259 658 312 iu
675 260 848 328 psalmum
867 258 984 312 CXLIV.
1212 256 1274 320 837

127 450 288 532 propheta
301 449 444 515 continuo
457 448 596 515 subiecta
611 453 672 513 eet:
696 446 843 513 fidelis
866 447 1050 513 domiuus
1073 447 1113 511 in
1135 446 1275 512 uerbis

128 555 215 621 suis
239 562 277 619 et
298 560 465 619 sauctus
488 554 527 618 in
550 552 734 617 omnibus
757 551 950 635 operibus
972 552 1064 617 suis.
1109 551 1277 616 uerborum

127 659 211 725 fides
234 658 313 724 forte
335 663 467 735 nutaret,
490 658 551 723 nisi
574 656 721 722 sanctitas
737 657 881 738 operibus
896 662 980 722 esset
993 656 1140 721 admixta.
1184 660 1277 739 alque

127 763 173 827 ita
196 762 343 829 sauctitas
365 762 397 825 in
420 759 565 842 operibus
589 759 685 827 fidem
701 761 866 825 confirmat
879 759 912 824 in
926 759 1042 838 uerbis
1065 765 1099 825 ut
1122 761 1161 825 dc
1177 759 1276 825 sancti

127 866 193 932 fide
215 867 248 931 in
271 866 433 947 promissis
456 885 517 930 nou
541 864 693 949 ambigas,
716 866 803 931 caius
825 865 988 929 sanctitate
1010 864 1107 929 utaris
1127 863 1160 929 in
1174 862 1276 929 rebus.
1316 894 1329 931 a

127 972 155 1036 ei
180 970 266 1036 anim
289 976 430 1035 sanctum
455 989 524 1035 esse
549 969 641 1035 deum
656 968 863 1053 intellegimus
878 968 989 1049 perid,
1013 968 1094 1052 quod
1109 967 1277 1044 nascimur,

126 1074 273 1151 uiuimus,
304 1073 415 1139 alimur
445 1078 476 1138 et
506 1072 602 1153 copiis
632 1073 776 1138 omnibus
805 1071 951 1138 humanae
986 1078 1103 1136 natura
1132 1071 1277 1155 congruis

126 1179 333 1255 abundamus,
358 1177 505 1243 sanctitas
528 1176 588 1243 ista
610 1196 679 1243 osae
702 1197 762 1241 non
786 1181 889 1258 potest
909 1174 1099 1242 infidelisin
1122 1175 1223 1243 dictis.

176 1282 226 1347 18.
250 1282 316 1347 Scit
337 1286 441 1347 autem
464 1280 614 1363 propheta
644 1300 714 1347 asse
744 1286 776 1346 et
804 1279 889 1345 aliud
921 1280 1092 1346 sanctitatis
1115 1279 1167 1345 dei
1199 1299 1277 1361 opue

125 1387 159 1450 in
196 1406 242 1465 eo,
277 1387 359 1469 quod
394 1386 547 1470 sequitur:
582 1383 777 1450 suffulcit
811 1384 995 1450 dominus
1029 1402 1174 1462 omnes,
1209 1384 1276 1467 qui
1304 1412 1329 1449 ro

126 1496 258 1569 ruunt
289 1498 328 1555 ot
358 1489 534 1573 corrigit
567 1508 705 1555 omues
740 1488 877 1554 elisos.
922 1490 1014 1555 adest
1046 1487 1189 1554 omnibus
1226 1486 1278 1552 dei

127 1594 278 1659 sauctitas
313 1600 344 1659 et
377 1614 411 1659 se
446 1592 591 1658 humanis
626 1592 745 1659 auxiliis
780 1612 840 1657 nou
875 1590 1037 1657 subtrahit
1083 1592 1139 1658 sed
1173 1599 1278 1657 seruat

127 1700 226 1764 otiam
249 1718 331 1763 nunc
344 1697 470 1764 iustitia
486 1704 516 1763 et
531 1697 751 1763 misericordia
767 1696 920 1777 propheta
934 1697 1096 1763 rationem.
1142 1694 1278 1761 suffulcit

126 1804 214 1869 anim
238 1802 382 1867 domiuus
405 1822 466 1867 non
490 1799 661 1886 conlapsos,
692 1802 748 1867 aad
779 1802 936 1878 cadentes,
967 1820 1054 1885 quos,
1083 1801 1139 1867 etsi
1174 1798 1278 1866 trahat

126 1926 244 1987 pronus
267 1912 384 1971 natura
407 1905 512 1985 lapsus
535 1906 566 1969 in
590 1924 705 1983 casum,
740 1904 919 1989 paeniteutia
941 1912 1054 1984 tamen,
1078 1924 1148 1989 qua
1171 1910 1277 1970 auctor
1304 1936 1329 1972 ra

127 2019 179 2077 est
202 2010 376 2086 desinendi,
401 2031 440 2075 ue
462 2010 585 2091 ponitus
608 2010 669 2073 iam
685 2009 863 2086 ceciderint,
887 2010 977 2074 sistet
998 2010 1028 2073 in
1052 2007 1150 2089 lapsu
1187 2028 1277 2074 ruere

126 2116 222 2191 onim,
247 2134 309 2180 non
332 2114 433 2181 ruisse
456 2119 559 2195 potest
580 2112 612 2177 in
636 2112 669 2179 id
692 2113 910 2179 confirmatum
933 2132 1013 2188 esse,
1038 2133 1077 2178 uc
1100 2112 1204 2177 ruerit.

175 2218 224 2283 19.
250 2218 311 2283 Sed
336 2224 367 2283 et
390 2219 551 2302 eriguntur
584 2216 671 2283 allisi.
717 2215 820 2283 differt
842 2222 946 2282 autem
979 2218 1009 2282 ui
1032 2217 1182 2282 exteriore
1204 2236 1276 2281 con·

125 2323 183 2389 lidi
208 2328 239 2388 ot
262 2323 360 2387 ruisse
384 2341 438 2388 auo
461 2342 544 2388 casu.
589 2321 723 2386 alliditur
745 2341 881 2405 namque
896 2320 956 2399 ille,
980 2340 1072 2405 quem
1090 2340 1146 2403 per
1161 2320 1276 2386 diaboli

125 2427 310 2492 instinctum
345 2425 450 2493 calens
479 2410 555 2491 atae
585 2426 790 2508 pracipileuit
810 2426 843 2489 in
866 2445 983 2501 casum,
1006 2444 1100 2509 quem
1122 2424 1276 2509 ignoratio
1304 2452 1329 2489 ao

127 2529 266 2611 conpulit
287 2530 319 2594 iu
343 2550 488 2609 errorem,
524 2551 617 2614 quem
652 2528 854 2594 fraudulentis
886 2549 944 2594 nea
978 2528 1136 2594 blanditiis
1159 2533 1276 2619 natura

128 2634 297 2700 infirmitas
321 2634 386 2719 egit
408 2635 440 2699 iu
463 2636 591 2700 crimen.
636 2634 686 2699 hia
720 2634 820 2714 potius
854 2632 986 2706 eliditur,
1017 2653 1110 2717 quam
1132 2633 1193 2711 illc,
1224 2632 1277 2716 qui

126 2739 288 2804 uoluntate
312 2740 528 2819 permanserit,
563 2758 655 2822 quem
680 2737 732 2802 hic
754 2737 898 2802 uitiorum
921 2756 997 2803 usus
1019 2737 1160 2815 oblectet,
1183 2750 1277 2821 quem

128 2864 191 2907 non
215 2842 361 2923 paeniteat
383 2842 521 2907 admissi.
568 2842 663 2907 habet
678 2842 761 2907 onim
784 2843 884 2907 uoniae
908 2842 990 2923 apud
1013 2842 1105 2907 deum
1128 2840 1277 2907 solacium

127 2946 308 3029 poenituisse
331 2947 370 3011 de
392 2948 498 3031 gestis,
533 2966 590 3012 nec
623 2952 869 3027 temperamento
903 2946 1078 3011 seueritatis
1112 2945 1276 3030 iudignum
1304 2972 1330 3009 a

127 3060 186 3128 est,
210 3052 292 3133 quod
324 3069 379 3134 par
409 3050 538 3115 admissi
569 3049 706 3115 dolorem
738 3050 894 3115 adfectum
923 3051 967 3115 ita
997 3048 1156 3131 profitetur
1179 3050 1276 3114 inniti.

173 3154 224 3219 20.
248 3154 290 3219 Et
312 3174 366 3219 cur
388 3155 535 3220 cadentes
559 3152 712 3219 suffulciat
735 3164 765 3219 at
788 3154 893 3219 allisos
917 3155 1062 3237 corrigat
1085 3173 1276 3236 consequen·

129 3259 213 3323 tibus
237 3260 328 3324 docet
350 3258 472 3324 diceus:
507 3258 615 3323 oculi
638 3258 812 3323 omnium
835 3258 875 3323 in
898 3265 936 3323 te
965 3262 1143 3338 sperant,
1178 3263 1215 3321 at
1238 3262 1277 3321 tu

127 3366 200 3429 das
230 3382 364 3427 oscam
399 3361 564 3427 illorum
598 3361 636 3426 iu
670 3368 855 3441 ternpore
885 3366 1091 3441 oportuno.
1136 3361 1275 3441 aperis

127 3475 350 3531 temanum
375 3472 480 3531 tuam
506 3463 1275 3546 etiuplesomnemauimambenedic·
1302 3493 1329 3531 eo

126 3571 249 3635 tione.
296 3570 366 3634 totis
401 3570 506 3651 itaque
537 3570 567 3633 iu
599 3569 692 3634 doum
723 3568 803 3633 allisi
827 3579 859 3634 et
880 3568 1028 3633 cadentes
1051 3566 1146 3633 oculis
1168 3586 1275 3647 aspec-

127 3682 210 3752 tant;
234 3694 336 3757 neque
360 3674 528 3757 quisquam
551 3676 594 3739 ita
617 3674 655 3738 da
671 3692 706 3738 aa
722 3672 866 3749 confidat,
888 3667 923 3737 ut
938 3692 999 3735 uon
1016 3691 1141 3751 semper
1156 3672 1276 3749 cadere,

170 3813 259 3867 Siata
277 3814 304 3866 R
322 3814 363 3867 ita
382 3814 410 3866 Ε
463 3817 493 3867 11
515 3813 632 3882 corrigit
653 3814 677 3865 R
702 3813 737 3881 cs.
765 3814 887 3866 Sobatier
905 3813 922 3865 1.
940 3830 961 3864 c.
980 3810 1064 3881 erigit
1081 3811 1110 3863 Ε
1161 3814 1195 3865 16
1211 3828 1277 3879 pae-

54 3912 58 3920 '
128 3900 205 3954 nitus
223 3900 249 3953 R
302 3900 455 3954 occiderint
469 3900 509 3953 Rd
528 3899 692 3954 ceciderite
744 3900 825 3953 sistet
843 3899 872 3952 in
891 3899 970 3968 lapsu
988 3898 1014 3951 R
1032 3898 1056 3951 ei
1073 3902 1130 3951 etet
1148 3896 1276 3961 (eistetb)

127 3988 157 4041 in
186 3988 265 4055 lapsu
293 3986 417 4041 suffulcit
445 3988 472 4039 E
522 3989 555 4040 21
575 3982 779 4043 fraudatori-‘tis
809 3984 860 4050 (cic
886 4002 954 4039 corr.
981 4003 1015 4038 m.
1036 3984 1064 4050 1)
1084 3987 1109 4037 R
1160 3986 1195 4038 23
1213 4002 1276 4053 per-

127 4070 558 4139 ruan-=-·-:eerit(erue.eu?)R
604 4075 637 4125 27
657 4073 746 4140 qurR
799 4075 834 4126 28
852 4071 1279 4141 sperantReperautdomineE

129 4164 164 4215 29
183 4176 275 4215 escam
293 4180 323 4213 ea
341 4177 434 4214 secam
452 4178 484 4214 m.
505 4160 521 4213 1
540 4161 566 4213 R
619 4164 756 4229 oportuno
775 4160 821 4212 Ra
838 4164 996 4227 opportuno
1014 4178 1027 4209 e
1079 4160 1112 4212 81
1132 4164 1276 4227 aspectant

130 4248 176 4300 Ra
196 4252 339 4315 aspectent
357 4248 449 4315 esort·
468 4256 535 4301 recte
552 4245 597 4313 (nn
616 4245 781 4314 aspicienti)
