3075 4967
282 278 343 342 740
620 279 737 332 sancti
762 279 898 332 Hilarii
923 278 1086 347 episcopi

281 475 400 534 tautum
424 471 510 553 genti
541 469 591 534 dei
624 489 738 533 nomen
762 475 810 534 est
831 469 1006 552 cognitum:
1040 488 1134 550 super
1166 470 1270 533 omnia
1304 470 1430 554 magni-

281 573 404 638 ficatum
441 580 490 638 est
522 579 553 638 ct
588 573 621 636 in
645 593 752 638 omnes
787 593 821 638 se
855 573 1036 657 magnitudo
1070 573 1243 638 sanctitatis
1279 573 1430 639 extendit.

283 699 344 743 non
367 678 526 754 barbarus,
549 697 610 741 non
635 676 760 761 Scytha,
782 696 845 742 non
868 697 984 753 seruus,
1014 696 1076 742 non
1098 675 1185 755 liber,
1218 697 1282 742 non
1305 677 1430 753 mulier,

282 803 343 847 non
366 782 422 860 uir,
446 801 508 846 non
530 787 605 846 aetas
627 781 690 844 ulla
712 781 899 846 secernitur:
929 801 1023 862 super
1052 782 1156 846 omnia
1185 781 1272 845 enim
1305 781 1432 864 magni·

243 911 256 950 a
283 887 408 952 ficetum
431 887 481 951 dei
504 905 618 950 nomen
652 891 707 950 est.
754 884 872 966 templa
893 885 1040 966 conlapsa
1058 890 1136 962 sunt
1160 885 1327 950 simulacra
1342 891 1433 950 muta

173 1073 176 1078 Ι
282 997 361 1068 sunt,
384 989 563 1071 hamspices
592 989 768 1055 interuentu
802 995 979 1054 sanctorum
1014 988 1116 1069 silent,
1148 990 1313 1072 augurium
1348 989 1433 1054 fides

282 1093 375 1159 fallit:
408 1114 504 1160 unum
537 1095 588 1158 dei
621 1113 735 1159 nomen
770 1095 803 1159 in
836 1094 980 1159 omnibus
1014 1095 1160 1177 gentibus
1191 1101 1337 1159 sanctum
1371 1101 1432 1158 est.

282 1200 370 1264 adest
392 1199 475 1263 enim
499 1218 622 1278 semper
644 1198 677 1261 in
701 1213 734 1262 se
757 1199 954 1278 sperantibus
978 1199 1093 1262 sanctis
1123 1199 1186 1263 suis
1216 1206 1254 1276 et
1287 1198 1432 1264 ubicum-

282 1323 342 1387 que
364 1303 540 1367 inuocatum
564 1302 663 1380 fuerit,
686 1307 874 1385 praesentem
896 1323 988 1383 opem
1012 1302 1125 1367 tribuit

230 1446 255 1483 lo
327 1424 376 1488 11.
400 1424 457 1489 Ait
492 1424 590 1488 enim:
629 1424 668 1487 in
706 1443 957 1507 quacumque
995 1424 1059 1487 die
1096 1424 1346 1489 inuocauero
1380 1429 1431 1498 te,

283 1527 425 1593 eraudi
448 1547 514 1592 me.
559 1525 677 1591 nullum
701 1526 785 1592 diem
806 1529 905 1592 iustus
928 1527 1060 1611 quisque
1076 1529 1143 1592 sine
1165 1533 1251 1592 metu
1273 1527 1430 1611 transigit,

283 1651 383 1716 neque
421 1631 511 1696 auria
547 1650 670 1711 semper
708 1651 783 1716 erga
820 1651 855 1696 se
891 1630 972 1696 fides
1008 1632 1108 1696 securi
1148 1631 1295 1711 temporis
1329 1631 1430 1695 otium

282 1736 399 1817 recipit.
445 1735 502 1800 scit
524 1755 633 1801 omnes
666 1736 732 1801 dies
764 1736 870 1816 plenos
899 1735 1081 1800 insidiamm
1112 1735 1172 1799 sibi
1202 1753 1280 1811 esse,
1304 1733 1430 1798 diabolo

283 1848 375 1924 atque
399 1841 463 1904 eius
485 1840 606 1923 angelis
629 1840 783 1906 excidium
814 1839 873 1905 sibi
903 1858 1028 1920 semper
1055 1845 1209 1904 mouente.
1254 1839 1314 1903 scit
1344 1838 1430 1902 diem

232 1964 257 2003 a
283 1943 368 2008 illam
392 1945 507 2008 domini
533 1943 693 2020 occultam,
717 1943 915 2024 insperatam,
939 1944 1031 2008 modo
1051 1943 1195 2007 nocturni
1216 1942 1293 2006 furis
1316 1962 1430 2026 repen·

284 2049 381 2112 tinam
404 2048 548 2113 futurem.
592 2053 627 2112 nt
658 2048 753 2132 igitur
786 2068 819 2113 se
852 2048 884 2111 in
919 2067 1114 2131 quacumque
1149 2047 1199 2111 die
1233 2047 1428 2110 inuocantem
1532 2134 1533 2139 ἵ

284 2153 433 2230 exaudiat,
458 2153 646 2232 deprecatur.
690 2171 748 2216 neo
771 2151 893 2229 diffidit,
909 2152 982 2234 quid
1006 2153 1038 2215 in
1059 2171 1254 2234 quacumque
1270 2151 1320 2215 die
1334 2171 1428 2215 exau·
1532 2152 1533 2177 ¹

285 2258 366 2322 ditus
378 2256 524 2321 obtineat.
547 2255 799 2339 sequiturenim:
822 2254 1128 2335 multiplicabis
1151 2255 1271 2320 mein
1294 2255 1429 2319 anima

284 2380 367 2426 mea
389 2361 428 2424 in
451 2361 608 2426 uirtute
632 2367 705 2424 tua.
750 2380 809 2440 per
830 2359 961 2425 multam
984 2359 1101 2426 scilicet
1124 2359 1173 2424 dei
1196 2379 1301 2425 curam
1322 2359 1428 2424 multi·
1532 2378 1533 2399 ¹

232 2483 257 2520 20
285 2465 447 2546 plicabitur
469 2465 536 2546 ipse
558 2465 589 2529 in
613 2465 725 2529 animae
747 2465 871 2540 uirtute,
901 2484 940 2529 ne
963 2463 1038 2546 quid
1060 2464 1093 2527 in
1116 2484 1151 2529 se
1171 2463 1427 2536 tribulationibus,
1532 2464 1533 2497 ³

284 2589 324 2634 ne
347 2569 421 2652 quid
444 2569 612 2634 terroribus
631 2575 743 2649 pateat,
767 2568 831 2647 sed,
850 2588 921 2633 oum
937 2569 1154 2656 temptationes
1176 2569 1330 2653 ingruent
1355 2587 1425 2631 cum
1532 2598 1533 2645 1

284 2679 385 2738 metus
408 2673 531 2746 incidet,
555 2673 660 2737 omnia
682 2670 885 2753 multiplicata
908 2672 1018 2736 animae
1040 2672 1154 2736 uirtute
1177 2670 1354 2736 tolerentur.

331 2793 380 2858 12.
405 2793 445 2858 Et
478 2796 552 2878 quia
584 2799 668 2859 certa
700 2813 773 2875 spes
806 2795 866 2858 ista
900 2800 955 2870 est,
988 2800 1023 2859 ut
1055 2795 1169 2858 animae
1191 2794 1292 2858 uirtus
1313 2791 1426 2855 diuinae
1532 2778 1533 2829 ἶ

285 2898 504 2962 misericordiae
541 2897 760 2978 multiplicetur
798 2896 918 2974 auxilio,
949 2896 1086 2962 debitam
1116 2896 1155 2961 ob
1189 2897 1223 2963 id
1257 2897 1295 2961 ab
1326 2895 1427 2960 omni·
1532 2968 1533 2971 Ἴ

233 3016 259 3057 2⁶
286 3003 343 3066 bus
378 3003 435 3067 deo
466 3001 691 3067 confessionem
722 3002 838 3067 fatetur
867 3002 990 3067 dicens:
1025 3001 1309 3066 confiteantur
1340 2999 1426 3064 tibi
1532 2994 1533 3003 ’

330 3214 447 3278 lsuper
472 3211 565 3264 omnia
592 3208 680 3263 n¹PT
706 3226 790 3280 super
821 3211 914 3263 omnia
939 3203 987 3263 eni
1013 3207 1072 3263 ll’l
1098 3210 1147 3264 scd
1174 3227 1259 3279 snper
1285 3209 1375 3262 omnia
1401 3207 1430 3259 E
1532 3240 1533 3261 1

284 3297 493 3352 amansuecudo
503 3298 529 3350 P
580 3298 719 3366 Sseytall
772 3298 788 3351 ὅ
806 3301 884 3350 muta
896 3305 912 3351 s
924 3298 962 3360 (in
973 3314 1056 3366 morq.
1068 3299 1144 3350 cdd„-
1161 3301 1193 3350 ta
1211 3299 1226 3349 i
1244 3297 1388 3355 minutatur)
1402 3294 1429 3344 T

284 3389 391 3438 mutata
401 3389 466 3439 sunt
474 3385 553 3438 RPE
560 3385 595 3454 cf.
606 3402 670 3453 quoe
680 3386 733 3437 dici
741 3385 823 3437 Accd.
829 3402 859 3454 p.
869 3382 926 3436 102
972 3384 1140 3452 omuepicea
1150 3384 1203 3436 ΕΤ
1242 3393 1301 3453 post
1308 3381 1391 3434 silent
1401 3381 1428 3432 ll

285 3473 467 3540 adaequantia
486 3472 611 3524 oberans
629 3473 689 3525 add.
708 3471 838 3539 gentibus
864 3465 925 3524 aemi
949 3474 992 3524 est
1061 3471 1210 3539 augurium
1238 3471 1288 3523 PT
1311 3467 1428 3536 auguria

287 3557 369 3628 (quod
385 3568 451 3612 certe
468 3576 498 3610 ea
515 3555 633 3626 auguria
652 3568 736 3610 orrum
754 3555 803 3623 aar)
823 3557 849 3610 R
873 3559 908 3627 aff.
929 3557 1005 3610 Nem
1028 3558 1158 3611 Formcnl.
1182 3557 1206 3622 Ι,
1231 3555 1293 3622 103,
1312 3555 1427 3622 Geor-yse

292 3646 387 3714 Worts.
406 3643 445 3698 82
463 3661 599 3714 augurum
619 3646 647 3696 E
715 3646 731 3696 7
757 3645 788 3696 in
813 3644 942 3697 omnibus
965 3644 1093 3713 gentibus
1114 3645 1192 3696 Gru
1208 3645 1239 3697 in
1255 3641 1379 3696 omnibus
1398 3640 1426 3692 R

287 3735 320 3786 12
338 3731 445 3785 saecuti
464 3732 490 3783 ll
545 3733 576 3784 13
594 3730 652 3784 dies
681 3748 711 3784 ec
737 3731 801 3784 dees
827 3748 894 3785 corr.
912 3749 946 3784 m.
964 3730 981 3783 1
999 3731 1027 3784 Ρ
1077 3733 1110 3784 14
1127 3737 1213 3798 atque
1237 3730 1294 3784 eins
1315 3725 1425 3794 angelis

286 3820 385 3888 scripsi,
403 3818 493 3885 adque
512 3817 658 3885 euangelia
678 3819 702 3870 G
721 3821 804 3885 atque
822 3818 929 3886 angelis
946 3817 1006 3871 eiua
1024 3818 1102 3871 RPT
1124 3816 1185 3882 (aad
1201 3820 1230 3871 in
1247 3818 1273 3869 P
1287 3818 1354 3868 litter.
1372 3817 1423 3880 tq:

286 3907 313 3958 in
331 3923 384 3958 roa.
404 3915 426 3958 et
444 3921 494 3958 uox
512 3905 617 3973 augelis
636 3906 663 3955 in
680 3902 777 3972 uturp.)
830 3909 960 3957 mouente
971 3904 1023 3957 GR
1033 3904 1191 3958 mouentibt
1210 3905 1236 3957 Τ
1251 3898 1424 3957 mouentibus

287 3991 329 4044 Pa
347 3990 556 4044 molientibnse
609 3989 682 4043 diem
709 3990 787 4043 illam
814 3989 888 4042 diem
906 3990 932 4043 R
987 3990 1018 4042 15
1036 3990 1092 4043 duo
1121 3992 1146 4043 G
1198 3992 1375 4059 inseparatam
1396 3989 1423 4034 (ι’

287 4079 369 4132 modo
390 4079 414 4130 G
433 4077 559 4131 et'modo
578 4077 654 4130 RPT
707 4079 740 4130 17
758 4092 810 4130 nec
828 4075 931 4130 diffidit
944 4078 969 4129 G
986 4093 1039 4130 nec
1056 4075 1161 4131 diffidit
1177 4077 1310 4146 propheta
1318 4071 1427 4126 RPYE

288 4165 362 4233 quod
391 4165 416 4216 G
477 4167 564 4218 alne
591 4163 658 4232 quid
685 4162 839 4218 terroribus
866 4181 914 4216 om.
941 4164 967 4215 R
1019 4170 1115 4231 pareat
1140 4165 1169 4217 P
1217 4164 1341 4231 ingruunt
1367 4157 1425 4210 Pl*

287 4254 322 4306 22
340 4251 440 4305 incidit
455 4269 484 4305 cx
502 4251 644 4306 incidetP
693 4252 726 4304 25
746 4251 781 4304 dc
801 4251 884 4319 GPY,
902 4269 974 4322 supr.
991 4269 1039 4305 scr.
1058 4270 1090 4304 m.
1108 4250 1165 4306 312
1217 4246 1377 4305 confessione
1387 4245 1422 4298 P.
