3075 4967
440 304 619 353 tractatus
643 299 679 351 in
702 298 873 367 psalmum
894 300 916 352 l.
1202 300 1244 365 29

121 489 182 552 leat
202 488 286 573 regni
308 488 368 565 dei,
398 488 501 552 idest
530 488 564 551 in
587 488 737 568 paradiso,
768 494 800 553 et
830 490 911 553 unde
941 488 1057 554 flumen
1086 491 1191 555 exiens
1213 491 1245 555 in

120 600 245 675 quattuor
274 592 427 673 principia
460 592 614 657 diuiditur.
666 613 727 657 nou
766 593 852 657 enim
889 593 946 656 ait:
992 601 1061 674 post
1098 596 1245 659 decursus

119 718 258 781 aquarum,
281 698 353 762 sed:
388 717 506 762 secus
541 697 737 762 decursus
771 718 973 781 aquarum,
1007 700 1089 763 unde
1111 699 1245 779 primum

119 803 264 866 decursum
287 821 438 883 aquarum
462 801 630 866 diuisiones
654 802 831 866 sortiuntur.
877 801 940 867 illic
969 802 1051 866 enim
1075 801 1246 883 plantatum

120 906 168 970 hoc
188 904 300 987 lignum
325 911 382 983 est,
406 924 466 989 quo
488 904 639 970 latronem
661 904 756 982 illum,
792 926 827 971 se
850 907 1006 971 dominum
1039 907 1245 980 confitentem,
1285 936 1299 972 e

118 1010 253 1085 dominae,
286 1010 338 1093 qui
374 1010 526 1090 sapientia
560 1016 615 1087 est,
650 1009 817 1076 introducit
850 1011 973 1075 dicens:
1012 1031 1124 1076 emen
1156 1012 1246 1076 dico

119 1112 190 1185 tibi,
211 1113 330 1178 hodie
361 1133 509 1178 mecum
540 1113 623 1179 eris
648 1114 688 1177 in
718 1115 920 1195 paradiso.
966 1121 996 1179 et
1031 1116 1102 1199 quia
1125 1116 1247 1197 sapien·

117 1217 190 1295 dam,
211 1238 275 1301 quae
292 1216 435 1283 Christus
451 1224 507 1295 est,
530 1217 650 1301 lignum
666 1218 738 1282 uitae
761 1219 974 1303 cognominari
998 1219 1036 1283 de
1052 1227 1246 1285 sacramento

118 1321 212 1385 loturae
233 1324 453 1403 corporationis
485 1330 515 1386 et
537 1324 691 1403 passionis
725 1322 907 1404 prophetica
940 1325 1119 1389 auctoritato
1143 1326 1245 1389 docui·

116 1445 181 1503 mus,
214 1428 305 1491 etiam
336 1447 374 1491 ex
405 1426 573 1509 euangeliis
607 1426 828 1511 intellegentiae
861 1425 954 1492 huius
989 1435 1037 1492 est
1072 1430 1244 1510 proprietas
1274 1457 1299 1492 lo

118 1530 295 1595 adstruenda.
343 1531 486 1595 dominus
508 1549 643 1613 namque
672 1529 738 1612 ipse
762 1552 797 1596 se
819 1532 919 1596 arbori
958 1533 1144 1613 conparauit,
1175 1554 1245 1597 cum

117 1634 142 1695 in
169 1634 327 1699 Beelzebul
359 1636 511 1700 daemonia
541 1654 610 1700 sum
634 1635 730 1699 ludaei
761 1636 863 1701 eicere
894 1636 1059 1701 dixissent:
1095 1644 1161 1701 aut
1194 1638 1244 1702 la-

117 1739 323 1823 oite,inquit.,
348 1740 531 1803 arborem
554 1741 695 1804 bonam
726 1748 763 1805 et
797 1740 955 1806 fructus
989 1742 1076 1806 eius
1109 1742 1245 1819 bonos,

117 1844 315 1909 autlaoite
339 1844 522 1909 arborem
553 1843 696 1908 malem
719 1851 758 1911 et
790 1846 948 1911 fructus
982 1847 1070 1911 eius
1104 1845 1246 1924 malos;

118 1965 154 2009 er
174 1946 303 2013 fructu
326 1948 431 2013 enim
462 1949 581 2013 arbor
612 1950 885 2033 cognoscitur.
931 1952 1003 2032 quia
1034 1970 1106 2015 oum
1129 1950 1246 2015 fructus
1274 1976 1299 2011 ιο

118 2058 188 2115 esset
208 2054 340 2133 optimus
364 2054 515 2117 demonio
546 2052 656 2129 eicere,
700 2053 863 2119 Beelzebul
898 2073 977 2131 eum,
1013 2054 1099 2118 cuius
1129 2054 1247 2119 fructus

117 2156 229 2233 pessimi
262 2163 341 2234 sunt
375 2176 445 2222 esse
479 2156 633 2223 dicebant.
679 2156 771 2223 huius
817 2177 939 2241 quoque
975 2157 1056 2223 beati
1085 2158 1163 2242 ligni
1187 2180 1248 2222 non

117 2258 286 2343 dedignatus
310 2270 359 2325 est
375 2262 412 2324 'in
436 2281 470 2325 se
493 2263 603 2326 docere
625 2262 780 2339 uirtutem,
814 2282 885 2327 cum
908 2282 1045 2347 pergens
1067 2264 1108 2327 ad
1124 2282 1247 2327 crucem

118 2362 164 2426 ait:
193 2365 282 2447 quia
305 2366 338 2429 si
362 2366 400 2429 in
425 2364 587 2429 humido
610 2365 723 2449 ligno
756 2366 840 2431 hac
871 2366 1039 2440 faciunt,
1070 2367 1108 2431 in
1132 2368 1247 2432 arido

118 2468 200 2547 qnid
223 2466 320 2533 siet?
355 2478 413 2549 psr'
435 2470 551 2534 humidi
575 2470 652 2554 ligni
678 2471 852 2551 exemplum
883 2470 960 2534 nihil
990 2471 1022 2534 in
1054 2490 1087 2536 se
1110 2472 1247 2536 ariditati
1274 2494 1301 2532 ro

118 2574 211 2635 mortis
233 2572 395 2637 obnoxium
419 2592 488 2638 esse
512 2574 703 2658 significans.

155 2674 198 2738 15.
221 2676 300 2741 Huic
322 2678 427 2759 itaque
450 2676 534 2761 ligno
559 2677 667 2742 beatus
690 2676 742 2743 ille
764 2679 814 2742 uir
835 2678 946 2743 similis
962 2678 1024 2757 fiet,
1048 2699 1126 2758 cum,
1150 2687 1248 2744 trans·

118 2775 160 2841 lati
181 2777 302 2845 latronis
325 2780 357 2844 in
381 2782 558 2861 paradisum
584 2784 684 2860 modo,
715 2783 885 2848 secundum
920 2784 1069 2848 decursus
1099 2803 1247 2867 aquamm

117 2882 223 2963 etipse
247 2883 412 2965 plantetur:
446 2892 477 2950 et
500 2885 555 2951 fiet
577 2886 668 2951 beata
691 2886 742 2951 illa
765 2894 798 2952 et
820 2908 880 2951 non
911 2888 1098 2952 eradicanda
1128 2886 1248 2952 nouella
1360 2974 1363 2981 Ι

117 2984 258 3065 plantatio,
280 3009 372 3073 quam
395 2990 427 3053 in
451 2990 621 3073 euangeliis
642 2992 783 3056 dominus
807 2990 971 3075 significat,
995 3012 1066 3056 oum
1090 2991 1130 3056 de
1147 2990 1247 3055 aliena
1275 3017 1301 3054 aa

117 3086 288 3168 plantatione
322 3094 527 3177 conqueritur,
552 3095 675 3159 dicens:
721 3096 848 3160 omnis
881 3095 1097 3177 plantatio,
1132 3116 1246 3179 quam

118 3211 183 3257 non
217 3196 420 3277 plantauit
449 3203 565 3279 pater
596 3218 714 3277 meus,
745 3199 1039 3265 eradicabitur.
1085 3199 1143 3264 boc
1173 3220 1248 3283 ergo

154 3302 169 3353 6
201 3300 264 3356 Luc.
299 3303 400 3369 XXIII,
436 3306 478 3357 43.
526 3306 558 3358 12
594 3304 694 3357 Matth.
730 3305 791 3371 XII,
827 3306 869 3359 33.
916 3308 949 3359 19
984 3306 1052 3359 Luc.
1088 3305 1188 3370 XXIII,
1207 3308 1247 3358 31.

201 3389 234 3441 26
251 3388 348 3443 Matth.
367 3390 425 3458 XV,
448 3393 486 3445 13.

156 3491 171 3543 a
194 3492 240 3545 sed
263 3522 296 3530 -
323 3511 459 3561 equorum
485 3497 545 3547 odd.
571 3513 604 3548 m.
624 3494 644 3547 2
668 3496 693 3548 V
748 3494 827 3549 iuxta
853 3496 988 3550 decursus
1013 3516 1027 3547 c
1097 3497 1113 3550 ὅ
1140 3496 1249 3550 latrone

121 3572 142 3637 (i
158 3578 182 3629 in
198 3578 257 3645 ras.)
275 3582 300 3633 R
359 3582 576 3636 6introduxita
632 3584 739 3650 8quae
766 3601 796 3635 ec
821 3583 869 3651 qui
886 3584 912 3635 R
940 3584 988 3651 qui
1011 3583 1046 3636 Va
1073 3601 1132 3651 qa
1184 3599 1249 3651 eog-

120 3663 243 3717 nominari
266 3686 295 3721 ea
322 3668 529 3736 cognominari
555 3688 588 3721 m.
619 3670 634 3720 1
668 3670 691 3722 V
760 3672 794 3723 10
816 3686 852 3723 ex
875 3669 1048 3738 euuangeliis
1071 3672 1097 3722 R
1166 3670 1248 3724 intel-

120 3747 243 3816 legentiae
259 3753 337 3808 istius
357 3756 441 3808 ostV
493 3758 522 3809 11
544 3760 725 3824 conparatum
749 3756 775 3809 V
842 3759 875 3810 12
892 3757 1047 3811 Beelzebub
1072 3758 1100 3809 E
1157 3759 1190 3811 13
1208 3758 1250 3810 in·

121 3836 173 3901 quit
197 3857 225 3891 er
250 3840 345 3909 inquid
363 3843 389 3895 R
460 3840 492 3896 16
510 3842 707 3897 BeelzebubE
759 3842 886 3896 0.-.fiic
958 3847 989 3898 17
1008 3861 1064 3897 non
1083 3844 1249 3911 dedignatus

121 3928 383 3994 estnonparationcm
402 3944 466 3982 cum
484 3946 603 3997 pergens
638 3930 674 3983 Vr
732 3933 764 3983 19
783 3931 812 3983 in
830 3931 925 3985 umido
949 3931 974 3984 V
1023 3934 1058 3984 20
1076 3930 1201 3985 ariditati
1220 3950 1250 3983 ea

122 4008 210 4063 aridati
227 4014 295 4067 aa?
328 4015 352 4068 V
401 4017 434 4068 21
463 4014 648 4085 significandi
674 4018 697 4070 V
747 4020 782 4071 22
806 4016 855 4070 fiet
878 4018 979 4072 similis
995 4018 1020 4070 V
1069 4019 1104 4070 23
1120 4017 1148 4071 in
1168 4035 1249 4086 para·

123 4112 209 4179 dymin
235 4118 308 4171 Rin
332 4120 455 4187 paradisi
485 4120 510 4173 V
583 4122 618 4174 24
632 4086 797 4175 ⁰radicanda
821 4123 846 4174 n
916 4123 950 4175 25
974 4122 1003 4174 in
1028 4122 1200 4191 euuangeliis
1225 4122 1251 4173 Il

124 4198 201 4253 aliena
217 4207 326 4273 sepliri.
345 4226 378 4259 m.
398 4208 417 4257 2
437 4207 459 4259 V
509 4209 545 4260 26
564 4208 762 4275 conquaeritur
785 4209 831 4261 Va
865 4211 899 4262 27
915 4213 995 4277 pater
1006 4226 1084 4262 meus
1103 4208 1250 4263 caelestiae

125 4300 181 4353 ergo
197 4308 249 4359 sap.
268 4294 309 4345 lin.
330 4312 362 4345 m.
382 4296 401 4345 'J
425 4293 538 4347 Vonim
556 4296 589 4347 R.
