3075 4967
254 276 294 338 46
593 274 707 325 saneti
732 273 866 325 Hilarii
892 274 1054 342 episcopi

253 462 451 544 sepulchrum
475 464 721 547 obsignauerent.
767 464 916 527 inridetur
939 465 1090 544 impietas,
1122 464 1195 528 dum
1219 465 1258 527 ad
1282 463 1411 527 inlicita

253 570 365 645 nititun
390 569 462 632 dnm
486 568 666 632 inconcessa
690 568 813 647 expetit,
837 568 911 631 dum
935 570 1018 650 qued
1041 569 1210 632 obtinuisse
1234 588 1268 631 se
1293 576 1411 647 sperat

252 674 372 749 amittit,
396 672 470 736 dum
494 671 585 735 deum
610 693 688 749 esse,
713 692 806 753 quem
832 678 992 754 tamquam
1017 670 1176 735 hominem
1200 671 1409 749 condemnat,

253 778 403 860 agnoscit.

214 942 226 975 e
300 916 345 979 13.
370 914 416 979 Ob
441 915 522 997 quod
546 921 746 995 conpetenter
769 913 828 977 hoc
852 915 1004 997 sequitur:
1033 921 1113 978 tum
1139 913 1330 997 loquetur
1358 917 1412 978 ad

253 1040 319 1083 eos
343 1020 380 1082 in
405 1020 463 1082 ira
487 1040 554 1083 sna
589 1024 626 1083 et
649 1019 687 1081 in
711 1019 1000 1101 indignatione
1031 1037 1101 1081 sua
1131 1018 1412 1082 conturbabit

253 1143 328 1187 eos.
374 1131 480 1203 postea
510 1124 594 1187 enim
624 1143 717 1205 qnam
749 1130 932 1205 resurgente
956 1145 973 1185 a
997 1123 1125 1185 mortuis
1150 1123 1216 1192 deo,
1247 1122 1277 1185 in
1304 1142 1412 1204 quem

254 1248 335 1291 mors
351 1248 408 1307 per
423 1229 559 1307 speciem
576 1228 719 1307 corperis,
744 1227 827 1309 quod
850 1226 1030 1305 adsumpsit,
1054 1226 1214 1303 inciderat,
1238 1227 1412 1289 temeritas

253 1330 446 1395 infructuosa·
470 1332 636 1411 impietatis
659 1332 753 1394 inrisa
777 1337 834 1406 est,
858 1331 934 1394 deus
958 1331 997 1393 ad
1029 1350 1090 1403 eos
1121 1350 1197 1411 qnos
1228 1329 1412 1393 subsanna-

253 1442 348 1510 nerat,
373 1434 505 1517 loquitur
528 1454 641 1517 eosque
665 1436 695 1498 iu
714 1434 933 1517 'indignatione
952 1433 1122 1498 conturbat.
1157 1435 1413 1515 nonnusquam,

253 1538 306 1619 qni
335 1539 393 1603 iste
424 1540 476 1603 ine
508 1558 610 1603 sermo
634 1544 664 1601 ot
695 1558 763 1621 qutn
795 1538 862 1601 baee
893 1538 1114 1621 indignationis
1139 1538 1328 1617 perturbatio
1358 1539 1414 1613 sit,

252 1642 454 1723 (tetendimus,
478 1642 638 1707 admoneri
661 1642 803 1725 legentes
827 1650 919 1724 atque
943 1642 1103 1705 audientes
1127 1647 1254 1722 oportet,
1283 1628 1322 1704 ne
1350 1640 1414 1705 ali-

253 1766 329 1827 quas
364 1747 589 1811 demutationes
624 1747 802 1826 passionum
837 1746 1145 1826 perturbationesque
1180 1752 1317 1808 motuum
1355 1766 1414 1809 ca·

253 1850 326 1913 dere
349 1852 379 1913 in
405 1852 497 1915 deum
522 1851 656 1913 credant.
702 1848 780 1913 nibil
811 1850 949 1913 enimin
979 1853 1128 1913 aternam
1159 1848 1242 1911 illam
1275 1855 1307 1911 ot
1332 1870 1415 1928 per·

253 1953 367 2017 loetum
398 1964 538 2018 naturam
570 1974 684 2017 nouum
707 1955 830 2017 incidit:
866 1973 967 2036 neque
991 1952 1044 2034 qui
1074 1953 1115 2015 ita
1146 1958 1202 2027 est,
1232 1958 1265 2014 nt
1288 1952 1413 2034 qualisr,

253 2068 308 2133 est,
334 2058 402 2122 talis
437 2066 466 2122 et
502 2079 627 2139 semper
661 2060 707 2134 sit,
742 2078 781 2121 ne
816 2056 979 2140 aliquande
1013 2076 1073 2119 non
1110 2057 1192 2119 idem
1216 2056 1263 2133 sit,
1298 2063 1413 2136 potest

253 2160 335 2226 effici
372 2162 488 2246 aliquid
526 2162 606 2227 aliud
639 2184 716 2239 esse,
758 2182 851 2245 quam
891 2181 1016 2241 semper
1049 2167 1105 2225 est.
1151 2168 1281 2224 terrena
1318 2161 1414 2226 istud

252 2266 504 2350 imperfecteque
542 2288 643 2331 census
681 2266 798 2331 habent
835 2268 969 2349 generis
1001 2274 1035 2330 ut
1080 2263 1284 2330 denrutabilcs
1324 2264 1416 2331 fiant

252 2371 452 2435 conuersione
486 2377 611 2449 nature,
646 2391 716 2433 eum
751 2370 889 2435 letitiam
921 2390 1041 2447 menror,
1076 2368 1315 2449 placabilitatem
1351 2370 1414 2436 ira.

253 2472 490 2538 beniuolentiam
535 2472 661 2551 offensa,
705 2474 969 2557 {equanimitatem
1015 2474 1146 2550 inuidia,
1199 2473 1413 2538 securitatem

252 2576 423 2643 sollicitudo
446 2580 619 2659 perturbet:
644 2598 813 2661 sumusque
837 2599 893 2657 per
916 2576 984 2641 haec
1007 2577 1090 2641 aliud
1114 2575 1287 2659 aliquande,
1305 2598 1414 2659 qnam

253 2682 374 2759 suimus,
410 2702 480 2745 eum
505 2702 583 2758 eam,
616 2703 683 2765 quae
715 2702 853 2763 presens
879 2683 926 2756 sit,
950 2682 1066 2745 ruentis
1096 2681 1303 2745 adlectionem
1329 2683 1416 2747 sub·

252 2805 364 2865 repens
388 2806 443 2867 per
466 2787 702 2851 inconstantiam
725 2772 1002 2868 infirmitatemque
1026 2795 1163 2849 nestram
1188 2791 1288 2849 motus
1305 2786 1415 2867 adpe-

253 2890 366 2955 titionis
397 2889 521 2954 alterius
552 2892 702 2975 inquietet
733 2897 764 2954 et
795 2911 831 2954 er
862 2911 906 2966 eo,
930 2890 1014 2973 quod
1044 2890 1167 2961 fuimus,
1190 2890 1221 2953 in
1253 2889 1293 2964 id,
1318 2894 1416 2973 quod

201 3026 205 3041 ·
252 3012 367 3071 sumus,
391 2996 551 3059 conuersio
581 3016 637 3060 nos
668 2995 830 3075 repentine
861 2995 1010 3059 demutet.
1057 2995 1133 3057 deus
1164 3000 1266 3057 autem
1292 2995 1415 3061 beatus

252 3104 344 3180 atque
368 3100 523 3179 perlectus
547 3100 685 3179 prosectu
708 3118 769 3163 non
793 3105 874 3182 eget,
898 3099 947 3163 cui
966 3097 1045 3161 nihil
1062 3098 1166 3162 deest:
1190 3098 1415 3165 demutatione

252 3222 311 3265 non
335 3223 431 3267 nonus
455 3205 580 3286 estqui
603 3204 722 3286 origine
746 3209 838 3268 earet.
883 3201 955 3269 lese
975 3228 1040 3276 uss,
1064 3202 1126 3285 qui,
1151 3202 1233 3285 quod
1256 3208 1312 3276 est,
1340 3222 1411 3268 non

252 3305 375 3371 aliunde
398 3314 460 3371 est:
484 3308 513 3371 in
539 3328 608 3372 sese
632 3314 688 3383 est,
712 3326 820 3372 seeum
843 3314 899 3384 est,
923 3326 940 3370 a
964 3328 998 3371 se
1022 3312 1077 3383 est,
1106 3326 1179 3371 suus
1202 3304 1262 3369 sibi
1285 3312 1336 3370 est
1378 3317 1415 3373 et

297 3534 524 3602 lsaepulebrum
548 3534 571 3585 l'
622 3536 685 3586 2θθ
703 3552 760 3603 sup.
779 3535 824 3586 lia.
842 3552 859 3585 a
878 3532 950 3586 na?
974 3534 998 3586 V
1048 3536 1160 3588 etune
1179 3534 1207 3584 E
1261 3532 1364 3599 loqtur
1387 3534 1414 3585 13

251 3618 498 3673 6insec.l.em.V
548 3620 953 3674 conturbabiterconturbcnit
968 3618 1015 3673 l'R
1069 3621 1138 3672 'lex
1147 3617 1264 3671 mortuis
1280 3618 1304 3670 l'
1361 3622 1414 3675 dei

252 3704 338 3758 filios
392 3706 547 3759 Sadsuurit
568 3706 591 3761 V
643 3708 676 3761 10
703 3706 731 3759 in
759 3724 808 3759 em.
832 3707 855 3759 V
906 3709 936 3759 ll
958 3700 1118 3774 qni(slc)R
1139 3704 1232 3773 quise
1285 3699 1363 3771 qur'ie
1386 3708 1415 3757 R

254 3792 285 3843 12
320 3792 497 3846 ostendamus
533 3794 561 3844 E
620 3794 709 3861 adque
752 3791 800 3845 VR
866 3796 899 3847 14
934 3793 963 3845 in
994 3794 1060 3873 doru
1101 3793 1126 3846 V
1178 3792 1253 3846 enirn
1289 3810 1342 3843 em.
1386 3794 1415 3845 R

253 3897 284 3948 16
303 3865 363 3949 tslis
381 3914 448 3949 corr.
461 3914 493 3949 m.
510 3896 566 3949 IV
615 3900 650 3951 20
667 3897 917 3952 θθθθθοῖθηῖίθιιιε
970 3896 1216 3964 aequanimitatem
1243 3913 1273 3948 ex
1300 3912 1415 3964 ceque-

251 3982 406 4036 minitutem
433 4000 465 4035 m.
493 3984 512 4034 2
536 3983 560 4036 V
609 3990 637 4037 et
662 3986 840 4038 securitatem
861 3985 888 4036 E
938 3986 973 4036 22
991 4000 1056 4037 enm
1074 4000 1107 4036 ee
1131 3983 1155 4037 l'
1213 3985 1248 4035 24
1266 3984 1413 4050 inquiet&

251 4068 319 4131 (etde
345 4070 372 4121 ia
399 4086 450 4122 ras.
478 4088 510 4121 m.
538 4068 571 4136 3)
599 4069 624 4120 R
693 4073 728 4127 26
755 4071 844 4139 adque
870 4070 916 4123 VR
987 4072 1020 4123 27
1039 4069 1112 4124 carde
1130 4068 1166 4137 (p
1184 4071 1279 4121 diuers.
1299 4069 1362 4138 nq.)
1386 4072 1414 4121 R

252 4174 299 4241 qu
326 4192 357 4227 a
383 4174 449 4242 qun
478 4193 510 4227 m.
538 4174 606 4228 211
655 4177 689 4228 re
717 4175 745 4229 n
774 4190 834 4228 eae
860 4174 951 4227 eeu
1002 4190 1066 4227 eum
1093 4180 1135 4227 eo
1155 4172 1199 4223 na
1242 4146 1285 4225 ’θ
1314 4179 1361 4227 ea
1389 4177 1416 4229 r

252 4259 333 4313 adse
353 4260 460 4314 estlte.
