3075 4967
259 262 323 333 802
608 272 725 325 sancti
744 272 881 324 Hilarii
900 272 1065 340 episcopi

259 469 362 527 tamen
386 461 561 545 incognitus
583 466 666 537 erot;
697 474 800 545 nequo
823 460 923 525 solum
947 462 987 525 ad
1010 461 1170 527 dexteram
1195 464 1407 534 contuebatur,

259 567 314 630 sed
348 567 441 631 edam
476 567 515 630 ad
549 565 706 630 sinistram
741 566 770 630 ei
804 570 987 646 conspectus
1022 565 1158 646 patebat.
1201 565 1405 631 illudentem

258 671 413 753 quomodo
435 688 576 749 porsonae
600 669 665 734 eius
696 669 867 749 aptabitur:
898 669 1008 750 perit
1037 668 1137 753 iuga
1158 691 1177 733 a
1199 690 1267 747 me,
1291 670 1406 736 dehinc

258 773 349 839 iliud:
374 772 672 856 etnoneet,qui
697 772 884 856 requirat
906 773 1081 837 animam
1098 792 1233 850 meam,
1249 782 1405 855 postremo

219 898 232 935 a
259 876 352 942 etiarn
375 875 459 954 illud
484 896 544 959 quo
566 876 705 957 psalmus
728 875 935 943 concluditur:
970 896 1029 942 me
1052 884 1273 958 expectant
1294 879 1406 955 iusti,

259 982 384 1047 donec
413 981 624 1046 retribuas
656 979 780 1045 mihi?
825 980 979 1045 contraria
1007 981 1066 1046 eibi
1100 981 1160 1047 ista
1181 987 1253 1047 sunt
1274 1004 1313 1047 cx
1335 1002 1404 1063 por·

258 1105 335 1150 sona
358 1084 494 1150 hominis
516 1084 681 1149 intellecta
725 1085 750 1149 si
783 1085 868 1149 enim
899 1093 969 1151 sunt
999 1085 1072 1150 iusti
1095 1092 1305 1167 expectantes,
1329 1106 1404 1170 quo

257 1190 349 1253 modo
371 1209 465 1254 nemo
489 1186 673 1273 cognoscit?
697 1189 853 1273 quomodo
876 1192 967 1254 neruo
990 1188 1130 1253 animam
1153 1189 1306 1273 requirit?
1349 1211 1405 1271 per

257 1292 289 1357 id
313 1292 395 1357 enirn
419 1313 511 1359 nemo
535 1293 672 1357 animani
703 1293 835 1376 requirit
856 1299 888 1358 et
920 1311 1013 1357 nemo
1046 1292 1213 1376 cognoscit
1248 1292 1323 1376 quia
1354 1314 1403 1359 xe·

206 1420 230 1456 10
257 1397 407 1478 spiciente
430 1416 467 1461 eo
491 1418 509 1461 a
532 1397 647 1462 dextris
670 1416 763 1462 nemo
786 1396 885 1462 iustus
909 1402 956 1462 est
977 1396 1073 1461 nisus.

300 1502 329 1565 4.
354 1501 417 1565 Sed
439 1500 507 1566 haec
530 1500 634 1566 omnia
657 1500 688 1564 in
712 1500 838 1566 domino
862 1506 1002 1581 tempore
1017 1500 1170 1581 passionis
1188 1499 1308 1581 inpleta
1322 1508 1402 1579 sunt,

257 1625 328 1669 curn
352 1610 476 1670 aunum
499 1625 570 1670 curn
594 1606 634 1670 ad
658 1624 784 1670 crucem
806 1624 912 1669 eornm
936 1623 1029 1669 nemo
1052 1604 1214 1669 comitatus
1237 1610 1295 1682 ost,
1325 1624 1403 1688 quos

257 1709 296 1773 ad
318 1708 544 1790 possessionem
569 1708 658 1792 regni
682 1708 815 1773 calescis
850 1710 1023 1774 secundum
1041 1707 1268 1793 'euangelicam
1300 1708 1403 1790 dispo

257 1813 401 1878 sitionem
431 1818 589 1893 separatos
612 1832 630 1877 a
653 1812 780 1877 sinistra
811 1814 927 1877 dextrae
957 1812 1161 1893 praeparabat
1191 1813 1231 1878 ob
1260 1831 1342 1895 quos
1371 1819 1402 1879 st

206 1938 230 1975 n
258 1916 351 1982 homo
375 1924 441 1982 erat
463 1922 567 1981 natus:
603 1935 675 1981 cum
709 1917 740 1980 In
776 1921 821 1981 tot.
854 1916 1009 1999 tantisque
1043 1916 1144 1981 crucis
1173 1916 1272 1997 ipsius
1302 1917 1403 1995 signis

257 2021 350 2085 deum
374 2040 466 2085 nemo
490 2021 642 2103 cognouit,
672 2040 744 2086 cunr
768 2020 947 2103 frequenter
969 2027 1062 2086 antee
1084 2019 1187 2085 latens
1208 2040 1243 2085 se
1266 2020 1325 2098 his,
1348 2022 1401 2103 qui

257 2144 328 2189 enm
362 2125 552 2208 quaerebant,
587 2130 618 2189 st
651 2124 786 2203 prodidit
820 2130 852 2187 et
884 2123 1025 2207 ingessit.
1070 2129 1103 2189 et
1123 2126 1186 2204 pcr'
1213 2122 1401 2189 oblationem

257 2236 433 2309 spontaneae
455 2227 621 2293 uoluntatis
652 2227 727 2312 fuga
750 2228 790 2291 ab
814 2247 851 2292 eo
884 2227 982 2307 periit,
1016 2247 1087 2293 com
1121 2226 1225 2292 nullus
1254 2228 1402 2293 uutntem

256 2331 327 2397 uite
362 2332 435 2411 eius,
466 2352 535 2415 quae
565 2332 596 2395 in
621 2332 724 2395 anima
758 2330 961 2415 significatur,
991 2330 1127 2415 inquirit.
1172 2350 1283 2411 corpus
1306 2332 1407 2397 enim.

205 2456 229 2493 20
257 2437 339 2519 quod
363 2436 446 2502 cruci
479 2435 660 2515 adfixerant,
693 2442 873 2500 coementes
906 2441 1090 2515 potestatem
1124 2435 1246 2514 animoa,
1277 2456 1345 2519 quar
1368 2457 1404 2502 sc

257 2540 355 2625 signis
379 2546 408 2605 et
431 2540 521 2605 saetis
546 2542 637 2605 deurn
662 2540 855 2620 probauerat,
880 2559 970 2604 nemo
994 2540 1162 2623 quaerebat

301 2646 327 2709 d.
352 2644 420 2709 Iam
443 2643 503 2721 illa
520 2663 589 2727 quea
609 2650 765 2719 secuntur,
789 2642 861 2709 licet
874 2642 1051 2708 communia
1066 2644 1231 2709 uideantur
1246 2664 1315 2709 esse
1329 2664 1400 2709 oum

256 2747 376 2823 ceteris,
400 2760 506 2813 tamen
529 2748 624 2813 etiarn
655 2768 711 2828 per
740 2768 812 2812 curn
843 2752 982 2827 tempore
1012 2747 1166 2827 passionis
1190 2747 1295 2812 omnia
1317 2748 1400 2814 dicte

255 2858 406 2935 gestaque
430 2858 509 2917 sunt.
555 2850 730 2916 clamaui
754 2853 800 2915 ad
825 2861 870 2927 te,
893 2850 1061 2930 domine,
1084 2857 1124 2916 st
1156 2852 1259 2916 dixi:
1289 2859 1327 2915 tu
1357 2872 1399 2917 ss

204 2974 229 3010 ss
256 2974 349 3035 spes
380 2974 470 3031 inea,
503 2956 635 3036 portio
665 2976 749 3019 mea
773 2956 811 3019 in
835 2963 945 3019 terra
977 2955 1217 3021 uiuentium.
1261 2955 1399 3021 clamans

256 3058 346 3124 dixit:
378 3065 417 3124 tu
440 3078 597 3140 cespes
621 3078 715 3137 rnea,
750 3078 821 3124 oum
846 3060 903 3123 ait:
938 3067 1062 3139 pater,
1094 3061 1330 3125 commendo
1357 3059 1397 3122 iu

255 3183 395 3229 manus
427 3169 516 3228 tuns
547 3164 738 3243 spiritum
769 3183 903 3228 meum.
942 3177 1022 3243 'pars
1045 3163 1112 3228 eins
1134 3162 1167 3226 in
1190 3169 1272 3228 terra
1293 3163 1397 3228 uiuen-

254 3268 331 3333 tium
354 3274 409 3344 est,
432 3286 503 3332 oum
528 3266 635 3331 latroni
658 3268 707 3332 dIe
731 3267 842 3331 eadem
871 3266 1036 3332 incolatum
1068 3267 1205 3347 paradisi
1240 3266 1395 3348 promittit.

297 3443 331 3497 26
351 3442 416 3497 Luc.
436 3442 536 3509 XXIII,
553 3442 597 3495 46.

380 3590 394 3619 u

299 3634 312 3687 l
332 3650 402 3702 neqe
423 3632 448 3685 G
500 3634 516 3685 3
534 3632 607 3701 perit
628 3632 653 3684 G
671 3632 756 3701 periit
775 3632 830 3685 RE
879 3632 897 3686 d
916 3632 1000 3686 etium
1017 3630 1088 3685 iilud
1108 3631 1165 3685 GE
1179 3631 1252 3686 illud
1270 3632 1351 3686 etiam
1367 3630 1394 3683 R

252 3722 270 3773 8
287 3736 368 3773 nemo
386 3719 507 3773 animm
527 3718 579 3772 GR
602 3720 722 3773 animam
741 3736 823 3773 nemo
842 3720 870 3771 E
919 3720 1000 3772 mbo
1018 3718 1117 3787 perid
1135 3718 1210 3772 enim
1228 3747 1264 3757 -
1280 3716 1393 3787 requirit

254 3808 366 3860 omisisse
384 3806 531 3859 uideturG
583 3808 600 3859 9
627 3810 755 3860 sinemo
781 3806 925 3875 cognoscit
946 3806 985 3859 Ge
1009 3810 1038 3859 st
1060 3822 1142 3859 nemo
1160 3805 1280 3860 auitnam
1297 3821 1392 3873 coguo-

253 3892 306 3947 soit
320 3894 360 3947 Ro
415 3896 448 3947 10
465 3893 621 3962 respirasse
643 3893 668 3945 G
685 3892 853 3961 respiciente
871 3911 885 3946 c
901 3890 1117 3962 perspicioiente
1136 3892 1163 3945 R
1179 3887 1389 3962 perspicienteb

254 3980 286 4032 lt
304 3979 508 4033 macondumR
562 3982 595 4035 18
613 3981 748 4033 uirtutem
767 3981 797 4031 Ε
811 3979 996 4033 ueritatemR
1046 3980 1082 4032 20
1100 3995 1156 4046 qua
1167 3994 1199 4032 ss
1215 3982 1280 4033 cona
1298 3976 1388 4031 chd.

253 4067 280 4118 in
298 4068 358 4119 oda.
411 4068 444 4121 21
465 4068 543 4135 ‘phet
562 4067 588 4119 R
640 4068 675 4121 22
692 4072 828 4135 sequntur
847 4068 873 4120 R
898 4068 933 4136 qs.
953 4067 1035 4121 Acud.
1059 4084 1087 4137 p.
1107 4064 1148 4119 23
1198 4068 1236 4120 24
1252 4065 1278 4120 ὰ
1293 4063 1347 4118 dixi
1362 4062 1389 4114 R

253 4151 350 4205 dixIE
399 4153 434 4207 25
451 4153 543 4220 portio
561 4170 760 4225 mancupem.
772 4154 798 4206 R
848 4156 886 4206 98
902 4152 1035 4207 eademR
1052 4152 1189 4207 eodemE
1239 4148 1389 4221 paradisiG

253 4238 382 4305 paradysi
401 4239 434 4292 R.
875 4278 879 4285 .
