3075 4967
394 305 573 351 tractatus
598 297 630 350 in
657 297 828 365 psalmum
853 297 946 349 cxxl.
1179 296 1241 360 513

112 490 400 555 consummationem
431 497 462 554 et
492 509 547 568 per
576 488 714 552 omnium
738 487 973 566 generationum
997 493 1120 552 estatem
1146 488 1242 552 audili-

111 595 180 660 catie
202 594 336 660 caelestis
361 593 448 658 huius
472 593 604 658 ciuitatis
628 591 778 671 explenda
809 597 865 667 est,
895 591 965 655 ideo
995 591 1142 656 aedificari
1172 611 1241 655 eam

110 699 170 764 sine
203 699 351 779 temporis
376 697 554 763 definitione
589 695 745 779 significat
778 697 899 760 dicens:
934 695 1169 759 aedificatur
1203 702 1243 758 ut

110 804 261 876 ciuitas,
315 803 448 879 donec,
487 807 519 866 ut
563 799 719 881 apostolus
757 800 807 876 ait,
852 800 982 863 intret
1026 798 1242 878 plenitudo

109 908 293 992 gentium,
318 913 349 971 et
371 912 443 971 tunc
467 907 548 989 quod
572 913 620 969 est
642 903 796 987 reliquum
820 902 939 968 Israhel
963 901 1139 968 saluabitur.
1281 925 1294 962 a

147 1009 173 1074 5.
197 1011 260 1076 Sed
283 1011 355 1094 quia
376 1029 470 1073 unum
496 1007 634 1073 ecolesiae
651 1027 762 1088 corpus
778 1014 833 1084 est,
851 1027 908 1070 non
926 1007 1060 1090 quadam
1080 1027 1239 1088 corporum

108 1114 280 1179 confusione
303 1114 489 1198 permixtum
513 1133 613 1196 neque
645 1112 774 1196 singulis
803 1104 834 1176 in
865 1112 1065 1177 indiscretum
1096 1131 1240 1177 aceruum

107 1225 134 1282 et
147 1219 313 1284 informem
329 1217 483 1283 cumulum
499 1217 601 1290 unitis,
625 1216 679 1282 sed
695 1237 751 1296 per
767 1217 840 1281 lidei
855 1217 1016 1290 unitatem,
1037 1235 1093 1295 per
1108 1216 1241 1280 caritatis

107 1324 290 1396 societatem,
321 1343 377 1403 per
406 1341 531 1402 operum
563 1320 792 1403 uoluntatisque
822 1321 1027 1392 concordiam,
1063 1340 1117 1398 per
1140 1339 1241 1384 sacra·

106 1427 194 1491 menti
219 1447 312 1491 unum
337 1427 368 1490 in
391 1427 533 1490 omnibus
557 1426 680 1502 donum,
696 1445 790 1489 unum
814 1443 923 1488 omnes
946 1443 1061 1501 sumus,
1092 1424 1123 1487 in
1158 1423 1240 1506 qued
1268 1447 1292 1482 ιο

107 1551 157 1594 nos
193 1529 304 1595 Paulus
343 1528 482 1594 hortatur
519 1530 643 1594 dicens:
682 1529 850 1594 obsecro
887 1549 967 1600 uos,
1006 1526 1166 1602 fratres,
1201 1535 1241 1591 ut

107 1634 276 1715 idipsum
309 1634 483 1714 sapietis
514 1653 649 1698 omnes
684 1634 854 1698 eundem
884 1633 1103 1696 caritatem
1132 1651 1240 1696 erer-

106 1753 248 1814 nenton,
283 1745 407 1804 etcum
432 1737 531 1812 fuerit,
555 1743 588 1801 ut
612 1737 759 1817 seriptum
792 1747 855 1801 est:
890 1742 977 1801 erat
1006 1744 1137 1800 autem
1168 1757 1241 1800 om-

106 1844 219 1920 nium,
243 1843 309 1926 qui
333 1842 649 1914 credebantcor
672 1847 710 1905 et
733 1841 866 1905 anime
889 1859 1014 1913 unum,
1031 1846 1103 1904 tuuc
1126 1840 1240 1904 erimus

105 1947 210 2011 ciuitas
232 1947 290 2024 dei,
314 1952 386 2011 tunc
409 1951 514 2010 sancta
537 1944 741 2021 Hierusalem,
766 1944 838 2027 quia
854 1943 1048 2008 Hierusalem
1072 1942 1241 2009 aedificatur
1268 1965 1292 2001 1⁶

105 2057 135 2114 ut
155 2052 270 2126 ciuitas,
305 2050 419 2115 cuius
454 2049 724 2130 partieipatio
760 2054 821 2113 est
851 2049 888 2111 in
918 2048 1105 2127 idipsum.
1152 2046 1239 2112 dissi·

106 2156 213 2220 dentes
242 2162 344 2220 autem
369 2175 387 2218 a
409 2159 488 2218 coetu
523 2158 699 2217 sanctorum
733 2158 764 2217 et
798 2171 832 2216 se
866 2152 905 2215 ab
940 2151 1079 2216 ecclesiae
1113 2171 1241 2231 corpore

107 2260 245 2338 peccatis,
273 2259 360 2334 fastu,
397 2257 499 2323 litibus
522 2263 700 2338 separantes
724 2256 991 2340 participationem
1014 2261 1129 2320 sanctae
1152 2256 1241 2320 istius

105 2363 211 2428 domus
234 2383 294 2427 non
319 2363 442 2440 hebent,
473 2363 545 2445 quia
568 2360 762 2443 participatio
783 2360 915 2425 ciuitatis
939 2359 1028 2424 buius
1051 2360 1082 2422 in
1105 2360 1239 2439 idipsum

106 2473 155 2531 est
202 2487 238 2532 er
261 2467 414 2532 consortio
438 2465 520 2530 enim
546 2465 689 2546 perfectae
709 2465 842 2530 ciuitatis
857 2465 1019 2528 unanimes
1035 2484 1095 2529 non
1111 2471 1240 2544 possunt
1268 2483 1292 2520 rr

105 2569 365 2654 participationem
388 2571 419 2634 in
443 2569 563 2634 diuerso
588 2569 711 2646 habere,
746 2569 801 2634 sed
832 2569 870 2632 in
901 2567 1087 2649 idipsum.
1132 2587 1240 2632 omnes

105 2674 205 2756 igitur.
224 2675 277 2758 qui
300 2693 395 2739 unum
418 2679 516 2750 erunt,
540 2673 571 2737 in
595 2693 632 2738 ea
655 2679 753 2738 erunt.
796 2679 827 2736 et
851 2673 938 2736 testis
961 2679 1008 2736 est
1023 2671 1175 2753 psalmus;
1198 2673 1241 2736 ait

105 2797 249 2862 nomque:
284 2777 374 2844 illie
408 2777 685 2842 escenderunt
720 2777 861 2853 tribus,
896 2776 1045 2840 tribus:
1079 2797 1140 2840 non
1170 2796 1239 2851 una,

106 2881 157 2946 sed
179 2883 289 2963 plures

147 2987 174 3049 6.
197 2986 259 3053 Sed
289 2985 368 3051 forte
399 2986 466 3050 sine
497 2985 675 3065 exceptione
699 2985 737 3049 ab
759 2985 913 3050 uniuersis
948 2985 1132 3050 aedificanda
1154 2985 1239 3050 uide·
1266 3001 1292 3039 2⁶

107 3089 183 3154 bitur
204 3092 322 3170 ciuitas,
353 3092 435 3174 quod
458 3090 490 3154 in
513 3090 653 3155 tribubus
676 3089 902 3172 cognominatis
933 3088 1017 3153 nulla
1046 3088 1101 3152 fiat
1130 3108 1240 3168 excep-

107 3193 154 3270 tio,
192 3195 310 3278 eritque
343 3193 463 3274 populis
497 3194 655 3258 dominum
691 3193 900 3258 nescientibus
935 3193 966 3256 in
1002 3191 1083 3257 hanc
1113 3194 1240 3257 domum

146 3315 253 3371 tuom.
273 3317 320 3384 XI,
338 3319 379 3370 25.
418 3319 448 3370 ll
469 3317 480 3369 I
500 3315 559 3369 Cor.
581 3320 603 3383 l,
625 3319 663 3370 10.
702 3318 734 3369 13
752 3317 813 3369 Aet.
832 3333 875 3384 ap.
895 3315 940 3382 IV,
959 3317 1000 3368 32.

150 3403 358 3472 lgencrationd
386 3422 415 3456 ez
441 3403 619 3470 generatione
644 3421 676 3456 m.
704 3402 763 3455 tn
801 3405 833 3460 ,4
850 3401 939 3456 donec
963 3403 1011 3454 ΤΕ
1034 3421 1083 3453 ena
1109 3401 1158 3453 PT
1210 3408 1241 3455 ut

109 3488 158 3540 ΕΡ
171 3496 198 3544 nt
216 3491 288 3544 sieut
307 3491 331 3542 T
383 3489 400 3541 8
418 3489 505 3543 unitis
523 3490 549 3543 R
566 3489 681 3542 unitatis
696 3490 721 3541 P
736 3489 863 3542 adunatis
880 3489 933 3540 ΤΕ
985 3491 1017 3540 10
1035 3488 1063 3540 in
1082 3487 1155 3556 quod
1168 3489 1193 3540 R
1211 3488 1240 3540 in

108 3591 159 3641 quo
176 3577 223 3629 PT
275 3579 306 3631 11
324 3576 422 3646 paulus
449 3577 577 3630 hortetur
595 3577 673 3630 RPT
694 3575 823 3630 hortatur
850 3576 951 3630 Paulus
972 3577 998 3626 Ε
1051 3577 1082 3628 12
1101 3574 1195 3627 eadem
1215 3575 1240 3626 n

110 3715 139 3768 ld
156 3714 181 3768 in
198 3715 317 3785 idipsum
336 3717 388 3770 ΕΤ
405 3715 434 3768 in
453 3661 569 3770 idllsum·
582 3715 607 3768 P
622 3717 651 3768 in
670 3714 732 3784 ipssa
748 3715 773 3768 V
824 3717 857 3767 18
874 3713 996 3782 peccatis
1015 3715 1087 3767 fastu
1107 3713 1201 3767 litibus
1214 3715 1239 3766 R

109 3803 220 3866 peccatis
238 3803 488 3871 praecipitantibus
508 3803 584 3854 VI'E
637 3806 669 3856 19
687 3803 791 3856 habent
808 3802 885 3853 RPT
886 3802 913 3852 E
931 3801 1073 3854 habebunt
1098 3802 1121 3854 V
1172 3801 1240 3855 ciui·

109 3888 169 3939 tatis
185 3888 262 3944 huius
282 3889 386 3943 RVPT
402 3889 483 3942 huius
503 3889 624 3943 ciuitatis
645 3891 672 3941 Ε
722 3889 751 3942 in
770 3889 861 3957 ipsum
887 3889 910 3942 l'
959 3891 993 3942 20
1012 3894 1054 3940 est
1071 3885 1243 3942 odd.m.2V

110 3975 242 4029 unanimes
269 3977 320 4029 ΕΡ
345 3976 499 4030 unianimes
520 3977 544 4028 Τ
595 3978 626 4030 21
648 3975 676 4028 in
705 3976 815 4029 diuerso
842 3976 895 4028 ΕΡ
919 3975 948 4028 in
975 3974 1115 4028 diuersum
1135 3975 1160 4026 Τ
1211 3974 1240 4026 iu

112 4057 132 4094 u

116 4109 209 4178 ipsum
227 4115 252 4166 P
302 4117 336 4168 22
354 4115 441 4183 igitur
460 4115 564 4167 RP'I'E
581 4114 700 4167 enimV
750 4131 835 4167 unum
854 4120 936 4166 erunt
955 4114 1059 4166 Rl'FE
1075 4130 1130 4166 uno
1148 4113 1239 4166 animo

113 4201 206 4253 euntV
253 4201 376 4256 attentis
389 4201 437 4254 1⁷1·
483 4203 518 4254 23
530 4199 701 4266 illicitans
713 4201 803 4266 LXX)
817 4201 947 4254 illucPT
998 4201 1062 4253 trib.
1076 4200 1139 4254 trib.
1153 4200 1202 4252 dni
1221 4201 1242 4253 l'

113 4283 144 4336 25
160 4287 213 4342 nine
231 4289 392 4357 exceptione
411 4289 487 4341 Rl'T
504 4287 564 4341 sine
584 4287 640 4341 ulla
659 4287 820 4356 exceptione
839 4289 867 4339 Ε
916 4289 951 4342 26
969 4287 998 4340 in
1016 4287 1106 4340 tribus
1127 4287 1157 4338 R.
