3075 4967
373 307 553 357 tractatus
569 303 605 356 in
623 303 793 372 psalmum
813 301 909 356 LXVI.
1148 299 1211 364 269

88 492 114 555 in
142 493 230 556 eerde
261 511 317 556 sue
351 496 516 556 contuens:
547 496 579 556 st
608 491 647 556 eb
677 491 709 556 id
740 491 854 576 dignus
889 490 997 557 audiri.
1049 491 1082 556 in
1114 489 1211 555 uitam

90 595 160 659 enim
180 596 243 661 eius
265 597 372 660 enimn
393 594 494 676 posite
516 602 564 660 est
592 595 752 679 pedesque
783 597 849 660 eius
879 614 939 659 neu
971 595 1117 660 eemmeti
1141 600 1213 659 sunt

89 707 115 763 et
134 700 162 763 in
181 698 377 784 refrigerium
400 698 544 764 inductus
567 705 615 765 est
637 705 668 764 et
690 699 817 764 domum
846 699 897 763 dei
919 699 1059 764 introibit
1081 709 1119 774 et,
1143 717 1212 782 qus>

89 803 253 868 distinxerit
274 803 374 880 labiis,
403 808 474 868 ueta
496 801 665 884 persuluuit
694 804 763 884 dee,
794 800 923 868 honeris
958 807 989 867 et
1012 801 1118 886 gloriae
1141 823 1212 867 eou-

89 905 500 972 fsssienesnbnirusdiuens:
524 907 771 972 benedictus
795 906 902 984 deus,
927 906 1090 990 quinon
1115 926 1212 970 emo·
1253 934 1265 970 s

88 1010 140 1074 nit
157 1011 480 1092 depreciationem
505 1030 624 1076 meem
648 1016 686 1076 et
709 1009 1040 1076 misericordiam
1063 1029 1213 1076 suumn

89 1133 147 1191 me
165 1113 286 1179 leudem
310 1115 362 1180 dei
384 1121 519 1195 emptum
542 1116 575 1180 in
598 1115 723 1180 exordio
745 1114 859 1195 psalmi
889 1115 920 1179 iu
949 1113 1012 1179 fine
1043 1111 1212 1184 eonlessus.

89 1217 130 1281 eui
149 1215 243 1303 glorie
264 1225 312 1283 est
334 1217 366 1282 in
389 1217 501 1283 saeeuls
522 1217 714 1284 saeeulerum.
759 1237 860 1284 nmen.

485 1345 670 1430 illitus
697 1345 805 1428 llll

255 1469 300 1534 In
322 1468 450 1534 linem
471 1469 640 1554 hymnus
662 1469 847 1552 psalmus
870 1470 1032 1536 eentiei.
1241 1497 1265 1532 ιο

125 1571 219 1638 Deus
252 1573 503 1639 misereatur
536 1574 653 1639 uobis
687 1579 726 1641 et
758 1573 1088 1640 benedicatnos:
1111 1571 1212 1638 inlu-

89 1676 198 1741 minet
217 1676 373 1742 uultum
395 1697 506 1742 suum
529 1698 652 1759 super
674 1698 744 1742 nes
768 1685 806 1743 et
829 1677 1074 1743 miserentur
1096 1677 1212 1743 nobis

90 1787 114 1842 et
133 1779 253 1864 relique.

126 1885 148 1948 l.
171 1884 308 1951 Psulrnus
330 1885 435 1952 breuis
459 1891 505 1950 est
528 1891 560 1951 st
581 1885 762 1970 euangelica
795 1887 1012 1966 predicatione
1043 1886 1210 1952 absolutus.

90 2007 151 2052 nuru
172 1996 201 2054 et
221 1990 260 2054 in
283 1989 408 2055 finem
432 1996 480 2054 est
503 1996 535 2054 et
565 1989 744 2070 psalmus
775 1991 928 2056 euntiei
959 1998 1015 2068 est,
1044 2010 1100 2072 per
1130 1990 1212 2075 qued
1240 2015 1265 2054 rs

90 2091 225 2158 eeulessie
258 2114 314 2174 per
348 2094 511 2160 scientium
544 2096 755 2180 gerendorum
785 2101 816 2160 et
847 2115 902 2176 per
925 2097 1097 2161 doctrinam
1119 2093 1212 2176 preli-

90 2195 188 2260 eientiu
222 2204 313 2282 geste
350 2205 520 2264 cantentur.
566 2206 597 2264 et
630 2199 817 2280 principium
852 2199 924 2276 siue,
955 2200 1037 2265 unde
1073 2199 1212 2280 oportuit,

91 2307 225 2380 sumptum
256 2311 313 2365 est
358 2310 406 2366 est
428 2307 532 2367 eutem
554 2303 656 2367 omnis
686 2303 716 2366 in
741 2323 777 2366 eo
801 2322 901 2368 sermo
925 2302 974 2368 uel
997 2301 1212 2384 prophetarum

92 2401 135 2465 uel
154 2404 363 2484 spestelerum
398 2425 526 2488 querum
555 2405 606 2470 elii
629 2414 792 2472 uenturum
816 2407 847 2470 in
871 2425 997 2488 serpere
1020 2407 1213 2490 unigenitum

91 2505 177 2580 deum
214 2507 262 2572 elii
304 2507 427 2574 uenisse
468 2512 645 2586 deeuemut
683 2520 788 2576 sancto
827 2511 936 2594 spiritu
973 2509 1146 2575 inluminati
1183 2517 1214 2575 et
1240 2535 1265 2572 2⁰

93 2607 193 2676 ttinere
219 2611 326 2695 gloriae
359 2611 491 2678 eaelestis
522 2613 644 2694 expleti.
689 2615 785 2679 oratio
815 2635 889 2698 ergo
920 2634 1027 2679 eorum
1049 2615 1081 2679 in
1104 2613 1214 2696 psalmi

92 2714 199 2780 exordio
221 2735 290 2781 esse
312 2717 469 2782 noscenda
491 2726 546 2784 est
1104 2795 1115 2818 x

129 2816 153 2880 2.
176 2817 547 2886 Deusmisereutur
579 2821 699 2886 uobis
734 2827 772 2887 et
806 2822 1028 2888 benedicet
1051 2842 1138 2888 nes:
1162 2822 1214 2887 in·

93 2916 248 2989 inminet
283 2923 439 2990 uultum
478 2945 589 2990 suum
627 2945 748 3006 super
785 2946 857 2990 nos
888 2932 934 2992 ‘et
971 2927 1215 2992 miserentur

132 3131 141 3180 l
160 3129 186 3182 in
201 3132 286 3185 uitem
299 3133 415 3185 PPEin
424 3133 483 3186 uite
499 3133 547 3187 VR
557 3135 604 3187 sed
614 3133 648 3202 cs.
666 3153 737 3203 supr.
753 3153 782 3204 p.
792 3133 857 3198 267,
877 3133 948 3188 2021
959 3133 1054 3202 Pseu?
1106 3138 1124 3188 2
1142 3135 1215 3189 enim

94 3213 137 3264 ΒΤ
158 3234 223 3287 supr.
249 3237 298 3272 scr.
326 3237 359 3272 m.
380 3220 395 3270 1
414 3219 503 3272 Pom.
529 3219 553 3272 V
601 3221 741 3289 pedesque
768 3222 845 3273 RPT
870 3222 954 3290 pedes
979 3223 1002 3275 l'
1052 3222 1215 3276 3intr0iuit

682 3310 706 3345 nt

94 3352 113 3403 l.
129 3355 144 3406 l.
164 3355 208 3408 VR
257 3357 477 3412 4distiuexeret
500 3359 524 3411 V
548 3359 686 3414 distinxer
723 3359 749 3412 P
799 3361 929 3416 fidicens
949 3363 1001 3414 ΕΤ
1017 3362 1058 3416 ait
1075 3364 1102 3415 in
1120 3379 1173 3415 rus.
1196 3359 1218 3406 l'

95 3440 170 3494 mouit
183 3443 205 3494 V
251 3447 268 3498 8
286 3462 367 3498 amen
379 3463 428 3497 em.
444 3446 468 3499 V
517 3445 642 3514 Explicit
659 3446 782 3516 psalmus
795 3447 868 3501 va
883 3448 981 3515 insipit
993 3450 1115 3516 psalmus
1126 3447 1215 3501 LXVI

95 3525 197 3582 lelieiter
218 3531 382 3600 VExplieit
400 3533 520 3599 psalmus
540 3531 614 3586 LX‘I
631 3533 731 3601 incipit
751 3535 876 3601 psalmus
894 3535 982 3590 LXVI
1000 3535 1026 3588 R
1047 3535 1122 3588 Finit
1140 3535 1213 3602 psel-

94 3626 146 3664 mus
160 3615 227 3670 LXV
252 3617 353 3686 incipit
378 3617 470 3686 psalm
495 3619 583 3673 LXVI
602 3621 627 3672 P
651 3621 733 3688 Expl.
761 3621 795 3674 de
819 3620 893 3675 LXV
919 3621 1001 3691 ineip.
1026 3623 1060 3675 de
1084 3621 1172 3674 LXVI
1192 3621 1216 3672 Τ

97 3699 162 3754 10in
186 3703 266 3758 linem
291 3705 411 3773 hymnus
438 3733 472 3742 -
497 3707 662 3760 miserentur
688 3708 768 3761 nobis
799 3725 846 3761 om.
880 3709 901 3762 V
961 3710 1084 3778 psalmus
1114 3708 1214 3762 cantici

96 3781 170 3840 Dauid
194 3792 220 3842 E
288 3793 322 3844 14
348 3797 377 3844 et
403 3792 583 3860 euuangelias
610 3795 635 3846 Il
662 3793 824 3863 euangelica
852 3795 876 3848 T
946 3797 979 3848 15
1006 3795 1034 3848 in
1062 3793 1116 3848 fine
1144 3794 1218 3847 VRP

98 3871 124 3922 ld
139 3875 328 3940 proficientium
346 3879 368 3931 V
419 3880 452 3933 17
470 3884 498 3933 et
509 3879 676 3948 principium
696 3899 726 3934 ex
743 3881 865 3948 primurn
878 3887 906 3936 et
918 3882 1088 3951 principium
1106 3899 1138 3934 m.
1157 3879 1177 3932 2
1195 3881 1219 3934 V

97 3957 157 4012 uude
171 3965 225 4016 add.
234 3963 298 4018 ne?
315 3965 340 4018 V
391 3967 424 4018 18
442 3970 486 4019 est
503 3971 596 4020 sutem
614 3967 674 4022 dnis
692 3986 722 4019 ex
740 3972 783 4021 est
801 3973 892 4021 eutem
911 3986 949 4022 un
967 3968 1028 4022 linis
1045 3967 1180 4021 corr.m.l
1197 3967 1218 4018 V

98 4052 306 4105 sem0÷÷uel
324 4052 351 4104 P
367 4067 458 4104 sermo
476 4053 521 4106 uel
540 4069 570 4105 ez
587 4069 678 4106 sermo
695 4054 741 4107 uel
760 4055 806 4108 uel
824 4073 857 4107 m.
876 4055 896 4107 2
920 4055 945 4108 V
996 4058 1028 4108 19
1046 4054 1092 4108 uel
1109 4059 1215 4123 aposto-

99 4177 174 4238 lorum
198 4205 310 4255 quorum
335 4207 392 4260 sup.
421 4191 466 4242 lin.
489 4208 506 4243 α
530 4209 563 4244 m.
586 4189 608 4244 2
630 4191 655 4244 V
703 4195 738 4248 20
755 4193 906 4247 illuminati
926 4195 978 4246 TE
1029 4200 1057 4248 et
1074 4151 1217 4247 u0n0r⁶rr

99 4266 124 4318 li
143 4270 166 4322 in
182 4275 274 4340 psalmi
292 4276 406 4329 exordio
424 4294 455 4329 ez
472 4277 501 4330 in
518 4277 617 4345 psalmi
636 4279 665 4331 in
683 4280 797 4333 exordio
815 4298 880 4333 sorr.
898 4299 931 4335 m.
954 4281 968 4332 l
993 4281 1021 4335 V.
