3075 4967
414 264 594 311 tractatus
613 258 647 310 in
666 258 838 325 psalmum
857 256 976 309 CXLIII.
1202 253 1264 318 827

120 444 343 523 condemnans,
356 466 425 510 oum
438 447 495 509 ait:
519 466 685 530 quorum
702 444 935 511 oslocutum
953 444 1266 511 estuanitatem.

121 547 344 612 etdertera
368 570 503 613 eorum
527 551 695 615 dextera
719 549 975 633 iniquitatis3
1000 548 1266 632 quorumfilii

120 650 232 715 siout
262 652 426 718 nouella
456 654 660 733 plantatio
691 654 883 719 stabilita
906 675 925 717 a
947 655 1163 719 iuuentute
1187 672 1265 717 sua.

121 752 226 818 filiae
264 776 396 821 eorum
435 758 674 839 conpositas,
713 760 1025 823 circumornata
1070 758 1268 841 quomodo

120 857 358 924 similitudo
390 862 540 942 tempti.
586 869 622 927 et
652 863 935 943 promptuaria
969 882 1104 926 eorum
1138 859 1266 941 plene,

121 965 386 1030 eructuantia
419 986 463 1029 er
498 965 570 1031 boc
604 968 642 1031 in
677 965 790 1033 illud.
836 988 932 1031 oues
956 963 1266 1034 eorumfetosa.

121 1067 383 1134 abundantes
416 1070 455 1134 in
489 1071 805 1154 egressionibus
839 1071 939 1135 suis:
975 1071 1101 1135 boues
1132 1089 1267 1134 eorum

120 1171 268 1235 crassi.
316 1193 388 1235 non
428 1180 488 1238 est
521 1174 637 1238 ruina
671 1175 857 1240 maceria>
893 1194 1022 1257 neque
1061 1174 1268 1237 transitus

120 1294 256 1357 neque
291 1275 442 1341 clamor
464 1278 501 1341 in
526 1278 678 1358 plateis
702 1299 847 1343 eorum.
892 1278 1052 1343 beatum
1077 1278 1269 1341 dire‘runt

120 1379 325 1459 poputum,
353 1370 414 1446 oui
441 1382 520 1446 baec
544 1391 651 1447 sunt:
686 1384 829 1448 beatus
864 1382 1043 1463 populus,
1067 1382 1184 1446 cuius
1208 1381 1264 1444 do·

123 1484 258 1549 minus
289 1485 385 1549 deus
417 1486 511 1551 eius.
557 1494 587 1552 et
610 1487 676 1551 bruc
711 1494 791 1564 sunt,
822 1494 971 1571 quantum
1004 1486 1145 1561 arbitror,
1177 1484 1268 1549 huius

122 1587 231 1652 saeculi
252 1584 345 1653 'bona
379 1591 535 1655 communi
569 1591 785 1656 uniuersorum
821 1592 912 1656 beata
941 1591 1061 1665 iudicio,
1091 1610 1140 1653 res
1164 1588 1268 1654 saculi

122 1691 209 1775 loqui
233 1700 325 1774 atque
348 1713 449 1777 agere,
482 1716 593 1775 rapere
615 1702 667 1759 aut
698 1716 802 1760 emere
825 1694 968 1771 bonores,
998 1694 1037 1769 ui,
1068 1694 1166 1773 pretio
1191 1693 1269 1756 salso

123 1797 287 1871 ditescere,
311 1796 436 1879 gloriari
455 1798 486 1862 in
504 1799 613 1863 adultae
630 1799 728 1864 aetatis
743 1798 858 1875 tiberis,
882 1818 1013 1882 quorum
1031 1798 1269 1862 exflorescentes

122 1900 197 1963 anni
232 1900 362 1966 nouoilae
397 1903 591 1968 exultationis
625 1903 771 1967 firmitate
805 1902 973 1981 confident,
1009 1908 1114 1981 optare
1138 1902 1268 1981 speciosi

123 2005 264 2085 corporis
286 2005 366 2071 filias
390 2013 482 2089 atque
506 2027 558 2072 eos
581 2008 611 2071 in
636 2009 763 2071 medum
788 2006 895 2085 templi
919 2008 1032 2070 damno
1054 2005 1153 2069 inutili
1178 2025 1270 2085 pecu·

124 2109 184 2171 nise
207 2108 342 2191 ingentis
366 2130 483 2183 ornare,
508 2110 716 2194 multiplicatis
733 2110 844 2175 horrea
860 2110 1009 2175 fructibus
1026 2129 1179 2189 rumpere,
1200 2129 1269 2191 quse

123 2220 289 2296 congestas
324 2234 397 2293 opes
431 2214 460 2277 in
497 2215 707 2297 promptuaria
741 2215 802 2279 alia
836 2222 968 2298 angusta
992 2214 1049 2290 bis,
1084 2233 1156 2296 quae
1181 2214 1212 2277 in
1237 2233 1270 2275 se

124 2317 307 2394 conduntur,
325 2326 493 2395 eructuem,
517 2319 676 2402 geminare
697 2339 821 2402 quoque
845 2339 918 2383 oues
942 2319 1054 2382 fetibus
1076 2316 1167 2393 uelle,
1191 2338 1270 2400 quas

124 2441 270 2505 egressas
293 2422 396 2487 nullus
419 2424 492 2487 ferae
517 2444 663 2488 occursus
686 2424 846 2491 inminnat.
871 2422 1017 2487 delectari
1033 2424 1126 2486 boum
1143 2442 1269 2486 suorum

124 2525 246 2608 sagina,
262 2526 468 2606 circumsepta
481 2528 573 2591 etiam
587 2528 748 2591 domorum
765 2527 854 2592 firma
869 2528 1017 2607 praebere,
1033 2547 1072 2590 ne
1088 2525 1269 2590 transeundi

125 2648 179 2709 per
195 2650 265 2694 eum
281 2630 427 2713 cuiquem
444 2632 483 2695 sit
497 2637 649 2711 potestas3
667 2652 726 2694 non
745 2631 828 2704 flere,
844 2651 903 2694 non
923 2631 1038 2713 lugere,
1056 2651 1114 2694 non
1132 2650 1270 2713 gemere,

124 2734 179 2797 sed
215 2754 361 2813 prospero
395 2734 550 2801 felicitatis
585 2756 648 2800 sure
683 2755 776 2799 cursu
805 2734 890 2798 nulla
920 2736 1059 2798 aduersae
1083 2733 1271 2798 calamitatis

124 2836 267 2901 molestia
305 2838 444 2919 inpediri.
490 2840 616 2904 beatum
651 2839 734 2904 hunc
772 2838 926 2921 poputum.
961 2838 1009 2902 cui
1050 2838 1116 2902 brec
1157 2843 1270 2903 essent.

124 2942 282 3005 dixerunt:
321 2938 376 3007 se'd
414 2943 564 3023 propbeta
598 2945 656 3008 scit
689 2943 801 3007 falsam
836 2964 904 3008 esse
940 2943 1030 3007 buius
1065 2942 1266 3007 beatitudinis
1297 2972 1308 3006 2

123 3046 308 3125 nunnionem.
354 3047 429 3129 quid
455 3047 520 3112 bac
543 3048 634 3123 enim,
660 3047 727 3112 haeo
751 3054 794 3112 tot
817 3055 847 3112 et
870 3055 954 3112 tanta
978 3046 1084 3111 saecuti
1119 3046 1202 3110 bona
1232 3046 1271 3108 ad

168 3186 185 3235 3
204 3201 220 3237 a
238 3185 262 3235 G
277 3185 306 3237 in
321 3182 349 3251 (n
366 3204 395 3237 ea
410 3204 476 3238 corr.
495 3187 510 3237 1
526 3187 561 3247 R)
579 3188 649 3238 arn
662 3188 697 3254 of.
716 3186 949 3251 Sotades-Imm
1002 3186 1220 3253 bpromptuaria
1233 3189 1271 3235 (ir

125 3280 297 3392 prostituaris
321 3342 387 3377 corr.
411 3342 443 3377 m.
465 3327 479 3377 1
498 3326 524 3378 R
577 3329 592 3379 6
616 3325 791 3379 crrrctuantie
811 3326 851 3377 Gr
868 3326 902 3385 cf.
923 3324 1041 3376 Porecker
1068 3326 1152 3393 suppl.
1181 3326 1229 3376 Iex.
1251 3324 1272 3397 Ι.

126 3408 183 3462 aa?
211 3412 367 3464 eructantia
391 3412 446 3464 RE
502 3414 517 3463 7
546 3412 748 3479 egressionibus
775 3412 827 3463 GR
853 3411 1010 3477 egressibus
1038 3412 1066 3461 E
1091 3411 1236 3465 itineribus
1259 3433 1272 3463 r

124 3552 141 3604 8
160 3549 246 3603 crassi
267 3553 292 3601 G
310 3566 417 3603 crassae
437 3552 506 3603 RrE
556 3551 711 3604 macherias
732 3552 757 3599 G
774 3508 1272 3619 maieriae(tlsiclanprscrm.013

125 3653 215 3703 nequo
229 3636 363 3689 transitus
379 3638 464 3690 oms}
520 3640 551 3691 13
565 3638 641 3705 loqui
657 3638 776 3704 adegere
792 3635 825 3703 (i)
839 3637 864 3689 G
916 3642 1076 3690 auttemere
1089 3638 1113 3685 G
1166 3637 1270 3689 honore

125 3722 166 3776 sui
185 3722 294 3791 praetio
315 3724 366 3775 GR
383 3723 501 3777 honores
520 3725 570 3778 sub
591 3725 682 3792 pretio
713 3725 738 3775 E
762 3724 881 3776 honores
907 3724 1033 3791 precior
1095 3726 1129 3777 14
1154 3724 1270 3777 exflora

124 3814 235 3863 scente*
251 3810 276 3861 G
288 3809 491 3864 efflorescentes
502 3812 556 3863 RE
608 3814 641 3865 15
659 3809 800 3864 confidant
819 3812 873 3863 ΚΕ
889 3809 1031 3864 confidunt
1050 3810 1074 3862 G
1092 3811 1127 3879 cf.
1144 3811 1225 3863 Acod.
1242 3830 1273 3879 p,

126 3897 160 3949 Ii
171 3907 194 3950 et
204 3898 249 3949 lin.
259 3896 295 3949 19
349 3900 381 3951 19
395 3902 540 3952 eructuant
559 3900 629 3951 Gna
644 3902 796 3952 eructente
848 3898 991 3965 geminare
1006 3898 1031 3949 G
1047 3898 1194 3965 geminatis
1205 3898 1275 3949 era'

123 3985 260 4038 ‘20feruae
273 3985 298 4035 G
350 3984 434 4038 boum
452 3986 506 4037 GE
515 3987 654 4040 bouumR
705 3988 737 4038 21
758 3985 945 4053 circumsepto
966 3985 991 4037 G
1009 3984 1193 4053 circumsepta
1204 3984 1272 4037 ml«)

123 4073 157 4125 22
185 4089 236 4140 per
263 4088 326 4123 eum
347 4072 372 4123 G
390 4090 440 4139 per
458 4090 490 4125 ea
509 4074 578 4126 RrE
636 4076 670 4125 23
697 4072 839 4134 felicitatis
860 4072 915 4124 GE
929 4072 1042 4125 felicitis
1063 4072 1087 4123 R
1139 4073 1176 4125 24
1202 4071 1270 4124 haec

124 4162 234 4213 cessent
254 4158 278 4210 G
340 4159 374 4211 26
399 4159 465 4227 quid
487 4160 555 4213 baec
578 4160 660 4225 enim,
684 4160 752 4212 haec
771 4166 813 4212 tot
838 4159 863 4208 G
887 4159 954 4226 quid
979 4160 1053 4211 enim
1071 4158 1139 4211 baso
1157 4163 1199 4211 tot
1220 4159 1274 4211 RE

126 4246 194 4313 quid
212 4245 287 4299 anim
306 4250 348 4297 tot
367 4265 388 4298 r.
