3075 4967
440 254 620 304 tractatus
646 251 680 303 in
704 249 878 317 psalmum
902 250 935 303 ΙΙ.
1219 246 1259 313 63

169 438 253 515 idest
278 442 354 504 utin
383 442 542 504 nominc
570 438 662 504 lesu
692 458 806 503 omne
835 458 940 523 genu
970 437 1119 503 flectat
1149 439 1260 503 caele·

163 544 898 616 stinmetlerrestrinmetinfcrnorum
922 542 1261 627 etomnislingna

160 648 381 725 confiteatur,
413 648 506 731 quia
530 648 715 711 dominus
739 646 856 712 lesus
886 647 925 710 in
954 645 1089 730 gloria
1112 648 1178 712 dei
1200 668 1261 729 pa·

156 752 230 817 trie:
248 772 301 816 non
322 758 400 817 mors
421 752 531 827 solum,
554 752 608 816 sed
633 770 764 833 superna
788 752 882 815 etiam
903 750 1086 834 infernaque
1109 751 1262 815 donentur

152 864 176 920 ct
194 876 230 931 ea,
251 856 350 939 quibus
374 861 455 921 terre
478 854 679 920 concluditur.
725 862 755 919 et·
784 855 816 917 in
831 848 945 939 'gloria
975 853 1025 919 dei
1047 856 1144 936 patris
1166 853 1260 919 hodie
1300 882 1313 918 a

148 962 249 1043 genitus
268 961 405 1037 nascitur,
435 961 466 1024 id
499 965 546 1024 eet
574 961 607 1024 in
636 964 815 1023 manentem
845 964 937 1023 antea
967 957 1016 1023 dci
1040 958 1170 1023 formam
1206 979 1262 1040 per

147 1065 283 1144 prumiam
311 1064 418 1129 mortis
442 1063 549 1129 formae
580 1062 700 1127 serussis
723 1062 899 1144 adsumptio
922 1061 1119 1141 honestatnr;
1164 1062 1261 1146 fitquc

147 1167 192 1231 snb
211 1174 339 1249 tempore
362 1188 441 1231 noua
464 1186 521 1232 nec
553 1172 656 1231 temen
679 1167 828 1231 inusitata
849 1167 1003 1243 natiuites,
1033 1168 1160 1231 cunrad
1176 1188 1260 1232 resu-

144 1272 266 1337 mendam
288 1270 418 1351 gloriam
443 1272 493 1336 dei
516 1272 620 1352 patris,
643 1271 696 1354 qui
720 1290 757 1335 ex
781 1269 881 1335 forma
904 1271 955 1335 dei
978 1271 1079 1335 forma
1097 1272 1178 1335 serni
1194 1277 1262 1335 erat

143 1382 268 1457 ropertus,
290 1376 515 1459 primogenitus
538 1394 575 1439 ex
598 1376 726 1439 mortuis
751 1381 937 1439 nasceretur.
1289 1403 1313 1437 ιο

176 1480 217 1545 et.
237 1480 379 1563 Sequitur
401 1479 530 1544 deinde:
565 1498 683 1563 reges
707 1498 776 1543 eos
798 1479 836 1542 in
859 1480 977 1563 uirga
1000 1479 1145 1554 ferrea
1168 1484 1261 1542 tam·

142 1603 236 1666 quam
257 1604 326 1647 nas
349 1583 472 1665 figuli
501 1582 742 1666 confringes
771 1602 847 1647 eos.
893 1582 997 1647 multis
1020 1588 1072 1647 aut
1093 1582 1175 1647 male
1197 1584 1261 1663 opi·

141 1689 262 1752 nmtibns
303 1694 356 1752 ant
396 1688 540 1751 uirtutem
576 1694 606 1752 et
639 1688 859 1768 proprietatem
899 1688 1053 1751 dicturum
1086 1686 1262 1751 diuinorum

141 1792 331 1875 ignorantibus
354 1792 485 1856 aduersa
510 1791 577 1856 haeo
598 1811 667 1856 esse
689 1792 819 1856 bonitati
842 1791 893 1855 dei
914 1792 1068 1868 uidentur,
1097 1797 1132 1855 ut
1142 1797 1261 1874 gentes,

141 1914 200 1978 qnae
219 1896 297 1961 filius
332 1896 383 1961 dei
406 1896 437 1959 in
461 1896 689 1978 possessionem
711 1895 852 1975 poposcit
875 1900 907 1960 ot
927 1896 960 1960 in
983 1894 1189 1960 hereditatem
1212 1915 1262 1959 ac·
1289 1921 1313 1957 1⁶

142 2002 212 2080 cepit
233 2006 348 2065 terrore
371 2000 467 2084 nirgae
494 1998 602 2065 ferreae
625 2005 714 2083 regat
730 2004 760 2063 et
776 2000 868 2063 modo
882 2000 965 2064 uasis
977 1998 1064 2083 figuli
1076 1999 1261 2083 confringat.

142 2122 220 2187 noque
249 2105 333 2169 enim
364 2104 436 2168 boni
467 2105 649 2186 cuiusquam
681 2110 729 2168 est
759 2104 834 2167 dare
864 2108 896 2167 et
925 2104 1064 2184 accipere
1095 2104 1261 2184 perdenda.

141 2209 235 2291 etqui
268 2207 387 2272 mauult
420 2212 616 2289 peccatorum
649 2208 863 2289 paonitentiam
898 2227 991 2290 quam
1012 2213 1167 2284 mortem,
1201 2227 1262 2271 non

141 2313 310 2377 existimatur
332 2314 505 2377 secundum
527 2312 750 2393 professionem
773 2318 892 2375 natnrae
922 2332 985 2376 suae
1015 2332 1085 2377 esse
1116 2311 1261 2389 factionis

140 2416 159 2479 si
176 2417 254 2499 uirga
277 2415 377 2481 ferrea
400 2415 583 2499 confringet,
608 2430 685 2498 quoe
700 2416 767 2479 deri
780 2415 839 2480 sibi
851 2415 881 2479 in
894 2415 1103 2480 hereditatem
1114 2416 1262 2496 poposcit
1290 2434 1315 2475 oo

172 2520 213 2585 35.
236 2519 275 2585 nt
300 2520 444 2600 primum,
469 2540 508 2583 ne
532 2520 600 2603 quis
625 2520 795 2585 temerariae
819 2518 892 2584 huic
914 2525 945 2584 et
967 2520 1071 2600 impiae
1093 2540 1263 2602 praesnmp·

139 2624 196 2687 tioui
215 2623 299 2688 locus
322 2628 434 2705 pateat,
456 2624 657 2704 proprietates
680 2624 755 2704 ipseo
779 2623 943 2688 uerborum
967 2624 998 2688 in
1020 2643 1182 2688 romanam
1204 2623 1262 2687 lin-

138 2746 212 2809 gnam
236 2726 454 2793 translatorum
477 2728 701 2810 cognoscendae
725 2734 805 2791 snut.
850 2747 985 2809 namque
999 2728 1041 2808 id,
1057 2729 1140 2811 qnod
1158 2728 1262 2792 nobis·

138 2850 193 2895 cum
220 2838 282 2896 est:
313 2850 435 2913 reges
467 2852 533 2896 eos
556 2833 596 2895 in
625 2831 744 2914 uirga
779 2831 923 2909 ferrea,
947 2851 1137 2914 quamquam
1160 2832 1263 2912 ipsum

137 2955 239 3019 reges
253 2954 316 2999 non
332 2937 528 3019 tyrannicum
544 2955 646 3019 nequo
663 2931 885 3013 iniustum'sit‚
909 2936 966 3000 sed
988 2955 1026 2999 eu
1048 2937 1203 3018 aequitatis
1226 2956 1262 3001 ac
1290 2958 1315 2994 ao

138 3040 337 3105 moderationis
375 3038 501 3104 arbitrio
541 3040 683 3123 regimen
725 3038 873 3104 rationale
915 3040 1114 3114 demonstret,
1157 3044 1262 3104 tamen

136 3142 289 3209 molliorem
312 3142 415 3207 adhuc
438 3143 576 3227 regentis
600 3143 758 3208 adfectum
782 3144 952 3225 proprietas
975 3164 1079 3229 grecos
1097 3141 1261 3227 significet.

137 3248 203 3327 quod
226 3250 307 3312 enim
331 3248 494 3311 nobiscum
517 3252 579 3313 est:
603 3267 723 3330 reges
747 3267 822 3325 eos,
845 3267 915 3312 cum
939 3246 1000 3311 illis
1023 3254 1071 3311 est
1092 3259 1263 3330 ποιμανεϊς

136 3342 249 3430 αὐτούς,
271 3353 303 3416 id
327 3358 376 3417 est
406 3350 600 3431 pastoraliter
628 3370 730 3435 reges
766 3352 896 3436 regendi
927 3351 1045 3416 scilicet
1074 3372 1126 3416 cos
1157 3371 1262 3416 curam

171 3524 291 3578 lflecta'at
314 3526 337 3579 V
363 3524 465 3578 flectat'
485 3526 510 3577 R
528 3524 657 3578 flectetur
676 3526 703 3577 n*
753 3526 964 3579 tlterrestrinm
982 3524 1041 3589 (ona
1062 3524 1100 3591 et)
1120 3528 1148 3578 E
1197 3528 1262 3580 δίη

136 3610 301 3676 gloriatae
353 3614 445 3665 4u0n
459 3616 534 3664 terra
552 3610 613 3667 soln'r
631 3613 679 3665 VIl
696 3629 753 3665 non
772 3617 883 3665 terrena
919 3612 979 3665 sola
997 3613 1025 3663 F
1075 3613 1263 3681 6genitusen

138 3698 251 3761 gcnnitns
269 3718 299 3750 m.
324 3698 381 3750 JV
429 3699 599 3753 8iuusitata
616 3718 646 3752 coc
663 3700 827 3752 inusitatam
845 3718 878 3751 m.
900 3700 914 3750 1
933 3700 958 3752 V
1007 3700 1116 3752 9serui
1135 3705 1196 3754 erat
1212 3718 1263 3769 per

141 3782 336 3851 primogenitum
373 3800 408 3837 ex
454 3785 479 3837 V
546 3787 576 3838 ll
622 3791 649 3839 et
691 3790 832 3854 tamquam
874 3786 915 3837 Rb
989 3788 1019 3839 14
1059 3787 1194 3839 bonitatis
1243 3788 1266 3838 V

144 3868 170 3915 lt
184 3872 294 3924 ferroras
321 3872 370 3923 VR
423 3877 452 3924 et
478 3873 507 3925 in
524 3873 607 3925 modo
621 3869 658 3925 Β*
711 3872 868 3941 cenfringat
886 3869 948 3937 (can
969 3891 999 3925 ea
1012 3883 1090 3941 porte
1108 3874 1136 3925 io
1153 3871 1218 3941 rua.)
1238 3876 1263 3926 lo

149 3953 172 4003 l'l
187 3958 345 4020 pez-denda
360 3958 383 4011 V
437 3961 469 4012 18
480 3960 570 4028 magis
589 3959 651 4012 nult
669 3977 698 4012 es
711 3959 818 4012 mauult
831 3955 868 4011 Β*
881 3955 920 4024 (b)
976 3962 1008 4013 19
1025 3960 1263 4027 promissionemc

148 4042 239 4094 naturae
255 4062 283 4096 ec
299 4062 363 4097 nem
380 4044 564 4098 terracon?
587 4046 613 4099 V
670 4047 704 4099 22
731 4046 807 4113 ip'sec
820 4045 863 4109 (ae
880 4048 908 4097 iu
926 4044 991 4111 roe.)
1010 4047 1036 4099 R
1087 4049 1123 4099 24
1140 4064 1187 4100 eos
1205 4066 1261 4118 sup.

153 4121 186 4175 lin.
207 4145 220 4178 o
241 4148 271 4182 no.
301 4133 314 4181 l
348 4132 371 4185 V
429 4132 463 4185 25
489 4133 563 4199 regis
591 4150 646 4185 non
674 4134 711 4185 sit
737 4134 913 4200 tyrannicum
940 4150 1003 4201 neq.
1027 4134 1161 4187 iniustum
1180 4135 1218 4188 sit
1242 4136 1267 4187 V

154 4215 179 4266 ‘ee
193 4229 472 4291 nnonpuvcocuunouco
489 4236 754 4295 Vnonpuvuuuouc
773 4229 797 4280 lt
841 4246 920 4297 reges
933 4248 962 4281 ex
974 4230 1049 4299 regis
1062 4230 1095 4281 n.
