3075 4967
373 276 551 324 tractatus
570 269 605 323 in
624 270 793 338 psalmum
816 269 939 323 LXVIII.
1165 271 1229 336 333

95 461 158 524 limo
181 460 266 528 Adae.
302 478 392 543 quem
427 460 466 523 de
499 457 642 540 paradiso
676 465 745 540 post
779 458 911 541 culpam,
946 480 985 524 ue
1018 460 1135 544 ilgnum
1159 462 1230 526 uita

95 564 239 648 attingens
261 564 293 626 in
318 563 488 628 {eternitate
512 583 609 642 prunae
633 569 781 640 maneret,
811 563 910 638 eiecit,
944 571 978 628 ut
999 570 1139 629 naturam
1164 585 1230 631 cor·

95 668 168 751 poris
201 668 267 732 eius
299 667 399 730 Adam
423 687 439 732 e
463 666 545 732 calis
580 667 734 732 secundus
768 668 936 733 adsumens
969 669 1098 752 parique
1133 683 1230 734 morte

95 791 249 852 percussus
272 790 341 836 eam
364 790 487 836 rursum
512 771 541 834 in
565 771 657 836 uitam
683 781 829 836 aternam
853 772 914 836 iam
938 773 1006 838 sine
1028 791 1127 853 poenae
1143 780 1231 838 aeter-

96 877 179 940 nitate
209 887 375 940 reuocaret.
422 873 504 940 hunc
537 875 632 959 Igitur
664 875 708 938 ita
730 895 748 940 a
772 876 830 940 deo
863 896 1043 957 percussum
1078 878 1231 957 persecuti
1270 905 1282 942 a

96 992 167 1060 sunt,
200 999 292 1063 super
327 977 462 1044 dolorem
502 977 661 1045 uulnerum
700 978 838 1044 dolorem
876 981 1099 1060 persecutionis
1139 980 1230 1046 hulus

96 1083 243 1148 addentes.
292 1103 362 1166 pro
394 1083 512 1148 nobis
543 1083 624 1148 enim
655 1085 827 1150 seeundum
851 1083 1034 1167 prophetam
1066 1086 1178 1150 dolet
1201 1095 1231 1149 et

96 1187 200 1252 idcirco
233 1201 281 1251 est
314 1207 383 1252 esse
417 1187 447 1252 in
483 1186 638 1253 doloribus
673 1189 852 1253 aestimatus.
898 1189 980 1273 quod
1015 1190 1099 1253 enim
1123 1200 1231 1273 postea

97 1292 219 1356 nominis
243 1293 291 1356 sui
311 1292 417 1356 odium
433 1293 633 1372 susceperint,
657 1298 809 1376 quatenus
824 1291 981 1357 silentium
997 1295 1232 1359 resurrectionis

97 1396 215 1476 pecunia
238 1397 378 1472 emerint,
410 1396 521 1478 quibus
544 1396 699 1476 apostolos
729 1396 899 1461 terroribus
929 1397 1109 1480 iniuriisque
1138 1418 1231 1462 uera·
1258 1423 1283 1459 a

98 1500 196 1576 uerint
218 1499 375 1582 cognitum
400 1508 455 1564 est.
501 1513 530 1564 et
565 1500 636 1582 quia
671 1499 736 1564 haeo
771 1519 863 1580 super
898 1500 1035 1564 dolorem
1069 1499 1231 1565 uulnerum

98 1604 278 1680 addiderunt,
302 1605 472 1684 adponetur·
495 1623 588 1684 super
608 1604 801 1687 iniquitatem
825 1604 979 1687 iniquitas.

136 1707 181 1771 94.
206 1708 362 1787 Adpositae
374 1707 657 1792 suteminiquitatis
670 1727 762 1792 prena
777 1714 833 1782 est,
849 1728 889 1772 ne
905 1708 1021 1772 intrent
1035 1707 1066 1772 in
1083 1709 1230 1773 iustitiam

99 1811 150 1887 dei,
158 1812 186 1876 id
195 1821 241 1877 est
249 1833 287 1877 ne
296 1812 528 1892 concorporales
540 1812 803 1894 etcouparticipes
812 1811 937 1877 GhrIsto
949 1812 1033 1890 liant,
1047 1814 1106 1896 qui
1123 1813 1232 1877 nobie

99 1917 253 1980 secundum
292 1917 462 1998 apostolum
500 1918 663 1982 iustitia
700 1925 737 1982 et
775 1917 1067 1982 sanctificatio
1101 1925 1139 1982 et
1177 1937 1232 1981 re·
1259 1942 1284 1980 ιι

100 2021 266 2102 demptio
289 2040 308 2084 a
331 2022 404 2086 deo
431 2023 565 2086 factus
588 2035 657 2086 est.
704 2019 819 2086 exclusi
845 2041 919 2086 uero
941 2021 1065 2086 iustitiae
1088 2023 1232 2105 ingressu

101 2143 213 2189 necesse
236 2132 284 2190 est
305 2147 323 2189 a
346 2125 424 2190 libro
447 2125 615 2191 uiuentium
638 2124 809 2190 deleantur.
855 2125 961 2206 scripti
984 2126 1068 2190 enlm
1092 2133 1177 2190 erant
1200 2127 1231 2189 io

103 2229 224 2294 Abrahae
248 2230 520 2307 benedictionibus
544 2230 630 2294 cuius
653 2247 760 2294 semen
783 2230 864 2294 sicut
885 2228 981 2294 stellae
1012 2229 1076 2293 caeli
1101 2237 1133 2294 et
1154 2230 1234 2294 sicut

105 2330 205 2398 larena
216 2335 311 2399 maris
324 2335 362 2398 cd
376 2355 462 2399 oram
478 2333 575 2399 litoris
590 2334 771 2398 abundaret.
818 2353 837 2397 a
853 2352 913 2416 quo
928 2331 1006 2397 libro
1022 2352 1092 2398 cum
1108 2353 1231 2398 omnem

104 2436 233 2518 populum
246 2438 342 2504 deleri
355 2439 481 2522 Moyses
497 2445 654 2516 metueret,
671 2458 704 2503 se
716 2439 849 2519 primum
865 2437 961 2502 deleri
977 2439 1160 2518 deprecatus
1177 2446 1232 2514 est,
1260 2461 1285 2498 aa

104 2549 207 2620 optans,
230 2549 262 2608 ut
285 2543 401 2624 opinor,
425 2544 594 2608 secundum
618 2543 789 2625 apostolum
814 2541 1029 2607 anathema
1059 2562 1128 2623 pro
1158 2541 1233 2606 ire·

106 2647 220 2711 tribus
243 2647 329 2712 suis
352 2667 452 2712 esse.
498 2654 529 2712 et
552 2647 623 2731 quia
645 2666 739 2727 super
762 2646 901 2711 dolorem
917 2645 1079 2712 uulnerum
1096 2645 1233 2710 dolorem

107 2752 309 2826 persecutionis
333 2751 484 2817 addentes
507 2771 667 2816 recursum
690 2751 878 2834 paenitentiae
901 2750 1109 2830 perdiderunt
1140 2749 1232 2814 deleti

110 2851 139 2915 de
157 2855 321 2920 uiuentium
344 2854 423 2920 libro
446 2876 485 2919 ne
508 2863 616 2936 postea
650 2855 778 2939 quidem
813 2853 906 2919 scribi
942 2874 1012 2920 cum
1045 2855 1134 2919 iustis
1168 2873 1234 2918 me·

109 2967 230 3022 ruerunt:
253 2967 288 3026 ut
309 2958 449 3043 intellegi
473 2959 568 3040 possit
589 2957 685 3024 alium
709 2958 888 3035 uiuentium,
912 2957 1005 3022 aliurn
1028 2957 1141 3022 librum
1164 2978 1234 3023 esse
1260 2981 1288 3018 aa

109 3056 245 3127 iustorum.
292 3083 350 3128 nec
372 3063 553 3147 ambiguum
577 3069 624 3129 est
647 3082 699 3127 eos
722 3063 754 3127 in
777 3061 947 3127 uiuentium
970 3061 1049 3127 libro
1073 3081 1151 3144 esse,
1183 3062 1234 3146 qui

145 3201 158 3250 a
174 3201 241 3256 aaa.
251 3203 324 3270 unu,
333 3205 358 3256 4.
397 3205 429 3257 rs
447 3202 530 3256 reor.
543 3206 565 3269 1,
575 3205 617 3257 ao.
653 3205 688 3255 so
705 3202 793 3255 nmo.
805 3201 968 3268 xxmaan
1004 3203 1036 3254 er
1057 3201 1135 3255 nom.
1152 3201 1199 3268 rx,
1210 3205 1235 3254 a.

147 3314 201 3367 lin
218 3316 411 3370 aeternitatem
439 3316 491 3368 PE
541 3319 672 3370 4rursus
697 3315 770 3368 I⁷PT
822 3315 878 3368 iarn
897 3331 945 3367 om.
965 3315 990 3366 R
1042 3314 1235 3367 aeternitatem

112 3397 354 3456 PaeternitatisV
404 3402 520 3456 6hnius
537 3421 608 3473 supr.
628 3420 676 3455 scr.
696 3421 728 3454 ra.
745 3401 800 3453 IP
850 3400 958 3454 7enim
977 3419 1049 3468 supr.
1067 3418 1117 3454 scr.
1136 3419 1168 3452 ra.
1185 3401 1238 3451 IP

110 3485 220 3541 itesam
237 3489 265 3542 in
284 3489 427 3543 doloribus
440 3491 465 3542 R
483 3495 525 3542 est
543 3486 574 3542 εἴ
591 3490 621 3541 iu
639 3487 784 3541 doloribus
795 3488 893 3540 Teum
911 3503 969 3540 esse
989 3488 1018 3539 in
1037 3486 1178 3540 doloribus
1195 3487 1235 3539 l'a

111 3586 162 3624 ennr
182 3575 209 3627 in
234 3575 376 3631 doloribus
395 3577 486 3630 esset
540 3575 727 3630 aestimandus
747 3575 798 3626 PT
815 3573 987 3660 estimandus
1006 3579 1021 3627 e
1040 3593 1060 3624 α
1078 3574 1235 3626 aestimates

117 3673 147 3728 [ὁ
194 3683 225 3734 10
241 3680 480 3760 ὶεττοτίὴμεΞεπ
498 3678 739 3733 terraribusz-m.
758 3678 775 3730 1
794 3679 819 3731 R
872 3679 1037 3732 uenuerint
1053 3695 1083 3730 ca
1109 3677 1236 3730 uenerint

112 3777 137 3812 m.
154 3761 206 3816 [IV
256 3769 286 3820 11
307 3784 389 3835 super
416 3766 480 3819 dolo
498 3785 528 3819 ex
545 3783 629 3834 super
646 3765 712 3818 dolu'u
739 3764 811 3818 aa?
835 3765 860 3818 V
911 3765 943 3817 13
961 3764 1088 3833 adposita
1112 3764 1136 3816 V
1184 3762 1237 3816 ini·

112 3848 214 3912 quitatea
238 3853 270 3906 1Ιί
325 3857 357 3907 14
376 3852 577 3921 conparticipes
606 3871 636 3906 ea
662 3851 815 3921 participes
841 3870 874 3903 m.
902 3849 923 3902 2
945 3851 971 3904 V
1021 3852 1088 3903 l6a
1113 3849 1237 3903 iustitiae

114 3983 220 4055 ingressu
247 3991 401 4060 (ingressae
432 3989 475 4057 V1)
510 3992 559 4043 VE
611 3992 643 4043 17
661 3991 776 4045 scribtio
803 3990 876 4044 enim
909 3989 935 4042 V
992 3992 1024 4044 19
1041 3945 1149 4042 aremii
1201 3988 1237 4041 ad

115 4069 194 4128 horem
213 4079 236 4130 a
253 4079 288 4132 ad
305 4096 354 4132 ora
379 4079 428 4130 I'I'
478 4078 549 4131 libro
568 4095 622 4146 quo
640 4095 749 4131 omnem
775 4078 799 4129 V
849 4078 883 4130 23
901 4093 1014 4129 cursum
1032 4076 1082 4127 PF
1132 4077 1169 4128 24
1185 4092 1237 4129 neo
1325 4114 1328 4120 -

116 4175 184 4216 rene
199 4182 231 4217 ra.
248 4166 310 4218 :aa
361 4167 396 4219 25
415 4165 485 4218 clius
510 4163 663 4218 uiuentium
691 4164 760 4218 alius
785 4164 858 4218 liber
882 4163 983 4215 VVI'E
1032 4164 1067 4217 26
1086 4179 1137 4215 nec
1155 4180 1185 4215 ea
1201 4179 1237 4214 ne

118 4245 176 4298 aa?
197 4252 219 4302 V
266 4269 327 4306 eum
346 4253 378 4305 P.
