3075 4967
375 283 573 334 'tractatus
591 279 627 333 iu
644 281 816 349 psalmum
836 278 955 334 CXXIX.
1183 273 1245 338 649

107 469 323 553 prophetarum
357 475 388 536 et
418 467 650 554 euangeliorum
681 475 712 534 εῖ
741 467 949 549 apostolorum
983 485 1095 532 arcano
1130 463 1245 530 caelesti

107 575 194 640 libros
217 581 415 641 consecratos
437 574 536 655 plenae
559 573 745 658 cognitionis
768 572 896 638 scientia
919 568 1144 654 consequetur?

146 681 173 743 2.
197 678 235 744 lu
257 677 308 744 his
338 678 433 762 igitur
466 678 612 746 omnibus
643 675 767 741 haerens
798 695 834 741 ac
864 676 1007 740 detentus
1036 671 1186 755 propheta
1209 691 1245 738 cr

106 783 222 848 interno
257 783 360 848 cordis
394 782 440 847 sui
475 787 595 846 secreto
629 781 802 846 secundum
831 778 958 861 apostoli
992 797 1103 843 uocem
1126 776 1245 858 etipse

105 886 270 966 proclamat
293 887 416 952 dicens:
440 887 485 950 de
507 884 725 966 profundis
748 883 921 949 ciamaui
946 882 992 946 ad
1017 891 1063 959 tc,
1080 881 1245 946 domine.
1285 907 1298 944 e

104 1011 180 1071 pone
201 989 290 1055 ilium
321 990 491 1056 secundum
525 987 697 1070 apostolum
730 989 763 1053 in
799 987 950 1069 profundo
984 985 1159 1054 diuitiarum
1196 983 1245 1048 dei

102 1092 404 1176 inperscrutubilium
427 1104 457 1158 ot
478 1090 743 1176 inuestigabiiium
774 1090 998 1168 demorantem,
1029 1095 1127 1154 statue
1158 1087 1245 1152 iilum

103 1199 138 1264 de
159 1198 315 1279 profundo
337 1197 545 1262 humanamm
567 1196 778 1262 calamitatum
791 1201 867 1260 aestu
879 1200 1059 1276 precantem
1076 1193 1245 1258 secundum

101 1322 168 1368 eam
190 1302 321 1379 domini,
345 1320 414 1386 quae
436 1298 476 1366 in'
491 1301 642 1366 anteriore
673 1299 794 1382 psalmo
829 1307 886 1381 est,
922 1317 1047 1364 uocem:
1082 1296 1176 1362 ueni
1207 1297 1245 1360 in

102 1400 1245 1487 profundummaris‚eticmpesiasdemersitmeeristima
1273 1429 1297 1466 ιο

101 1511 183 1577 iiinm
206 1531 271 1575 non
293 1509 394 1586 labiis,
417 1508 473 1576 sed
496 1514 623 1586 secreto,
645 1517 679 1572 ut
700 1508 819 1572 iussum
844 1513 899 1585 est,
923 1507 1023 1572 cordis
1047 1525 1150 1570 orure:
1174 1509 1245 1584 apta

101 1623 149 1680 aut
169 1614 355 1699 ignorationi
381 1618 434 1679 aut
455 1613 592 1694 passioni
615 1618 668 1676 aut
690 1611 820 1677 orationi
851 1631 911 1676 nox
940 1610 1000 1674 ista
1030 1603 1158 1675 dicentis
1182 1615 1244 1674 est:

100 1719 143 1784 de
164 1718 386 1801 profundis
408 1716 587 1782 clamaui
609 1717 656 1781 ad
679 1720 724 1794 tc,
759 1715 931 1794 domine·
961 1715 1035 1780 dum
1066 1720 1118 1779 aut
1148 1712 1246 1778 nescit

100 1830 149 1887 aut
171 1823 290 1907 patitur
323 1828 376 1887 aut
405 1827 554 1903 precatur.
600 1826 631 1886 εῖ
661 1820 734 1904 quia
763 1821 802 1885 de
833 1818 997 1904 profundis
1020 1816 1143 1894 clamat,
1174 1836 1245 1882 cou-

98 1925 307 1992 fidenterait:
329 1925 490 1990 domine
514 1925 659 1990 eraudi
681 1943 820 1989 uocem
843 1942 977 1998 meam,
1001 1921 1107 1986 fiant
1129 1940 1245 1986 aures
1273 1950 1298 1988 ιε

99 2037 172 2095 iuae
195 2031 466 2096 intendentes
490 2030 527 2093 in
551 2049 689 2094 uocem
713 2027 915 2120 orationis
938 2045 1038 2092 meae.

140 2136 169 2200 3.
194 2134 260 2200 Sed
291 2134 491 2218 quarendum
525 2139 582 2211 est,
616 2153 656 2198 an
686 2133 821 2216 idipsum
854 2132 895 2197 sit
928 2131 1073 2196 exaudi
1107 2148 1245 2194 uocem

99 2258 226 2304 meam
263 2246 295 2305 εῖ
332 2239 438 2303 fiant
475 2257 592 2302 aures
626 2244 700 2302 tuae
738 2236 1005 2302 intendentes
1039 2235 1078 2299 in
1111 2253 1244 2298 uocem

98 2343 305 2409 orationis
351 2363 452 2407 meae.
498 2343 536 2406 de
575 2341 736 2422 profundis
769 2339 853 2406 enim
887 2347 954 2405 orat
991 2349 1022 2405 et·
1059 2337 1244 2419 profundum

89 2454 152 2524 est,
192 2446 347 2530 quidquid
385 2454 459 2511 oran
527 2465 563 2510 ac
601 2445 736 2529 primum
774 2443 1018 2529 intellegendum
1065 2448 1113 2508 εεῖ
1151 2441 1243 2506 dcum
1270 2468 1295 2506 so

96 2540 321 2634 incorporalem
368 2569 437 2616 esse
481 2569 583 2634 neque
630 2570 667 2615 ex
719 2549 859 2631 panibus
912 2546 1100 2630 quibusdum
1152 2551 1243 2629 utque

96 2654 209 2721 officiis
246 2655 469 2729 membrorum,
504 2675 541 2718 er
577 2654 688 2738 quibus
722 2673 817 2718 unum
851 2672 961 2733 corpus
997 2637 1137 2728 efficitur,
1171 2668 1245 2714 oon-

95 2760 216 2826 sistere.
274 2758 410 2842 legimns
461 2759 545 2823 enim
597 2757 628 2822 in
682 2756 859 2842 euangelio:
907 2756 1094 2838 quoniam
1147 2753 1244 2818 deus

95 2863 274 2944 spiritus
312 2872 379 2936 est,
420 2861 586 2929 inuisibilis
623 2861 743 2926 scilicet
780 2867 811 2926 et
847 2860 989 2925 inmensa
1027 2865 1120 2943 atque
1165 2859 1244 2924 intra

95 2988 128 3031 sc
150 2986 286 3033 manens
309 2973 341 3032 ei
362 2976 478 3032 aeierua
499 2971 617 3031 natura.
661 2966 808 3047 scriptum
827 2984 950 3048 quoque
966 2970 1028 3029 est:
1053 2963 1244 3048 quoniam
1272 2987 1297 3028 a

94 3072 273 3154 spiritus
310 3089 472 3136 carnem
510 3077 549 3135 et
585 3089 678 3136 ossa
715 3089 791 3133 non
828 3068 960 3134 habet.
1000 3087 1036 3132 ex
1074 3065 1123 3131 his
1162 3067 1244 3132 eninr

95 3175 234 3256 corporis
287 3176 430 3241 membra
480 3175 661 3249 consistunt,
715 3173 827 3258 quibus
873 3172 1043 3238 substantia
1089 3170 1158 3236 dei.
1183 3190 1244 3235 non

94 3287 176 3364 eget.
224 3280 303 3344 deus
335 3291 446 3357 autem,
480 3277 533 3362 qui
563 3288 594 3343 et
626 3278 741 3362 ubique
772 3284 803 3343 et
831 3277 863 3342 in
894 3277 1039 3342 omnibus
1073 3279 1128 3354 est,
1163 3280 1243 3339 totus

94 3384 189 3456 audit,
215 3392 297 3448 totus
319 3383 412 3458 uidet,
446 3389 529 3448 totus
553 3381 657 3459 efficit,
680 3387 761 3447 totns
783 3381 906 3446 incedit.
953 3387 983 3446 et
1006 3379 1065 3444 hoc
1087 3399 1124 3444 ex
1148 3379 1242 3459 scrip·

94 3489 172 3553 turis
196 3475 353 3566 docemur,
375 3507 447 3552 cum
472 3486 598 3552 dicitur:
630 3506 702 3571 ego
733 3505 817 3550 sum
848 3485 946 3550 deus
981 3482 1241 3565 adpropians,
1269 3505 1295 3542 ao

136 3661 373 3728 areuxvlms.
400 3660 602 3728 &dlohdvffl
629 3661 664 3715 96
673 3661 740 3714 Luc.
748 3659 845 3726 XXIV,
853 3661 895 3714 39.
922 3657 1242 3725 conferemxxmmu.

138 3822 384 3876 larchanoRPT
435 3821 642 3876 BacexhacR
693 3823 752 3874 dei
767 3821 938 3874 VPTom.R
991 3819 1179 3888 dproclamat
1196 3819 1244 3872 I'R

94 3909 200 3963 clamat
218 3909 298 3962 PTE
347 3909 571 3963 doulsmiiatem
594 3905 629 3962 V¹
683 3911 761 3961 aestu
788 3911 966 3976 praecuntem
984 3908 1010 3960 R
1033 3911 1139 3960 aestum
1164 3923 1243 3975 prae·

93 4001 208 4050 cantem
239 3996 265 4048 V
323 3994 493 4050 {interiori
525 3995 549 4048 V
610 3998 643 4049 10
660 3993 800 4063 profundii
827 4012 857 4047 er
883 3993 972 4047 fundd
1005 3993 1029 4048 V
1052 3985 1190 4061 profundo
1218 3994 1244 4047 R

94 4082 251 4136 uelamen
270 4083 456 4136 exclamarunt
480 4081 505 4133 V
556 4083 589 4135 16
607 4081 734 4135 indentes
760 4079 793 4132 1⁷¹
848 4081 876 4133 in
895 4097 992 4134 uocem
1016 4079 1094 4133 VRE
1119 4079 1155 4144 (er
1174 4079 1199 4132 Τ
1216 4082 1242 4132 in

94 4169 193 4239 morp.)
222 4170 250 4223 in
278 4185 389 4238 precem
416 4165 554 4236 (praecem
574 4167 622 4229 1³¹)
649 4168 700 4220 PT
751 4169 786 4221 20
805 4171 847 4221 est
875 4185 905 4220 ea·
931 4171 990 4220 οεεῖ
1017 4185 1049 4220 m.
1070 4167 1085 4218 I
1110 4165 1197 4220 Voru.
1218 4167 1243 4219 R

93 4256 127 4309 25
144 4255 285 4310 scribtum
309 4256 334 4308 V
382 4257 417 4308 ‘26
435 4253 478 4308 his
497 4273 527 4307 er
544 4254 568 4307 is
587 4255 614 4306 P
663 4255 698 4308 28
716 4259 744 4308 et
762 4264 823 4307 aute
841 4254 944 4321 ubique
962 4271 1034 4323 supr.
1053 4271 1102 4306 scr.
1123 4254 1154 4306 T.
