<?xml version="1.0" encoding="UTF-8"?>
<!DOCTYPE html PUBLIC "-//W3C//DTD XHTML 1.0 Transitional//EN"
    "http://www.w3.org/TR/xhtml1/DTD/xhtml1-transitional.dtd">
<html xmlns="http://www.w3.org/1999/xhtml" xml:lang="en" lang="en">
 <head>
  <title>
</title>
<meta http-equiv="Content-Type" content="text/html;charset=utf-8" />
  <meta name='ocr-system' content='tesseract 3.04.00' />
  <meta name='ocr-capabilities' content='ocr_page ocr_carea ocr_par ocr_line ocrx_word'/>
</head>
<body>
  <div class='ocr_page' id='page_1' title='image "./corpusscriptoru23wiengoog_0873.png"; bbox 0 0 3075 4967; ppageno 0'>
   <div class='ocr_carea' id='block_1_1' title="bbox 404 312 1257 381">
    <p class='ocr_par' dir='ltr' id='par_1_1' title="bbox 404 312 1257 381">
     <span class='ocr_line' id='line_1_1' title="bbox 404 312 1257 381; baseline 0.004 -15"><span class='ocrx_word' id='word_1_1' title='bbox 404 315 584 367; x_wconf 84' lang='lat' dir='ltr'><strong>tractatus</strong></span> <span class='ocrx_word' id='word_1_2' title='bbox 603 313 637 365; x_wconf 92' lang='lat' dir='ltr'><strong>in</strong></span> <span class='ocrx_word' id='word_1_3' title='bbox 656 313 828 381; x_wconf 87' lang='lat' dir='ltr'><strong>psalmum</strong></span> <span class='ocrx_word' id='word_1_4' title='bbox 848 312 966 367; x_wconf 83' lang='lat' dir='ltr'>CXLIV.</span> <span class='ocrx_word' id='word_1_5' title='bbox 1195 312 1257 376; x_wconf 79' lang='lat'><strong>833</strong></span> 
     </span>
    </p>
   </div>
   <div class='ocr_carea' id='block_1_2' title="bbox 113 501 1310 1089">
    <p class='ocr_par' dir='ltr' id='par_1_2' title="bbox 113 501 1310 1089">
     <span class='ocr_line' id='line_1_2' title="bbox 115 501 1258 583; baseline -0.001 -17"><span class='ocrx_word' id='word_1_6' title='bbox 115 504 319 567; x_wconf 75' lang='lat' dir='ltr'><strong>admiratione</strong></span> <span class='ocrx_word' id='word_1_7' title='bbox 341 503 510 583; x_wconf 71' lang='lat' dir='ltr'><strong>prestabit,</strong></span> <span class='ocrx_word' id='word_1_8' title='bbox 546 503 572 567; x_wconf 91' lang='lat' dir='ltr'><strong>si</strong></span> <span class='ocrx_word' id='word_1_9' title='bbox 594 502 653 567; x_wconf 89' lang='lat' dir='ltr'><strong>sibi</strong></span> <span class='ocrx_word' id='word_1_10' title='bbox 677 501 741 567; x_wconf 92' lang='lat' dir='ltr'><strong>sola</strong></span> <span class='ocrx_word' id='word_1_11' title='bbox 765 503 814 567; x_wconf 90' lang='lat' dir='ltr'><strong>sit.</strong></span> <span class='ocrx_word' id='word_1_12' title='bbox 859 509 890 567; x_wconf 90' lang='lat' dir='ltr'><strong>at</strong></span> <span class='ocrx_word' id='word_1_13' title='bbox 910 523 985 567; x_wconf 90' lang='lat' dir='ltr'><strong>uero</strong></span> <span class='ocrx_word' id='word_1_14' title='bbox 1011 501 1071 566; x_wconf 93' lang='lat' dir='ltr'><strong>hoc</strong></span> <span class='ocrx_word' id='word_1_15' title='bbox 1099 502 1258 583; x_wconf 88' lang='lat' dir='ltr'><strong>proprium</strong></span> 
     </span>
     <span class='ocr_line' id='line_1_3' title="bbox 115 605 1258 690; baseline -0.001 -19"><span class='ocrx_word' id='word_1_16' title='bbox 115 612 163 671; x_wconf 99' lang='grc' dir='ltr'>θεῖ</span> <span class='ocrx_word' id='word_1_17' title='bbox 186 613 217 672; x_wconf 88' lang='lat' dir='ltr'><strong>et</strong></span> <span class='ocrx_word' id='word_1_18' title='bbox 240 605 422 671; x_wconf 80' lang='lat' dir='ltr'><strong>admirabile</strong></span> <span class='ocrx_word' id='word_1_19' title='bbox 445 606 625 681; x_wconf 73' lang='lat' dir='ltr'><strong>sanctitatis,</strong></span> <span class='ocrx_word' id='word_1_20' title='bbox 649 626 720 672; x_wconf 91' lang='lat' dir='ltr'><strong>cum</strong></span> <span class='ocrx_word' id='word_1_21' title='bbox 743 605 811 685; x_wconf 86' lang='lat' dir='ltr'><strong>hoc,</strong></span> <span class='ocrx_word' id='word_1_22' title='bbox 836 608 917 690; x_wconf 90' lang='lat' dir='ltr'><strong>quod</strong></span> <span class='ocrx_word' id='word_1_23' title='bbox 934 608 965 672; x_wconf 90' lang='lat' dir='ltr'><strong>iu</strong></span> <span class='ocrx_word' id='word_1_24' title='bbox 980 626 1015 672; x_wconf 89' lang='grc' dir='ltr'><strong>θθ</strong></span> <span class='ocrx_word' id='word_1_25' title='bbox 1030 612 1089 685; x_wconf 82' lang='grc' dir='ltr'>θεῖ,</span> <span class='ocrx_word' id='word_1_26' title='bbox 1111 606 1144 670; x_wconf 91' lang='lat' dir='ltr'><strong>in</strong></span> <span class='ocrx_word' id='word_1_27' title='bbox 1167 626 1258 671; x_wconf 90' lang='lat' dir='ltr'><strong>usum</strong></span> 
     </span>
     <span class='ocr_line' id='line_1_4' title="bbox 115 710 1259 794; baseline 0 -19"><span class='ocrx_word' id='word_1_28' title='bbox 115 710 254 789; x_wconf 90' lang='lat' dir='ltr'><strong>aliorum,</strong></span> <span class='ocrx_word' id='word_1_29' title='bbox 278 711 389 794; x_wconf 86' lang='lat' dir='ltr'><strong>quibus</strong></span> <span class='ocrx_word' id='word_1_30' title='bbox 413 718 461 776; x_wconf 89' lang='grc' dir='ltr'>θεῖ</span> <span class='ocrx_word' id='word_1_31' title='bbox 483 716 596 787; x_wconf 81' lang='lat' dir='ltr'><strong>sancta,</strong></span> <span class='ocrx_word' id='word_1_32' title='bbox 627 711 786 789; x_wconf 85' lang='lat' dir='ltr'><strong>concedat,</strong></span> <span class='ocrx_word' id='word_1_33' title='bbox 819 712 888 792; x_wconf 89' lang='lat' dir='ltr'><strong>ipsa</strong></span> <span class='ocrx_word' id='word_1_34' title='bbox 921 710 1025 794; x_wconf 89' lang='lat' dir='ltr'><strong>aliquo</strong></span> <span class='ocrx_word' id='word_1_35' title='bbox 1059 729 1120 775; x_wconf 92' lang='lat' dir='ltr'><strong>non</strong></span> <span class='ocrx_word' id='word_1_36' title='bbox 1154 729 1259 793; x_wconf 82' lang='lat' dir='ltr'><strong>egeus,</strong></span> 
     </span>
     <span class='ocr_line' id='line_1_5' title="bbox 114 814 1260 895; baseline 0 -17"><span class='ocrx_word' id='word_1_37' title='bbox 114 815 175 879; x_wconf 91' lang='lat' dir='ltr'><strong>nisi</strong></span> <span class='ocrx_word' id='word_1_38' title='bbox 197 814 276 879; x_wconf 82' lang='lat' dir='ltr'><strong>forte</strong></span> <span class='ocrx_word' id='word_1_39' title='bbox 300 834 354 895; x_wconf 91' lang='lat' dir='ltr'><strong>per</strong></span> <span class='ocrx_word' id='word_1_40' title='bbox 375 814 617 880; x_wconf 91' lang='lat' dir='ltr'><strong>beniuolentiam</strong></span> <span class='ocrx_word' id='word_1_41' title='bbox 639 834 675 881; x_wconf 90' lang='lat' dir='ltr'><strong>eo</strong></span> <span class='ocrx_word' id='word_1_42' title='bbox 698 820 827 892; x_wconf 89' lang='lat' dir='ltr'><strong>tantum,</strong></span> <span class='ocrx_word' id='word_1_43' title='bbox 849 824 883 880; x_wconf 89' lang='lat' dir='ltr'><strong>ut</strong></span> <span class='ocrx_word' id='word_1_44' title='bbox 905 834 940 881; x_wconf 88' lang='lat' dir='ltr'><strong>se</strong></span> <span class='ocrx_word' id='word_1_45' title='bbox 963 814 1041 880; x_wconf 89' lang='lat' dir='ltr'><strong>alius</strong></span> <span class='ocrx_word' id='word_1_46' title='bbox 1063 819 1174 879; x_wconf 88' lang='lat' dir='ltr'><strong>utatur.</strong></span> <span class='ocrx_word' id='word_1_47' title='bbox 1219 814 1260 879; x_wconf 88' lang='lat' dir='ltr'><strong>sd</strong></span> 
     </span>
     <span class='ocr_line' id='line_1_6' title="bbox 113 917 1310 1002; baseline -0.002 -19"><span class='ocrx_word' id='word_1_48' title='bbox 113 918 542 1002; x_wconf 87' lang='lat' dir='ltr'><strong>idsrgo,quoddictumast:</strong></span> <span class='ocrx_word' id='word_1_49' title='bbox 567 920 889 985; x_wconf 89' lang='lat' dir='ltr'><strong>etsanctitatem</strong></span> <span class='ocrx_word' id='word_1_50' title='bbox 910 917 1257 1002; x_wconf 66' lang='lat' dir='ltr'><strong>tuamloqusntua</strong></span> <span class='ocrx_word' id='word_1_51' title='bbox 1298 946 1310 981; x_wconf 74' lang='lat' dir='ltr'><strong>a</strong></span> 
     </span>
     <span class='ocr_line' id='line_1_7' title="bbox 114 1022 1037 1089; baseline 0.001 -2"><span class='ocrx_word' id='word_1_52' title='bbox 114 1024 227 1088; x_wconf 87' lang='lat' dir='ltr'><strong>merito</strong></span> <span class='ocrx_word' id='word_1_53' title='bbox 250 1023 395 1088; x_wconf 88' lang='lat' dir='ltr'><strong>subiecit:</strong></span> <span class='ocrx_word' id='word_1_54' title='bbox 420 1030 457 1088; x_wconf 92' lang='grc' dir='ltr'><strong>θῖ</strong></span> <span class='ocrx_word' id='word_1_55' title='bbox 480 1022 693 1088; x_wconf 87' lang='lat' dir='ltr'><strong>mirabilia</strong></span> <span class='ocrx_word' id='word_1_56' title='bbox 716 1036 782 1088; x_wconf 88' lang='lat' dir='ltr'><strong>tua</strong></span> <span class='ocrx_word' id='word_1_57' title='bbox 803 1025 1037 1089; x_wconf 88' lang='lat' dir='ltr'><strong>narrabunt</strong></span> 
     </span>
    </p>
   </div>
   <div class='ocr_carea' id='block_1_3' title="bbox 41 1144 1333 3827">
    <p class='ocr_par' dir='ltr' id='par_1_3' title="bbox 110 1144 1312 2251">
     <span class='ocr_line' id='line_1_8' title="bbox 159 1144 1259 1228; baseline -0.001 -19"><span class='ocrx_word' id='word_1_58' title='bbox 159 1144 210 1209; x_wconf 87' lang='lat'><strong>11.</strong></span> <span class='ocrx_word' id='word_1_59' title='bbox 234 1144 276 1209; x_wconf 80' lang='lat' dir='ltr'><strong>nt</strong></span> <span class='ocrx_word' id='word_1_60' title='bbox 291 1144 433 1210; x_wconf 91' lang='lat' dir='ltr'><strong>mirabile</strong></span> <span class='ocrx_word' id='word_1_61' title='bbox 449 1146 576 1228; x_wconf 89' lang='lat' dir='ltr'><strong>quidem</strong></span> <span class='ocrx_word' id='word_1_62' title='bbox 592 1152 640 1211; x_wconf 90' lang='lat' dir='ltr'><strong>est</strong></span> <span class='ocrx_word' id='word_1_63' title='bbox 663 1146 860 1211; x_wconf 73' lang='lat' dir='ltr'><strong>sanctitatem</strong></span> <span class='ocrx_word' id='word_1_64' title='bbox 884 1145 960 1210; x_wconf 90' lang='lat' dir='ltr'><strong>nihil</strong></span> <span class='ocrx_word' id='word_1_65' title='bbox 977 1145 1037 1211; x_wconf 89' lang='lat' dir='ltr'><strong>sibi</strong></span> <span class='ocrx_word' id='word_1_66' title='bbox 1047 1145 1259 1225; x_wconf 89' lang='lat' dir='ltr'><strong>proficientem</strong></span> 
     </span>
     <span class='ocr_line' id='line_1_9' title="bbox 112 1247 1260 1329; baseline 0 -16"><span class='ocrx_word' id='word_1_67' title='bbox 112 1251 145 1313; x_wconf 93' lang='lat' dir='ltr'><strong>in</strong></span> <span class='ocrx_word' id='word_1_68' title='bbox 180 1269 269 1314; x_wconf 90' lang='lat' dir='ltr'><strong>usum</strong></span> <span class='ocrx_word' id='word_1_69' title='bbox 304 1247 411 1314; x_wconf 85' lang='lat' dir='ltr'><strong>alieuae</strong></span> <span class='ocrx_word' id='word_1_70' title='bbox 451 1250 646 1315; x_wconf 87' lang='lat' dir='ltr'><strong>beatitudinis</strong></span> <span class='ocrx_word' id='word_1_71' title='bbox 685 1251 868 1329; x_wconf 82' lang='lat' dir='ltr'><strong>exuberaro;</strong></span> <span class='ocrx_word' id='word_1_72' title='bbox 916 1251 971 1315; x_wconf 91' lang='lat' dir='ltr'><strong>sed</strong></span> <span class='ocrx_word' id='word_1_73' title='bbox 1008 1248 1178 1315; x_wconf 91' lang='lat' dir='ltr'><strong>mirabilius</strong></span> <span class='ocrx_word' id='word_1_74' title='bbox 1212 1257 1260 1313; x_wconf 91' lang='lat' dir='ltr'><strong>est</strong></span> 
     </span>
     <span class='ocr_line' id='line_1_10' title="bbox 112 1352 1259 1433; baseline -0.001 -15"><span class='ocrx_word' id='word_1_75' title='bbox 112 1354 314 1419; x_wconf 80' lang='lat' dir='ltr'><strong>sanctitatem</strong></span> <span class='ocrx_word' id='word_1_76' title='bbox 349 1352 474 1433; x_wconf 88' lang='lat' dir='ltr'><strong>plenam</strong></span> <span class='ocrx_word' id='word_1_77' title='bbox 505 1373 574 1418; x_wconf 89' lang='grc' dir='ltr'>θεεθ</span> <span class='ocrx_word' id='word_1_78' title='bbox 599 1354 740 1433; x_wconf 90' lang='lat' dir='ltr'><strong>terroris;</strong></span> <span class='ocrx_word' id='word_1_79' title='bbox 775 1374 824 1431; x_wconf 91' lang='lat' dir='ltr'><strong>ne,</strong></span> <span class='ocrx_word' id='word_1_80' title='bbox 856 1356 881 1419; x_wconf 89' lang='lat' dir='ltr'><strong>si</strong></span> <span class='ocrx_word' id='word_1_81' title='bbox 914 1374 974 1419; x_wconf 92' lang='lat' dir='ltr'><strong>nou</strong></span> <span class='ocrx_word' id='word_1_82' title='bbox 1003 1354 1203 1418; x_wconf 80' lang='lat' dir='ltr'><strong>indiscretam</strong></span> <span class='ocrx_word' id='word_1_83' title='bbox 1226 1372 1259 1417; x_wconf 91' lang='grc' dir='ltr'>εθ</span> 
     </span>
     <span class='ocr_line' id='line_1_11' title="bbox 112 1455 1312 1537; baseline -0.002 -16"><span class='ocrx_word' id='word_1_84' title='bbox 112 1456 270 1522; x_wconf 91' lang='lat' dir='ltr'><strong>utentibus</strong></span> <span class='ocrx_word' id='word_1_85' title='bbox 294 1462 345 1521; x_wconf 90' lang='lat' dir='ltr'><strong>aut</strong></span> <span class='ocrx_word' id='word_1_86' title='bbox 366 1458 594 1522; x_wconf 87' lang='lat' dir='ltr'><strong>abundantibus</strong></span> <span class='ocrx_word' id='word_1_87' title='bbox 628 1463 763 1537; x_wconf 67' lang='lat' dir='ltr'><strong>praestet,</strong></span> <span class='ocrx_word' id='word_1_88' title='bbox 793 1459 868 1523; x_wconf 91' lang='lat' dir='ltr'><strong>dum</strong></span> <span class='ocrx_word' id='word_1_89' title='bbox 898 1458 988 1523; x_wconf 91' lang='lat' dir='ltr'><strong>bonis</strong></span> <span class='ocrx_word' id='word_1_90' title='bbox 1018 1476 1055 1523; x_wconf 90' lang='lat' dir='ltr'><strong>ac</strong></span> <span class='ocrx_word' id='word_1_91' title='bbox 1078 1455 1169 1521; x_wconf 87' lang='lat' dir='ltr'><strong>malis</strong></span> <span class='ocrx_word' id='word_1_92' title='bbox 1193 1476 1260 1537; x_wconf 92' lang='lat' dir='ltr'><strong>pro-</strong></span> <span class='ocrx_word' id='word_1_93' title='bbox 1289 1484 1312 1519; x_wconf 82' lang='grc' dir='ltr'><strong>ιο</strong></span> 
     </span>
     <span class='ocr_line' id='line_1_12' title="bbox 113 1560 1259 1644; baseline -0.001 -19"><span class='ocrx_word' id='word_1_94' title='bbox 113 1560 237 1626; x_wconf 83' lang='lat' dir='ltr'><strong>misena</strong></span> <span class='ocrx_word' id='word_1_95' title='bbox 267 1566 321 1639; x_wconf 91' lang='lat' dir='ltr'><strong>est,</strong></span> <span class='ocrx_word' id='word_1_96' title='bbox 352 1573 509 1644; x_wconf 87' lang='lat' dir='ltr'><strong>tamquam</strong></span> <span class='ocrx_word' id='word_1_97' title='bbox 541 1582 576 1626; x_wconf 86' lang='lat' dir='ltr'><strong>er</strong></span> <span class='ocrx_word' id='word_1_98' title='bbox 608 1567 723 1627; x_wconf 73' lang='lat' dir='ltr'><strong>naturas</strong></span> <span class='ocrx_word' id='word_1_99' title='bbox 753 1564 939 1627; x_wconf 88' lang='lat' dir='ltr'><strong>necessitate</strong></span> <span class='ocrx_word' id='word_1_100' title='bbox 962 1582 996 1626; x_wconf 87' lang='lat' dir='ltr'><strong>se</strong></span> <span class='ocrx_word' id='word_1_101' title='bbox 1020 1561 1171 1642; x_wconf 76' lang='lat' dir='ltr'><strong>praebens</strong></span> <span class='ocrx_word' id='word_1_102' title='bbox 1206 1561 1259 1624; x_wconf 92' lang='lat' dir='ltr'><strong>ad-</strong></span> 
     </span>
     <span class='ocr_line' id='line_1_13' title="bbox 113 1654 1259 1731; baseline -0.001 -2"><span class='ocrx_word' id='word_1_103' title='bbox 113 1665 311 1729; x_wconf 87' lang='lat' dir='ltr'><strong>mirationem</strong></span> <span class='ocrx_word' id='word_1_104' title='bbox 342 1684 404 1729; x_wconf 92' lang='lat' dir='ltr'><strong>non</strong></span> <span class='ocrx_word' id='word_1_105' title='bbox 433 1664 548 1729; x_wconf 89' lang='lat' dir='ltr'><strong>habeat</strong></span> <span class='ocrx_word' id='word_1_106' title='bbox 578 1666 758 1731; x_wconf 88' lang='lat' dir='ltr'><strong>sanctitatis.</strong></span> <span class='ocrx_word' id='word_1_107' title='bbox 804 1666 970 1731; x_wconf 89' lang='lat' dir='ltr'><strong>etidcirco</strong></span> <span class='ocrx_word' id='word_1_108' title='bbox 999 1654 1073 1729; x_wconf 84' lang='lat' dir='ltr'><strong>mor</strong></span> <span class='ocrx_word' id='word_1_109' title='bbox 1106 1664 1259 1729; x_wconf 91' lang='lat' dir='ltr'><strong>subdidit:</strong></span> 
     </span>
     <span class='ocr_line' id='line_1_14' title="bbox 112 1768 1259 1835; baseline -0.001 -2"><span class='ocrx_word' id='word_1_110' title='bbox 112 1776 152 1833; x_wconf 89' lang='lat' dir='ltr'><strong>et</strong></span> <span class='ocrx_word' id='word_1_111' title='bbox 174 1768 372 1833; x_wconf 90' lang='lat' dir='ltr'><strong>uirtutem</strong></span> <span class='ocrx_word' id='word_1_112' title='bbox 397 1768 652 1833; x_wconf 84' lang='lat' dir='ltr'><strong>terribilium</strong></span> <span class='ocrx_word' id='word_1_113' title='bbox 669 1776 827 1834; x_wconf 92' lang='lat' dir='ltr'><strong>tuorum</strong></span> <span class='ocrx_word' id='word_1_114' title='bbox 843 1770 997 1835; x_wconf 88' lang='lat' dir='ltr'><strong>dicent:</strong></span> <span class='ocrx_word' id='word_1_115' title='bbox 1019 1769 1259 1834; x_wconf 87' lang='lat' dir='ltr'><strong>utsanctitatem</strong></span> 
     </span>
     <span class='ocr_line' id='line_1_15' title="bbox 111 1872 1258 1957; baseline -0.001 -20"><span class='ocrx_word' id='word_1_116' title='bbox 111 1874 278 1957; x_wconf 88' lang='lat' dir='ltr'><strong>loquentes</strong></span> <span class='ocrx_word' id='word_1_117' title='bbox 318 1878 348 1937; x_wconf 91' lang='grc' dir='ltr'><strong>θῖ</strong></span> <span class='ocrx_word' id='word_1_118' title='bbox 385 1872 536 1937; x_wconf 88' lang='lat' dir='ltr'><strong>mirabilia</strong></span> <span class='ocrx_word' id='word_1_119' title='bbox 574 1879 736 1939; x_wconf 90' lang='lat' dir='ltr'><strong>narrantes</strong></span> <span class='ocrx_word' id='word_1_120' title='bbox 775 1874 881 1939; x_wconf 88' lang='lat' dir='ltr'><strong>dicant</strong></span> <span class='ocrx_word' id='word_1_121' title='bbox 918 1892 1040 1957; x_wconf 89' lang='lat' dir='ltr'><strong>quoque</strong></span> <span class='ocrx_word' id='word_1_122' title='bbox 1078 1872 1258 1937; x_wconf 90' lang='lat' dir='ltr'><strong>terribilium</strong></span> 
     </span>
     <span class='ocr_line' id='line_1_16' title="bbox 111 1977 1312 2060; baseline -0.002 -18"><span class='ocrx_word' id='word_1_123' title='bbox 111 1978 271 2055; x_wconf 86' lang='lat' dir='ltr'><strong>uirtutem,</strong></span> <span class='ocrx_word' id='word_1_124' title='bbox 294 1977 398 2041; x_wconf 92' lang='lat' dir='ltr'><strong>media</strong></span> <span class='ocrx_word' id='word_1_125' title='bbox 421 1977 625 2042; x_wconf 89' lang='lat' dir='ltr'><strong>admiratione</strong></span> <span class='ocrx_word' id='word_1_126' title='bbox 647 1978 729 2043; x_wconf 92' lang='lat' dir='ltr'><strong>inter</strong></span> <span class='ocrx_word' id='word_1_127' title='bbox 751 1978 944 2042; x_wconf 87' lang='lat' dir='ltr'><strong>sanctitatem</strong></span> <span class='ocrx_word' id='word_1_128' title='bbox 975 1984 1066 2060; x_wconf 88' lang='lat' dir='ltr'><strong>atque</strong></span> <span class='ocrx_word' id='word_1_129' title='bbox 1101 1985 1259 2048; x_wconf 78' lang='lat' dir='ltr'><strong>terrorem.</strong></span> <span class='ocrx_word' id='word_1_130' title='bbox 1288 2000 1312 2036; x_wconf 86' lang='lat' dir='ltr'><strong>u</strong></span> 
     </span>
     <span class='ocr_line' id='line_1_17' title="bbox 111 2067 1301 2147; baseline -0.002 -1"><span class='ocrx_word' id='word_1_131' title='bbox 111 2083 190 2147; x_wconf 88' lang='lat' dir='ltr'><strong>dum</strong></span> <span class='ocrx_word' id='word_1_132' title='bbox 214 2086 246 2145; x_wconf 90' lang='lat' dir='ltr'><strong>at</strong></span> <span class='ocrx_word' id='word_1_133' title='bbox 267 2086 366 2146; x_wconf 91' lang='lat' dir='ltr'><strong>terror</strong></span> <span class='ocrx_word' id='word_1_134' title='bbox 388 2082 491 2146; x_wconf 85' lang='lat' dir='ltr'><strong>suauis</strong></span> <span class='ocrx_word' id='word_1_135' title='bbox 515 2088 546 2146; x_wconf 91' lang='grc' dir='ltr'><strong>θῖ</strong></span> <span class='ocrx_word' id='word_1_136' title='bbox 568 2080 716 2146; x_wconf 89' lang='lat' dir='ltr'><strong>terribilis</strong></span> <span class='ocrx_word' id='word_1_137' title='bbox 738 2082 874 2147; x_wconf 86' lang='lat' dir='ltr'><strong>suauitas</strong></span> <span class='ocrx_word' id='word_1_138' title='bbox 897 2081 1115 2147; x_wconf 89' lang='lat' dir='ltr'><strong>admirabilem</strong></span> <span class='ocrx_word' id='word_1_139' title='bbox 1131 2080 1207 2146; x_wconf 85' lang='lat' dir='ltr'><strong>facit</strong></span> <span class='ocrx_word' id='word_1_140' title='bbox 1229 2087 1260 2145; x_wconf 91' lang='lat' dir='ltr'><strong>et</strong></span> <span class='ocrx_word' id='word_1_141' title='bbox 1299 2067 1301 2069; x_wconf 40' lang='grc'>’</span> 
     </span>
     <span class='ocr_line' id='line_1_18' title="bbox 110 2185 882 2251; baseline 0 -1"><span class='ocrx_word' id='word_1_142' title='bbox 110 2193 266 2250; x_wconf 86' lang='lat' dir='ltr'><strong>terrorem</strong></span> <span class='ocrx_word' id='word_1_143' title='bbox 289 2204 415 2250; x_wconf 88' lang='lat' dir='ltr'><strong>suauem</strong></span> <span class='ocrx_word' id='word_1_144' title='bbox 441 2192 471 2250; x_wconf 91' lang='lat' dir='ltr'><strong>et</strong></span> <span class='ocrx_word' id='word_1_145' title='bbox 493 2185 663 2251; x_wconf 89' lang='lat' dir='ltr'><strong>terribilem</strong></span> <span class='ocrx_word' id='word_1_146' title='bbox 687 2186 882 2251; x_wconf 90' lang='lat' dir='ltr'><strong>suauitatem.</strong></span> 
     </span>
    </p>

    <p class='ocr_par' dir='ltr' id='par_1_4' title="bbox 41 2288 1333 3497">
     <span class='ocr_line' id='line_1_19' title="bbox 160 2288 1261 2374; baseline 0 -21"><span class='ocrx_word' id='word_1_147' title='bbox 160 2288 209 2353; x_wconf 82' lang='lat'><strong>12.</strong></span> <span class='ocrx_word' id='word_1_148' title='bbox 234 2288 279 2353; x_wconf 95' lang='lat' dir='ltr'><strong>Ob</strong></span> <span class='ocrx_word' id='word_1_149' title='bbox 303 2290 385 2372; x_wconf 91' lang='lat' dir='ltr'><strong>quod</strong></span> <span class='ocrx_word' id='word_1_150' title='bbox 408 2290 569 2374; x_wconf 89' lang='lat' dir='ltr'><strong>ingentem</strong></span> <span class='ocrx_word' id='word_1_151' title='bbox 585 2290 667 2354; x_wconf 87' lang='lat' dir='ltr'><strong>hanc</strong></span> <span class='ocrx_word' id='word_1_152' title='bbox 683 2290 874 2355; x_wconf 83' lang='lat' dir='ltr'><strong>admirandae</strong></span> <span class='ocrx_word' id='word_1_153' title='bbox 890 2290 1123 2371; x_wconf 90' lang='lat' dir='ltr'><strong>temperationis</strong></span> <span class='ocrx_word' id='word_1_154' title='bbox 1139 2290 1261 2372; x_wconf 91' lang='lat' dir='ltr'><strong>magni·</strong></span> 
     </span>
     <span class='ocr_line' id='line_1_20' title="bbox 111 2392 1259 2478; baseline -0.001 -21"><span class='ocrx_word' id='word_1_155' title='bbox 111 2394 256 2458; x_wconf 90' lang='lat' dir='ltr'><strong>tudinem</strong></span> <span class='ocrx_word' id='word_1_156' title='bbox 279 2394 431 2473; x_wconf 87' lang='lat' dir='ltr'><strong>propbeta</strong></span> <span class='ocrx_word' id='word_1_157' title='bbox 461 2392 647 2478; x_wconf 89' lang='lat' dir='ltr'><strong>intellegens</strong></span> <span class='ocrx_word' id='word_1_158' title='bbox 683 2394 828 2459; x_wconf 87' lang='lat' dir='ltr'><strong>subiecit:</strong></span> <span class='ocrx_word' id='word_1_159' title='bbox 864 2404 901 2459; x_wconf 90' lang='lat' dir='ltr'><strong>et</strong></span> <span class='ocrx_word' id='word_1_160' title='bbox 933 2394 1259 2477; x_wconf 83' lang='lat' dir='ltr'><strong>magnitudinem</strong></span> 
     </span>
     <span class='ocr_line' id='line_1_21' title="bbox 112 2497 1312 2581; baseline -0.001 -19"><span class='ocrx_word' id='word_1_161' title='bbox 112 2505 221 2562; x_wconf 87' lang='lat' dir='ltr'><strong>tuam</strong></span> <span class='ocrx_word' id='word_1_162' title='bbox 254 2497 485 2562; x_wconf 91' lang='lat' dir='ltr'><strong>narrabunt.</strong></span> <span class='ocrx_word' id='word_1_163' title='bbox 532 2498 755 2581; x_wconf 86' lang='lat' dir='ltr'><strong>magnitudinis</strong></span> <span class='ocrx_word' id='word_1_164' title='bbox 787 2498 869 2562; x_wconf 86' lang='lat' dir='ltr'><strong>enim</strong></span> <span class='ocrx_word' id='word_1_165' title='bbox 899 2497 1027 2561; x_wconf 83' lang='lat' dir='ltr'><strong>infinitae</strong></span> <span class='ocrx_word' id='word_1_166' title='bbox 1058 2503 1105 2561; x_wconf 90' lang='lat' dir='ltr'><strong>est</strong></span> <span class='ocrx_word' id='word_1_167' title='bbox 1138 2498 1169 2561; x_wconf 93' lang='lat' dir='ltr'><strong>in</strong></span> <span class='ocrx_word' id='word_1_168' title='bbox 1193 2498 1259 2575; x_wconf 89' lang='lat' dir='ltr'><strong>deo,</strong></span> <span class='ocrx_word' id='word_1_169' title='bbox 1288 2518 1312 2552; x_wconf 77' lang='lat' dir='ltr'><strong>ao</strong></span> 
     </span>
     <span class='ocr_line' id='line_1_22' title="bbox 111 2600 1260 2685; baseline 0.001 -20"><span class='ocrx_word' id='word_1_170' title='bbox 111 2601 199 2685; x_wconf 89' lang='lat' dir='ltr'><strong>quod</strong></span> <span class='ocrx_word' id='word_1_171' title='bbox 222 2600 358 2665; x_wconf 87' lang='lat' dir='ltr'><strong>terribile</strong></span> <span class='ocrx_word' id='word_1_172' title='bbox 379 2608 433 2679; x_wconf 87' lang='lat' dir='ltr'><strong>est,</strong></span> <span class='ocrx_word' id='word_1_173' title='bbox 457 2620 551 2665; x_wconf 88' lang='lat' dir='ltr'><strong>suane</strong></span> <span class='ocrx_word' id='word_1_174' title='bbox 575 2621 644 2666; x_wconf 88' lang='grc' dir='ltr'>θεεθ</span> <span class='ocrx_word' id='word_1_175' title='bbox 668 2606 706 2678; x_wconf 88' lang='lat' dir='ltr'><strong>st,</strong></span> <span class='ocrx_word' id='word_1_176' title='bbox 731 2604 813 2685; x_wconf 90' lang='lat' dir='ltr'><strong>quod</strong></span> <span class='ocrx_word' id='word_1_177' title='bbox 836 2621 929 2666; x_wconf 88' lang='lat' dir='ltr'><strong>suaue</strong></span> <span class='ocrx_word' id='word_1_178' title='bbox 953 2606 1094 2677; x_wconf 82' lang='lat' dir='ltr'><strong>estesse</strong></span> <span class='ocrx_word' id='word_1_179' title='bbox 1113 2600 1260 2666; x_wconf 90' lang='lat' dir='ltr'><strong>terribile.</strong></span> 
     </span>
     <span class='ocr_line' id='line_1_23' title="bbox 111 2692 1259 2789; baseline 0 -20"><span class='ocrx_word' id='word_1_180' title='bbox 111 2705 297 2789; x_wconf 82' lang='lat' dir='ltr'><strong>magnitudo</strong></span> <span class='ocrx_word' id='word_1_181' title='bbox 321 2712 423 2770; x_wconf 89' lang='lat' dir='ltr'><strong>autem</strong></span> <span class='ocrx_word' id='word_1_182' title='bbox 447 2725 507 2768; x_wconf 94' lang='lat' dir='ltr'><strong>non</strong></span> <span class='ocrx_word' id='word_1_183' title='bbox 532 2704 627 2771; x_wconf 90' lang='lat' dir='ltr'><strong>habet</strong></span> <span class='ocrx_word' id='word_1_184' title='bbox 650 2692 787 2783; x_wconf 60' lang='lat' dir='ltr'><strong>modum}</strong></span> <span class='ocrx_word' id='word_1_185' title='bbox 809 2726 857 2783; x_wconf 92' lang='lat' dir='ltr'><strong>ne,</strong></span> <span class='ocrx_word' id='word_1_186' title='bbox 881 2706 907 2770; x_wconf 91' lang='lat' dir='ltr'><strong>si</strong></span> <span class='ocrx_word' id='word_1_187' title='bbox 930 2706 1092 2770; x_wconf 90' lang='lat' dir='ltr'><strong>moderata</strong></span> <span class='ocrx_word' id='word_1_188' title='bbox 1114 2707 1162 2781; x_wconf 85' lang='lat' dir='ltr'><strong>sit,</strong></span> <span class='ocrx_word' id='word_1_189' title='bbox 1197 2706 1259 2769; x_wconf 92' lang='lat' dir='ltr'><strong>iam</strong></span> 
     </span>
     <span class='ocr_line' id='line_1_24' title="bbox 41 2804 1261 2894; baseline 0 -21"><span class='ocrx_word' id='word_1_190' title='bbox 41 2804 45 2815; x_wconf 88' lang='lat'>&#39;</span> <span class='ocrx_word' id='word_1_191' title='bbox 110 2808 295 2891; x_wconf 85' lang='lat' dir='ltr'><strong>magnitudo</strong></span> <span class='ocrx_word' id='word_1_192' title='bbox 330 2828 392 2871; x_wconf 90' lang='lat' dir='ltr'><strong>non</strong></span> <span class='ocrx_word' id='word_1_193' title='bbox 428 2809 467 2872; x_wconf 88' lang='lat' dir='ltr'><strong>sit</strong></span> <span class='ocrx_word' id='word_1_194' title='bbox 499 2830 555 2889; x_wconf 90' lang='lat' dir='ltr'><strong>per</strong></span> <span class='ocrx_word' id='word_1_195' title='bbox 589 2809 629 2886; x_wconf 87' lang='lat' dir='ltr'><strong>id,</strong></span> <span class='ocrx_word' id='word_1_196' title='bbox 664 2811 745 2893; x_wconf 90' lang='lat' dir='ltr'><strong>quod</strong></span> <span class='ocrx_word' id='word_1_197' title='bbox 781 2810 871 2873; x_wconf 91' lang='lat' dir='ltr'><strong>modo</strong></span> <span class='ocrx_word' id='word_1_198' title='bbox 906 2830 966 2873; x_wconf 93' lang='lat' dir='ltr'><strong>non</strong></span> <span class='ocrx_word' id='word_1_199' title='bbox 990 2814 1083 2874; x_wconf 87' lang='lat' dir='ltr'><strong>caret.</strong></span> <span class='ocrx_word' id='word_1_200' title='bbox 1130 2816 1164 2874; x_wconf 91' lang='lat' dir='ltr'><strong>ut</strong></span> <span class='ocrx_word' id='word_1_201' title='bbox 1187 2828 1261 2894; x_wconf 89' lang='lat' dir='ltr'><strong>ergo</strong></span> 
     </span>
     <span class='ocr_line' id='line_1_25' title="bbox 111 2912 1260 2999; baseline 0.002 -23"><span class='ocrx_word' id='word_1_202' title='bbox 111 2912 248 2993; x_wconf 76' lang='lat' dir='ltr'><strong>propriae</strong></span> <span class='ocrx_word' id='word_1_203' title='bbox 270 2912 431 2976; x_wconf 88' lang='lat' dir='ltr'><strong>admiratio</strong></span> <span class='ocrx_word' id='word_1_204' title='bbox 455 2913 626 2977; x_wconf 87' lang='lat' dir='ltr'><strong>sanctitatis</strong></span> <span class='ocrx_word' id='word_1_205' title='bbox 649 2921 741 2997; x_wconf 89' lang='lat' dir='ltr'><strong>atque</strong></span> <span class='ocrx_word' id='word_1_206' title='bbox 764 2914 889 2978; x_wconf 90' lang='lat' dir='ltr'><strong>terroris</strong></span> <span class='ocrx_word' id='word_1_207' title='bbox 903 2913 935 2978; x_wconf 93' lang='lat' dir='ltr'><strong>in</strong></span> <span class='ocrx_word' id='word_1_208' title='bbox 951 2914 1175 2999; x_wconf 88' lang='lat' dir='ltr'><strong>magnitudinis</strong></span> <span class='ocrx_word' id='word_1_209' title='bbox 1198 2933 1260 2978; x_wconf 70' lang='grc' dir='ltr'>θεεθ</span> 
     </span>
     <span class='ocr_line' id='line_1_26' title="bbox 111 3016 1314 3098; baseline 0 -17"><span class='ocrx_word' id='word_1_210' title='bbox 111 3016 266 3081; x_wconf 85' lang='lat' dir='ltr'><strong>infinitate</strong></span> <span class='ocrx_word' id='word_1_211' title='bbox 300 3016 454 3093; x_wconf 86' lang='lat' dir='ltr'><strong>consistat,</strong></span> <span class='ocrx_word' id='word_1_212' title='bbox 488 3036 636 3081; x_wconf 90' lang='lat' dir='ltr'><strong>mansura</strong></span> <span class='ocrx_word' id='word_1_213' title='bbox 659 3022 707 3082; x_wconf 89' lang='grc' dir='ltr'>θεῖ</span> <span class='ocrx_word' id='word_1_214' title='bbox 730 3024 761 3082; x_wconf 89' lang='lat' dir='ltr'><strong>ct</strong></span> <span class='ocrx_word' id='word_1_215' title='bbox 784 3037 909 3098; x_wconf 91' lang='lat' dir='ltr'><strong>semper</strong></span> <span class='ocrx_word' id='word_1_216' title='bbox 944 3024 975 3082; x_wconf 91' lang='lat' dir='ltr'><strong>et</strong></span> <span class='ocrx_word' id='word_1_217' title='bbox 1007 3018 1169 3083; x_wconf 89' lang='lat' dir='ltr'><strong>abundans</strong></span> <span class='ocrx_word' id='word_1_218' title='bbox 1202 3038 1261 3082; x_wconf 91' lang='lat' dir='ltr'><strong>nec</strong></span> <span class='ocrx_word' id='word_1_219' title='bbox 1289 3044 1314 3081; x_wconf 77' lang='lat' dir='ltr'><strong>aa</strong></span> 
     </span>
     <span class='ocr_line' id='line_1_27' title="bbox 111 3118 1260 3201; baseline 0 -16"><span class='ocrx_word' id='word_1_220' title='bbox 111 3128 254 3201; x_wconf 87' lang='lat' dir='ltr'><strong>tempora</strong></span> <span class='ocrx_word' id='word_1_221' title='bbox 278 3118 406 3184; x_wconf 80' lang='lat' dir='ltr'><strong>delinita</strong></span> <span class='ocrx_word' id='word_1_222' title='bbox 428 3140 486 3185; x_wconf 89' lang='lat' dir='ltr'><strong>nec</strong></span> <span class='ocrx_word' id='word_1_223' title='bbox 509 3120 605 3201; x_wconf 86' lang='lat' dir='ltr'><strong>copia.</strong></span> <span class='ocrx_word' id='word_1_224' title='bbox 652 3121 820 3186; x_wconf 90' lang='lat' dir='ltr'><strong>etidcirco</strong></span> <span class='ocrx_word' id='word_1_225' title='bbox 843 3122 1001 3187; x_wconf 81' lang='lat' dir='ltr'><strong>conexuit:</strong></span> <span class='ocrx_word' id='word_1_226' title='bbox 1029 3122 1260 3187; x_wconf 89' lang='lat' dir='ltr'><strong>memoriam</strong></span> 
     </span>
     <span class='ocr_line' id='line_1_28' title="bbox 112 3222 1262 3308; baseline 0 -19"><span class='ocrx_word' id='word_1_227' title='bbox 112 3222 375 3289; x_wconf 80' lang='lat' dir='ltr'><strong>abundantiae</strong></span> <span class='ocrx_word' id='word_1_228' title='bbox 410 3225 631 3289; x_wconf 90' lang='lat' dir='ltr'><strong>suauitatis</strong></span> <span class='ocrx_word' id='word_1_229' title='bbox 667 3232 740 3289; x_wconf 83' lang='lat' dir='ltr'><strong>tuae</strong></span> <span class='ocrx_word' id='word_1_230' title='bbox 776 3225 1066 3290; x_wconf 88' lang='lat' dir='ltr'><strong>eructuabunt:</strong></span> <span class='ocrx_word' id='word_1_231' title='bbox 1102 3226 1174 3308; x_wconf 90' lang='lat' dir='ltr'><strong>quia</strong></span> <span class='ocrx_word' id='word_1_232' title='bbox 1203 3245 1262 3289; x_wconf 87' lang='lat' dir='ltr'><strong>nec</strong></span> 
     </span>
     <span class='ocr_line' id='line_1_29' title="bbox 112 3326 1333 3409; baseline 0 -18"><span class='ocrx_word' id='word_1_233' title='bbox 112 3326 268 3392; x_wconf 90' lang='lat' dir='ltr'><strong>memoria</strong></span> <span class='ocrx_word' id='word_1_234' title='bbox 301 3327 454 3393; x_wconf 89' lang='lat' dir='ltr'><strong>obliuione</strong></span> <span class='ocrx_word' id='word_1_235' title='bbox 489 3329 688 3409; x_wconf 86' lang='lat' dir='ltr'><strong>intercipitur,</strong></span> <span class='ocrx_word' id='word_1_236' title='bbox 723 3349 781 3394; x_wconf 91' lang='lat' dir='ltr'><strong>nec</strong></span> <span class='ocrx_word' id='word_1_237' title='bbox 814 3328 1002 3393; x_wconf 90' lang='lat' dir='ltr'><strong>abundantia</strong></span> <span class='ocrx_word' id='word_1_238' title='bbox 1036 3348 1091 3409; x_wconf 92' lang='lat' dir='ltr'><strong>per</strong></span> <span class='ocrx_word' id='word_1_239' title='bbox 1123 3328 1259 3408; x_wconf 92' lang='lat' dir='ltr'><strong>inopiam</strong></span> <span class='ocrx_word' id='word_1_240' title='bbox 1329 3355 1333 3361; x_wconf 82' lang='lat'><strong>·</strong></span> 
     </span>
     <span class='ocr_line' id='line_1_30' title="bbox 111 3430 1062 3497; baseline -0.008 0"><span class='ocrx_word' id='word_1_241' title='bbox 111 3430 297 3497; x_wconf 88' lang='lat' dir='ltr'><strong>detrahitur.</strong></span> <span class='ocrx_word' id='word_1_242' title='bbox 1060 3434 1062 3437; x_wconf 77' lang='grc'><strong>’</strong></span> 
     </span>
    </p>

    <p class='ocr_par' dir='ltr' id='par_1_5' title="bbox 110 3534 1312 3827">
     <span class='ocr_line' id='line_1_31' title="bbox 159 3534 1312 3617; baseline 0 -18"><span class='ocrx_word' id='word_1_243' title='bbox 159 3534 211 3600; x_wconf 85' lang='grc'><strong>13.</strong></span> <span class='ocrx_word' id='word_1_244' title='bbox 234 3534 346 3600; x_wconf 83' lang='lat' dir='ltr'><strong>Tenuit</strong></span> <span class='ocrx_word' id='word_1_245' title='bbox 376 3542 479 3601; x_wconf 90' lang='lat' dir='ltr'><strong>autem</strong></span> <span class='ocrx_word' id='word_1_246' title='bbox 509 3536 650 3601; x_wconf 88' lang='lat' dir='ltr'><strong>ordinem</strong></span> <span class='ocrx_word' id='word_1_247' title='bbox 681 3534 832 3617; x_wconf 86' lang='lat' dir='ltr'><strong>propheta</strong></span> <span class='ocrx_word' id='word_1_248' title='bbox 861 3535 996 3613; x_wconf 88' lang='lat' dir='ltr'><strong>rationis,</strong></span> <span class='ocrx_word' id='word_1_249' title='bbox 1020 3542 1052 3600; x_wconf 93' lang='lat' dir='ltr'><strong>ut</strong></span> <span class='ocrx_word' id='word_1_250' title='bbox 1074 3536 1257 3612; x_wconf 85' lang='lat' dir='ltr'><strong>memoriam</strong></span> <span class='ocrx_word' id='word_1_251' title='bbox 1285 3562 1312 3600; x_wconf 79' lang='lat' dir='ltr'><strong>ao</strong></span> 
     </span>
     <span class='ocr_line' id='line_1_32' title="bbox 111 3632 1260 3706; baseline -0.001 0"><span class='ocrx_word' id='word_1_252' title='bbox 111 3648 144 3706; x_wconf 86' lang='lat' dir='ltr'><strong>et</strong></span> <span class='ocrx_word' id='word_1_253' title='bbox 167 3639 390 3703; x_wconf 88' lang='lat' dir='ltr'><strong>abundantiam</strong></span> <span class='ocrx_word' id='word_1_254' title='bbox 414 3640 573 3705; x_wconf 85' lang='lat' dir='ltr'><strong>suauitatis</strong></span> <span class='ocrx_word' id='word_1_255' title='bbox 597 3640 779 3705; x_wconf 86' lang='lat' dir='ltr'><strong>condicione</strong></span> <span class='ocrx_word' id='word_1_256' title='bbox 794 3645 825 3705; x_wconf 92' lang='lat' dir='ltr'><strong>et</strong></span> <span class='ocrx_word' id='word_1_257' title='bbox 840 3632 1006 3704; x_wconf 80' lang='lat' dir='ltr'><strong>moderatae</strong></span> <span class='ocrx_word' id='word_1_258' title='bbox 1022 3644 1053 3705; x_wconf 92' lang='lat' dir='ltr'><strong>et</strong></span> <span class='ocrx_word' id='word_1_259' title='bbox 1068 3648 1260 3705; x_wconf 76' lang='lat' dir='ltr'><strong>conseruata</strong></span> 
     </span>
     <span class='ocr_line' id='line_1_33' title="bbox 110 3742 1261 3827; baseline 0.001 -19"><span class='ocrx_word' id='word_1_260' title='bbox 110 3742 340 3827; x_wconf 87' lang='lat' dir='ltr'><strong>magnitudinis</strong></span> <span class='ocrx_word' id='word_1_261' title='bbox 352 3744 669 3826; x_wconf 86' lang='lat' dir='ltr'><strong>temperaretdicens:</strong></span> <span class='ocrx_word' id='word_1_262' title='bbox 687 3749 724 3808; x_wconf 89' lang='grc' dir='ltr'><strong>θῖ</strong></span> <span class='ocrx_word' id='word_1_263' title='bbox 743 3744 909 3809; x_wconf 87' lang='lat' dir='ltr'><strong>iustitia</strong></span> <span class='ocrx_word' id='word_1_264' title='bbox 927 3750 990 3809; x_wconf 91' lang='lat' dir='ltr'><strong>tua</strong></span> <span class='ocrx_word' id='word_1_265' title='bbox 1010 3743 1261 3809; x_wconf 85' lang='lat' dir='ltr'><strong>exultabunt·</strong></span> 
     </span>
    </p>
   </div>
   <div class='ocr_carea' id='block_1_4' title="bbox 157 3939 1261 4056">
    <p class='ocr_par' dir='ltr' id='par_1_6' title="bbox 157 3939 1261 4056">
     <span class='ocr_line' id='line_1_34' title="bbox 157 3939 1261 4056; baseline 0 -15"><span class='ocrx_word' id='word_1_266' title='bbox 157 3990 177 4041; x_wconf 89' lang='lat'>4</span> <span class='ocrx_word' id='word_1_267' title='bbox 194 3986 412 4041; x_wconf 89' lang='lat' dir='ltr'><strong>beniuolentiam</strong></span> <span class='ocrx_word' id='word_1_268' title='bbox 430 3988 475 4040; x_wconf 75' lang='lat' dir='ltr'><strong>Rc</strong></span> <span class='ocrx_word' id='word_1_269' title='bbox 499 3987 722 4041; x_wconf 86' lang='lat' dir='ltr'><strong>beneuolentiam</strong></span> <span class='ocrx_word' id='word_1_270' title='bbox 741 4008 751 4038; x_wconf 84' lang='lat' dir='ltr'><strong>e</strong></span> <span class='ocrx_word' id='word_1_271' title='bbox 805 3991 821 4040; x_wconf 88' lang='grc'>9</span> <span class='ocrx_word' id='word_1_272' title='bbox 840 4004 872 4032; x_wconf 70' lang='lat'><strong>⁷-</strong></span> <span class='ocrx_word' id='word_1_273' title='bbox 883 3939 1042 4041; x_wconf 47' lang='grc' dir='ltr'>Ἐέτοείε</span> <span class='ocrx_word' id='word_1_274' title='bbox 1061 4006 1126 4041; x_wconf 87' lang='lat' dir='ltr'><strong>corr.</strong></span> <span class='ocrx_word' id='word_1_275' title='bbox 1145 4007 1177 4041; x_wconf 88' lang='lat' dir='ltr'><strong>m.</strong></span> <span class='ocrx_word' id='word_1_276' title='bbox 1192 3989 1209 4041; x_wconf 95' lang='lat'><strong><em>1</em></strong></span> <span class='ocrx_word' id='word_1_277' title='bbox 1227 3990 1261 4056; x_wconf 83' lang='lat' dir='ltr'><strong>R,</strong></span> 
     </span>
    </p>
   </div>
   <div class='ocr_carea' id='block_1_5' title="bbox 42 4072 1374 4388">
    <p class='ocr_par' dir='ltr' id='par_1_7' title="bbox 42 4072 1374 4388">
     <span class='ocr_line' id='line_1_35' title="bbox 110 4072 1263 4142; baseline 0.001 -15"><span class='ocrx_word' id='word_1_278' title='bbox 110 4072 285 4127; x_wconf 82' lang='lat' dir='ltr'><strong>berrorise</strong></span> <span class='ocrx_word' id='word_1_279' title='bbox 337 4090 372 4126; x_wconf 83' lang='lat' dir='ltr'><strong>ne</strong></span> <span class='ocrx_word' id='word_1_280' title='bbox 391 4073 414 4125; x_wconf 86' lang='lat' dir='ltr'><strong>si</strong></span> <span class='ocrx_word' id='word_1_281' title='bbox 433 4090 489 4127; x_wconf 86' lang='lat' dir='ltr'><strong>non</strong></span> <span class='ocrx_word' id='word_1_282' title='bbox 508 4074 547 4126; x_wconf 81' lang='lat' dir='ltr'><strong>Rb</strong></span> <span class='ocrx_word' id='word_1_283' title='bbox 566 4074 619 4127; x_wconf 86' lang='lat' dir='ltr'><strong>nisi</strong></span> <span class='ocrx_word' id='word_1_284' title='bbox 638 4092 725 4128; x_wconf 84' lang='lat' dir='ltr'><strong>none</strong></span> <span class='ocrx_word' id='word_1_285' title='bbox 780 4077 809 4127; x_wconf 92' lang='lat'><strong>11</strong></span> <span class='ocrx_word' id='word_1_286' title='bbox 830 4080 972 4142; x_wconf 88' lang='lat' dir='ltr'><strong>tamquam</strong></span> <span class='ocrx_word' id='word_1_287' title='bbox 991 4076 1016 4128; x_wconf 82' lang='lat' dir='ltr'><em>R</em></span> <span class='ocrx_word' id='word_1_288' title='bbox 1034 4080 1063 4128; x_wconf 87' lang='lat' dir='ltr'><strong>et</strong></span> <span class='ocrx_word' id='word_1_289' title='bbox 1081 4079 1222 4142; x_wconf 86' lang='lat' dir='ltr'><strong>tamquam</strong></span> <span class='ocrx_word' id='word_1_290' title='bbox 1235 4077 1263 4128; x_wconf 87' lang='lat' dir='ltr'><em>E</em></span> 
     </span>
     <span class='ocr_line' id='line_1_36' title="bbox 112 4155 1374 4216; baseline 0.002 -1"><span class='ocrx_word' id='word_1_291' title='bbox 112 4164 148 4215; x_wconf 88' lang='lat'><strong>18</strong></span> <span class='ocrx_word' id='word_1_292' title='bbox 167 4159 329 4213; x_wconf 87' lang='lat' dir='ltr'><strong>admiranda</strong></span> <span class='ocrx_word' id='word_1_293' title='bbox 357 4160 383 4212; x_wconf 83' lang='lat' dir='ltr'><strong>a</strong></span> <span class='ocrx_word' id='word_1_294' title='bbox 436 4162 470 4214; x_wconf 81' lang='grc'><strong>26</strong></span> <span class='ocrx_word' id='word_1_295' title='bbox 489 4160 620 4213; x_wconf 85' lang='lat' dir='ltr'><strong>conexuit</strong></span> <span class='ocrx_word' id='word_1_296' title='bbox 647 4162 673 4213; x_wconf 84' lang='lat' dir='ltr'><em>R</em></span> <span class='ocrx_word' id='word_1_297' title='bbox 700 4162 851 4215; x_wconf 86' lang='lat' dir='ltr'><strong>connexuit</strong></span> <span class='ocrx_word' id='word_1_298' title='bbox 879 4163 906 4213; x_wconf 83' lang='grc' dir='ltr'><em>Ε</em></span> <span class='ocrx_word' id='word_1_299' title='bbox 957 4163 991 4213; x_wconf 76' lang='grc'><strong>27</strong></span> <span class='ocrx_word' id='word_1_300' title='bbox 1009 4162 1214 4216; x_wconf 87' lang='lat' dir='ltr'><strong>habundantiae</strong></span> <span class='ocrx_word' id='word_1_301' title='bbox 1238 4174 1261 4216; x_wconf 83' lang='lat' dir='ltr'><strong>et</strong></span> <span class='ocrx_word' id='word_1_302' title='bbox 1369 4155 1374 4166; x_wconf 71' lang='grc'><em>“</em></span> 
     </span>
     <span class='ocr_line' id='line_1_37' title="bbox 42 4246 1261 4315; baseline 0.003 -16"><span class='ocrx_word' id='word_1_303' title='bbox 42 4292 46 4299; x_wconf 97' lang='grc'>.</span> <span class='ocrx_word' id='word_1_304' title='bbox 110 4246 283 4315; x_wconf 76' lang='lat' dir='ltr'><strong>sicinacp.lt</strong></span> <span class='ocrx_word' id='word_1_305' title='bbox 336 4248 772 4301; x_wconf 80' lang='lat' dir='ltr'><strong>eructuabuntReructabuntE</strong></span> <span class='ocrx_word' id='word_1_306' title='bbox 822 4248 1050 4302; x_wconf 76' lang='lat' dir='ltr'><strong>28memoriaaR</strong></span> <span class='ocrx_word' id='word_1_307' title='bbox 1101 4250 1261 4303; x_wconf 75' lang='lat' dir='ltr'><strong>borationia</strong></span> 
     </span>
     <span class='ocr_line' id='line_1_38' title="bbox 111 4333 845 4388; baseline 0.001 -1"><span class='ocrx_word' id='word_1_308' title='bbox 111 4336 161 4387; x_wconf 83' lang='lat' dir='ltr'><strong>Ra</strong></span> <span class='ocrx_word' id='word_1_309' title='bbox 180 4333 313 4387; x_wconf 85' lang='lat' dir='ltr'><strong>orationis</strong></span> <span class='ocrx_word' id='word_1_310' title='bbox 331 4352 343 4383; x_wconf 78' lang='lat' dir='ltr'><strong>c</strong></span> <span class='ocrx_word' id='word_1_311' title='bbox 395 4334 556 4387; x_wconf 88' lang='lat' dir='ltr'><strong>memoriam</strong></span> <span class='ocrx_word' id='word_1_312' title='bbox 575 4334 793 4388; x_wconf 87' lang='lat' dir='ltr'><strong>habundantiam</strong></span> <span class='ocrx_word' id='word_1_313' title='bbox 812 4336 845 4388; x_wconf 84' lang='lat' dir='ltr'><strong>R.</strong></span> 
     </span>
    </p>
   </div>
   <div class='ocr_carea' id='block_1_6' title="bbox 1071 4364 1152 4457">
    <p class='ocr_par' dir='ltr' id='par_1_8' title="bbox 1071 4364 1152 4457">
     <span class='ocr_line' id='line_1_39' title="bbox 1071 4364 1152 4457; baseline 0 0"><span class='ocrx_word' id='word_1_314' title='bbox 1071 4364 1152 4457; x_wconf 52' lang='lat'><strong>53⁶</strong></span> 
     </span>
    </p>
   </div>
   <div class='ocr_carea' id='block_1_7' title="bbox 169 4454 499 4504">
    <p class='ocr_par' dir='ltr' id='par_1_9' title="bbox 169 4454 499 4504">
     <span class='ocr_line' id='line_1_40' title="bbox 169 4454 499 4504; baseline 0.003 -11"><span class='ocrx_word' id='word_1_315' title='bbox 169 4454 242 4493; x_wconf 77' lang='lat' dir='ltr'><strong>xxii.</strong></span> <span class='ocrx_word' id='word_1_316' title='bbox 257 4454 328 4493; x_wconf 74' lang='lat' dir='ltr'><strong>nitar.</strong></span> <span class='ocrx_word' id='word_1_317' title='bbox 343 4454 401 4503; x_wconf 62' lang='lat' dir='ltr'><strong>Rict.</strong></span> <span class='ocrx_word' id='word_1_318' title='bbox 416 4454 499 4504; x_wconf 78' lang='lat' dir='ltr'><strong>paral.</strong></span> 
     </span>
    </p>
   </div>
   <div class='ocr_carea' id='block_1_8' title="bbox 0 0 1542 4967">
    <p class='ocr_par' dir='ltr' id='par_1_10' title="bbox 0 0 1542 4967">
     <span class='ocr_line' id='line_1_41' title="bbox 0 0 1542 4967; baseline 0 0"><span class='ocrx_word' id='word_1_319' title='bbox 0 0 1542 4967; x_wconf 95' lang='lat' dir='ltr'><strong> </strong></span> 
     </span>
    </p>
   </div>
  </div>
 </body>
</html>
