3075 4967
280 269 342 334 372
618 270 737 324 saneti
761 271 900 324 Hilarii
924 272 1087 340 episeopi

279 461 362 526 istud
386 461 564 525 existimari.
610 460 664 525 sed
689 480 790 543 neque
815 459 872 525 hoe
894 480 975 525 nuno
996 459 1148 545 propheta
1164 462 1268 541 sensit
1291 463 1427 527 maxime

280 565 388 649 quiin
411 570 475 630 toto
499 563 592 629 eorde
615 565 708 629 deum
732 564 938 648 perquisierit.

323 669 352 734 l.
377 669 439 735 Sed
462 667 612 733 absolutio
635 667 851 733 difficultatum
881 670 914 734 in
944 668 994 734 his
1017 670 1093 751 ipsis
1115 669 1304 753 requirenda
1326 677 1384 746 est,
1409 690 1427 735 e

280 775 392 859 quibus
432 773 553 838 uidetur
594 773 731 837 existere.
795 771 946 854 prophete
986 774 1069 838 euim
1107 774 1182 857 quid
1216 774 1357 851 senserit
1394 775 1427 838 in

239 904 251 940 e
280 883 424 960 promptu
447 882 494 942 θεῖ
517 895 654 942 noscere.
700 876 834 962 legimus
864 878 1012 958 seriptum
1042 877 1075 941 in
1098 876 1275 942 Hieremia:
1306 876 1427 942 male·

279 983 423 1060 dietus,
440 983 506 1066 qui
529 981 630 1047 lacit
648 1001 771 1062 opera
793 981 946 1046 domini
969 981 1252 1066 neglegenter.
1288 981 1427 1064 legimus

279 1092 311 1151 et
333 1086 364 1151 iu
389 1084 559 1171 euangeliis
590 1086 756 1166 seriptum:
787 1085 891 1150 omni
923 1086 1029 1151 enlm
1059 1084 1229 1151 habenti
1260 1083 1428 1150 dabitur

279 1190 581 1269 etehundebit3
605 1189 731 1273 etqui
755 1189 985 1268 nonhabet,
1015 1190 1137 1254 etiam
1172 1189 1276 1274 quod
1300 1188 1427 1253 habet

278 1293 491 1360 auferetur
513 1294 558 1358 ab
583 1315 634 1360 eo.
680 1313 754 1379 ergo
778 1293 897 1358 habens
920 1292 1106 1371 abundabit;
1130 1313 1190 1357 non
1211 1291 1335 1358 habeus
1351 1313 1427 1359 uero

227 1423 251 1460 ro
279 1401 345 1483 ipso
379 1398 439 1476 illo,
463 1398 544 1483 quod
578 1397 681 1476 habet,
716 1397 880 1483 indigebit.
925 1397 1076 1479 propheta
1098 1417 1160 1462 non
1194 1404 1242 1462 est
1271 1398 1428 1463 obnoxius

278 1502 503 1568 meledictionis
527 1503 706 1582 condicioni,
736 1503 808 1586 quia
831 1522 892 1566 nou
915 1501 1120 1586 neglegenter
1148 1522 1243 1582 opera
1274 1503 1324 1567 dei
1358 1504 1426 1587 egit

279 1627 349 1672 eum
384 1611 448 1673 ῖθῖο
481 1607 573 1672 eorde
606 1608 801 1690 perquirens.
847 1607 960 1672 deinde
994 1605 1185 1672 confidenter
1216 1605 1302 1688 petit,
1335 1626 1377 1671 ne
1409 1627 1427 1670 a

278 1711 433 1776 mandatis
456 1711 505 1776 dei
528 1710 687 1791 apelletur,
711 1710 784 1794 quia
806 1730 878 1776 eum
901 1717 962 1775 toto
985 1711 1077 1776 eorde
1100 1711 1267 1794 perquirat.
1314 1700 1426 1776 seeun-

278 1816 354 1880 dum
377 1814 539 1899 euangelia
554 1816 636 1880 enim
654 1814 781 1880 habenti
797 1814 929 1892 dabitur,
953 1821 985 1880 et
999 1815 1036 1893 ei,
1056 1815 1185 1898 quinon
1204 1813 1310 1892 babet,
1326 1814 1426 1880 etiam

227 1943 251 1978 ιε
279 1920 320 1998 id,
344 1921 425 2004 quod
449 1918 552 1996 habet,
576 1919 737 1984 auferetur.
783 1921 860 1985 deus
893 1919 988 2002 igitur
1017 1937 1080 1983 non
1113 1919 1233 1984 auferet
1264 1919 1326 1983 nisi
1365 1937 1426 1983 non

278 2023 413 2100 habenti,
437 2025 605 2090 seeundum
630 2025 712 2108 quod
736 2043 837 2106 neque
859 2021 981 2103 repellit
1003 2023 1062 2087 uisi
1079 2021 1307 2106 neglegentem.
1345 2022 1426 2087 adeo

278 2133 380 2193 autern
404 2128 540 2193 bonitate
562 2126 670 2209 plenus
694 2133 748 2205 est,
772 2133 807 2192 ut
829 2126 994 2192 habentem
1018 2127 1210 2191 abundantia
1224 2133 1424 2192 muneretur:

278 2233 353 2298 adeo
375 2253 448 2296 uero
473 2251 532 2296 non
555 2231 621 2296 uult
643 2251 832 2315 quemquam
866 2251 927 2295 non
962 2229 1086 2309 habere,
1121 2231 1164 2295 uti
1198 2248 1259 2294 non
1293 2227 1427 2296 habenti

277 2336 389 2416 ipsum,
412 2336 494 2420 quod
517 2335 619 2414 hebet,
644 2337 771 2402 adimat.

225 2461 251 2498 n
323 2439 351 2504 5.
374 2439 540 2505 Neminem
574 2441 669 2524 igitur
702 2439 761 2505 nisi
795 2440 986 2504 obnitentem
1019 2437 1148 2523 repellit,
1178 2439 1339 2504 neminem
1366 2439 1425 2503 nisi

277 2543 495 2628 neglegentem
520 2544 616 2608 reicit.
662 2542 744 2610 hane
767 2544 852 2608 euim
875 2541 1028 2623 prophete
1050 2541 1185 2622 praetulit
1208 2561 1349 2620 eausam,
1373 2563 1427 2609 eur

277 2667 310 2712 se
333 2668 393 2712 non
418 2646 525 2729 repelli
548 2668 567 2712 ε
590 2647 744 2712 mandatis
775 2648 826 2712 dei
855 2652 1039 2727 precaretur,
1070 2646 1143 2729 quia
1176 2666 1237 2710 non
1259 2665 1299 2710 ex
1334 2653 1426 2727 parte

277 2771 377 2835 neque
400 2771 456 2835 per
478 2752 627 2817 desidiam
653 2753 756 2828 deum,
780 2750 835 2816 sed
858 2756 921 2815 toto
943 2748 1036 2814 eorde
1060 2750 1238 2833 quaesisset3
1261 2769 1320 2830 per
1342 2751 1425 2834 quod

277 2855 487 2940 intellegimus
510 2875 581 2921 eum
604 2877 622 2919 a
646 2855 802 2920 mendatis
825 2854 941 2939 repelli,
965 2855 1017 2938 qul
1042 2873 1096 2934 per
1118 2852 1248 2918 multem
1269 2851 1423 2920 incuriam

225 2977 250 3017 ae
279 2959 370 3025 luerit
391 2959 537 3045 indignus
561 2960 698 3024 admitti:
723 2965 755 3024 et
778 2963 864 3024 extra
886 2958 1056 3024 inhibentis
1078 2958 1227 3022 inuidiam
1250 2962 1308 3035 est,
1344 2957 1423 3042 quod

278 3065 317 3128 de
340 3062 429 3145 eulpa
451 3062 655 3144 proficiscitur
677 3083 737 3129 nou
762 3064 917 3128 merentis.

321 3240 337 3292 s
356 3239 476 3292 Hieram.
495 3237 618 3306 nurui,
640 3241 679 3292 ro.
716 3242 730 3291 r
750 3237 848 3292 naeth.
866 3235 951 3305 uxr,
969 3239 1011 3291 aa.

322 3379 425 3432 liatnt
449 3377 473 3430 V
522 3377 681 3430 existimare
696 3377 746 3446 pE
797 3375 883 3430 sensit-
901 3395 932 3429 ez
949 3376 1070 3447 sentitp
1088 3375 1215 3429 seutitE
1263 3375 1373 3429 ddum
1387 3376 1424 3445 Cp

279 3464 472 3532 quaesieritld
523 3463 751 3519 BebsolutiusV
799 3461 1037 3530 requirendumV
1085 3463 1256 3516 beerlbtum
1271 3461 1297 3515 V
1349 3462 1424 3517 ele-

278 3552 369 3620 gimus
400 3569 430 3604 ex
458 3549 592 3619 legeimus
622 3569 654 3602 m.
682 3551 702 3602 2
734 3549 759 3606 V
817 3551 881 3603 set
907 3548 1062 3604 abundabit
1089 3567 1137 3602 om.
1169 3549 1193 3602 V
1243 3549 1426 3612 llaul'eretnr

278 3638 409 3692 habeut*
459 3653 514 3690 non
532 3637 636 3690 habens
654 3663 688 3674 -
706 3637 845 3706 indigebit
862 3653 910 3689 orn.
931 3636 968 3705 Cp
1024 3638 1057 3691 10
1074 3635 1216 3688 noxiusC
1268 3638 1300 3688 12
1320 3641 1382 3690 ῖοῖο
1396 3653 1425 3687 er

277 3729 366 3778 tototo
385 3743 418 3778 m.
432 3723 451 3776 2
467 3724 493 3777 V
544 3723 576 3778 13
594 3723 730 3791 apelletur
749 3741 779 3776 ee
797 3723 953 3791 appellatur
972 3741 1006 3775 m.
1027 3721 1046 3774 2
1072 3721 1269 3791 Vappellatur
1286 3723 1314 3774 R
1333 3722 1424 3791 repel-

278 3811 352 3865 latur
373 3811 440 3881 CpE
490 3810 538 3878 qni
561 3810 586 3865 V
635 3827 697 3863 eum
726 3827 756 3863 ex
783 3826 846 3863 eum
870 3827 903 3862 m.
921 3808 985 3863 312
1039 3809 1174 3863 tretium
1196 3808 1320 3876 idquod
1339 3809 1423 3863 babet

278 3899 339 3951 odd.
358 3917 390 3952 m.
410 3897 430 3948 2
454 3897 482 3964 V,
502 3915 549 3950 om.
568 3897 696 3950 Italiam
721 3897 794 3964 quod
812 3896 896 3950 habet
914 3897 943 3948 E
1015 3897 1047 3949 15
1073 3895 1165 3950 aufert
1186 3895 1245 3949 VCe
1317 3899 1352 3950 16
1378 3913 1423 3948 re·

278 3983 365 4052 pellet
388 4003 408 4054 p
461 3983 529 4037 adeo
557 3981 587 4047 (i.
614 4001 666 4036 ras.
694 3983 733 4048 R)
762 3987 854 4037 autem
882 3983 948 4052 Jeep
975 4001 1024 4035 om.
1054 3982 1079 4035 V
1130 3985 1162 4035 l'l
1180 3981 1373 4035 habundantia
1397 3982 1423 4034 R

279 4075 407 4124 muneret
427 4071 464 4140 Cp
518 4072 551 4124 le
568 4069 637 4124 adeo
664 4075 756 4124 sutem
776 4070 802 4123 It
854 4075 887 4123 ut
906 4069 934 4121 E
983 4071 1019 4124 20
1037 4067 1254 4122 obtinentemC
1301 4064 1425 4137 pellitV

278 4159 309 4209 21
331 4158 419 4225 qurld
471 4159 505 4212 22
522 4163 699 4226 praeoaretur
714 4155 762 4211 VR
815 4158 848 4211 28
866 4156 934 4209 dfirn
945 4157 983 4226 Cp
1040 4156 1170 4209 totumV
1219 4153 1254 4208 24
1272 4172 1288 4209 ε
1305 4157 1368 4208 odd.
1387 4173 1421 4206 m.

280 4245 298 4295 2
323 4244 347 4298 V
396 4246 430 4298 25
448 4244 605 4298 inhibendis
626 4245 648 4297 C
697 4243 832 4298 inuidiam
851 4263 880 4296 ez
897 4243 1002 4296 inuiam
1020 4261 1053 4296 m.
1072 4241 1092 4295 2
1115 4242 1144 4295 V.
