3075 4967
280 210 344 276 648
620 213 736 266 sancti
760 213 896 268 Hilarii
921 215 1083 284 episcopi

280 409 373 468 sunt
395 403 719 468 inexcrutabilia
740 403 898 469 iudicia
921 405 1009 470 eius
1039 413 1077 471 et
1099 406 1410 494 inuestigabiles

279 508 354 572 uiae
383 508 488 574 eins!
523 506 614 590 quis
637 509 743 573 enim
767 509 965 594 cognouit
990 529 1153 576 sensum
1176 511 1327 576 domini
1354 522 1410 578 ant

280 611 370 695 quis
393 611 665 677 consiliarius
687 612 774 678 eins
797 612 899 680 fnit?
932 619 998 678 aut
1021 615 1111 697 quie
1134 619 1227 681 aute
1250 616 1361 681 dedit
1380 617 1408 682 ei

281 724 319 780 et
341 715 599 781 retribuetur
624 715 712 781 illi?
756 716 850 800 quia
872 738 916 782 ex
947 719 1036 798 ipso
1067 724 1105 784 et
1135 739 1206 801 per
1236 721 1358 801 ipsum
1379 729 1409 786 et
1516 791 1517 802 χ

227 847 241 885 s
281 821 318 885 in
342 820 432 904 ipso
455 821 717 885 suntomnia:
752 821 830 902 ipsi
855 821 1025 888 claritas
1058 823 1096 888 in
1130 823 1282 890 saecula
1308 844 1409 889 seen·

280 924 418 989 lorum.
466 924 612 990 humanae
633 923 823 990 infirmitatis
853 925 999 1011 religiose
1029 927 1181 994 consessio
1212 941 1268 1008 est,
1298 949 1334 994 er
1361 929 1409 994 deo
1516 949 1517 1006 ι

280 1028 339 1094 hoc
363 1028 463 1094 solum
485 1049 587 1106 nosse
611 1030 693 1113 qnod
717 1031 794 1095 deus
818 1034 874 1095 est.
920 1037 1058 1096 ceterum
1082 1040 1203 1098 secreta
1226 1031 1279 1098 illa
1302 1039 1331 1098 et
1351 1052 1411 1114 pro·

281 1132 377 1198 funda
398 1131 644 1214 inperspicabilie
667 1133 772 1199 indicii
795 1133 921 1200 decreta
944 1155 1033 1200 mens
1056 1141 1178 1201 terrena
1200 1156 1261 1201 non
1277 1143 1413 1217 penetrat.

281 1237 474 1321 inuestigare
512 1238 636 1322 quidem
675 1258 713 1303 ea
749 1239 1000 1322 perscrutarique
1039 1239 1124 1320 pium
1158 1245 1216 1306 est.
1251 1243 1308 1306 sed
1340 1241 1415 1306 iner-

229 1366 254 1403 to
281 1341 445 1408 crutabilia
474 1363 512 1408 ea
540 1363 609 1410 csse
640 1349 671 1408 ct
700 1342 932 1427 inuestigabilia
964 1343 1141 1410 confitenda
1173 1351 1261 1411 sunt:
1295 1365 1413 1429 qnorum

281 1452 330 1512 est
380 1446 513 1512 alterurn
563 1446 717 1532 religiosa
769 1446 947 1526 uoluntatis,
1000 1447 1133 1515 alterum
1178 1448 1412 1533 inperspicabilis

282 1555 407 1615 naturae.
452 1551 522 1634 quis
545 1550 630 1616 enim
653 1571 763 1617 causas
794 1557 981 1636 naturasque
1012 1552 1077 1617 caeli
1109 1559 1139 1618 et
1168 1551 1261 1618 huius
1284 1560 1315 1618 et
1336 1571 1413 1633 snpe-

280 1653 372 1718 rioris
394 1661 425 1719 et
446 1661 620 1720 ceterorum
654 1656 755 1721 sciet?
801 1655 869 1739 quis
903 1654 1085 1740 angelorum
1116 1663 1146 1722 et
1175 1662 1360 1738 potestatum
1387 1663 1411 1720 et

281 1757 494 1823 dominatuum
529 1765 561 1824 et
582 1758 764 1826 thronorum
788 1766 820 1826 et
843 1759 1067 1841 principatuum
1098 1759 1202 1826 officia
1231 1761 1412 1844 rationesque

229 1884 254 1922 ιι
282 1862 478 1942 perceperit?
522 1863 590 1946 quis
614 1862 785 1929 Chembim
809 1872 841 1928 et
864 1863 1026 1948 Seraphim
1049 1871 1321 1948 perpetuasnoces
1336 1870 1412 1929 aeter-
1517 1949 1518 1952 Ἴ

282 1985 399 2049 nasque
422 1965 604 2052 intelleget?
650 1968 720 2050 quis
749 1968 913 2034 laudantes
943 1971 1037 2033 deum
1067 1987 1160 2050 super
1189 1968 1300 2034 eaelum
1328 1985 1413 2050 aquas
1517 2041 1518 2054 ἶ

281 2069 472 2154 cognoscet?
518 2071 587 2155 quis
610 2071 692 2148 solis,
717 2071 798 2136 lunas
820 2080 852 2138 et
874 2079 1024 2138 astrorum
1050 2073 1167 2138 lumina
1186 2079 1332 2154 conperta
1353 2089 1413 2136 esse

281 2174 338 2238 sibi
362 2173 569 2258 gloriabitur?
614 2177 683 2258 quis
716 2175 799 2241 hanc
833 2176 934 2242 inanis
968 2177 1067 2254 nobis,
1101 2182 1137 2242 nt
1170 2175 1249 2242 salso
1272 2185 1412 2258 putamus

280 2280 350 2344 aeris
373 2278 597 2361 plenitudinem
619 2281 788 2346 metietur?
831 2281 893 2346 iam
917 2301 989 2347 uero
1013 2281 1082 2364 quis
1105 2289 1158 2346 aut
1191 2281 1411 2362 dispositionem

227 2403 253 2442 so
280 2383 363 2462 orbis
396 2389 549 2449 terrarum
573 2391 625 2450 aut
647 2383 870 2450 elementorum
894 2385 1023 2452 uirtutes
1050 2393 1105 2450 aut
1127 2395 1302 2466 temporum
1326 2391 1412 2448 muta-

282 2487 381 2554 tiones
403 2502 455 2552 ant
477 2487 638 2554 tluminum
663 2509 772 2554 cursus
796 2490 964 2554 animaris
987 2489 1066 2555 fines
1090 2495 1142 2554 aut
1164 2489 1272 2554 oceani
1303 2487 1411 2554 uicissi-

279 2592 401 2657 tudines
431 2596 483 2657 aut
515 2578 676 2657 uentorum
705 2592 797 2658 flatus
828 2601 879 2657 aut
906 2601 1032 2658 naturas
1066 2592 1246 2658 animalium
1277 2601 1329 2658 ant
1359 2592 1413 2655 iras

279 2695 447 2761 bestiamm
471 2703 523 2761 aut
545 2716 662 2780 genera
685 2698 830 2762 arborum
855 2704 908 2764 aut
931 2699 1060 2763 uirtutes
1080 2698 1218 2763 radicum
1242 2695 1414 2781 aborigines

278 2799 453 2865 animarum
491 2806 521 2866 at
554 2801 747 2867 incrementa
780 2821 942 2886 corporum
977 2807 1008 2866 ct
1042 2801 1209 2868 infantium
1244 2807 1356 2866 mortes
1388 2806 1414 2864 et

225 2925 251 2962 aa
278 2923 389 2968 senum
419 2905 499 2969 uitas
529 2911 560 2970 et
588 2904 711 2971 labores
740 2905 844 2971 saculi
881 2911 911 2972 et
945 2913 1122 2972 sanctorum
1153 2905 1306 2991 gloriosas
1339 2902 1413 2970 cala·
1518 2923 1519 2934 ¹

280 3008 404 3074 mitates
442 3015 473 3074 et
511 3007 760 3094 inreligiosorum
794 3010 936 3076 infelices
974 3009 1180 3076 beatitudines
1215 3017 1246 3075 et
1279 3009 1357 3094 legis
1388 3017 1413 3074 et
1518 3097 1519 3100 Ἴ

321 3153 568 3208 linexorutabilia
588 3154 668 3207 GVT
693 3154 923 3209 inexscrutabilia
952 3155 976 3208 11
1002 3153 1197 3210 inscrutabilia
1222 3154 1276 3208 PE
1325 3156 1416 3208 acon·

277 3239 397 3294 siliarins
416 3239 474 3295 eine
495 3243 520 3294 G
527 3241 575 3295 VR
593 3240 619 3295 ei
637 3241 810 3295 consiliarius
830 3243 881 3296 PT
949 3243 966 3295 5
991 3243 1019 3295 in
1045 3241 1106 3311 ipso
1126 3241 1230 3296 GRPT
1252 3235 1264 3295 i
1282 3243 1342 3310 ipso
1365 3237 1416 3294 esi

276 3327 368 3395 ipsum
386 3345 451 3381 corr.
471 3345 503 3380 m.
523 3326 543 3379 2
566 3328 592 3380 V
602 3338 662 3398 post
681 3334 746 3382 eunt
763 3346 838 3381 uoces
865 3333 894 3383 et
918 3329 946 3382 in
966 3332 1073 3383 iteratos
1091 3329 1139 3382 del.
1159 3347 1192 3381 m.
1212 3327 1231 3382 2
1255 3328 1280 3382 V
1329 3325 1416 3394 ltqui-

278 3413 341 3468 dem
359 3431 420 3468 eam
444 3414 470 3466 V
518 3413 734 3468 inexcmtabilia
751 3415 800 3468 VT
816 3412 1027 3482 inllsorutabilia
1045 3416 1072 3468 P
1086 3415 1279 3470 inscrutabilia
1298 3416 1323 3467 ll
1341 3413 1416 3478 ((11

276 3502 294 3554 l.
313 3503 449 3570 elisraea.
473 3500 554 3566 deest)
611 3503 644 3554 13
661 3502 731 3554 sciet
750 3502 855 3555 RPTE
878 3502 986 3556 scilicet
1010 3503 1035 3554 V
1085 3505 1118 3556 14
1136 3507 1165 3556 et
1191 3501 1356 3556 thronorum
1374 3499 1417 3552 Pl·

276 3591 305 3641 et
330 3587 468 3642 honorum
486 3587 512 3640 R
529 3591 558 3641 et
583 3587 733 3642 thronuum
757 3589 782 3640 V
831 3589 1020 3658 principatum
1043 3589 1092 3642 Vlt
1147 3589 1179 3644 15
1206 3585 1416 3658 pereaeperitll

276 3673 414 3743 percipiet
431 3675 456 3726 Τ
475 3673 567 3742 pcipit
584 3675 611 3727 P
669 3674 791 3728 Cernbin
816 3675 840 3728 V
898 3673 1008 3730 seralim
1029 3676 1054 3728 R
1072 3673 1172 3729 serafin
1196 3675 1221 3727 V
1283 3677 1316 3730 16
1342 3674 1415 3728 deum

276 3779 325 3814 rma
349 3762 456 3816 Vdnm
474 3762 499 3813 Τ
554 3764 584 3814 17
611 3761 677 3814 solis
704 3779 753 3814 om.
778 3762 802 3815 V
851 3779 911 3816 esse
938 3763 991 3816 sibi
1015 3762 1063 3816 VR
1081 3761 1134 3818 sibi
1161 3777 1220 3816 esse
1240 3762 1291 3814 PT
1343 3763 1374 3816 18
1390 3767 1415 3814 ut

276 3847 346 3902 salso
364 3852 492 3917 putamus
511 3847 551 3901 Re
568 3853 600 3901 ut
617 3853 746 3916 putamus
762 3849 837 3902 VPT
889 3852 922 3902 19
941 3848 1114 3918 plenitudine
1127 3867 1157 3903 ca
1168 3849 1314 3918 plenitudo
1327 3845 1385 3901 aa?
1399 3845 1419 3896 l'

277 3935 338 4002 quis
357 3952 405 3987 om.
421 3935 681 4005 VllPsupr.odd.T
732 3935 1005 3990 scitamentorum
1024 3936 1049 3988 R
1101 3937 1134 3989 21
1154 3941 1203 3990 ant
1221 3935 1306 3989 marie
1325 3931 1418 3988 linisV

276 4025 325 4075 aut
342 4021 439 4076 oceani
457 4022 535 4074 Vra
550 4021 575 4075 ἅ
592 4021 689 4075 oceani
708 4023 733 4076 Il
751 4025 800 4076 aut
826 4023 911 4076 maris
939 4021 956 4076 fi
981 4021 1078 4076 oceani
1102 4022 1124 4074 l'
1176 4020 1375 4076 uicissitudinis
1399 4019 1417 4072 Γ

275 4109 311 4162 12
328 4112 376 4161 aut
393 4107 448 4160 ires
469 4109 507 4161 Re
525 4111 573 4161 ant
596 4107 688 4163 rabies
706 4109 758 4162 PT
757 4111 772 4161 b
825 4111 859 4163 23
877 4109 1111 4178 generez-eleros.
1131 4105 1155 4174 al
1180 4108 1205 4160 1’
1254 4109 1290 4163 95
1307 4107 1415 4162 uitasll

277 4194 363 4247 uitam
388 4192 488 4248 VPTE
538 4196 573 4248 26
591 4195 793 4250 beatitudinem
817 4195 859 4249 V¹.
