3075 4967
297 262 338 326 62
636 263 754 315 saneti
778 262 913 315 Hilarii
936 262 1100 330 episcopi

297 454 436 532 ipsum,
459 453 539 533 ipsi
562 450 697 535 gloria
719 452 757 515 in
781 449 930 515 saeenla
952 450 1201 515 saeoulorum.
1246 470 1317 516 esse
1337 458 1436 515 auum

297 555 427 620 inlornae
450 554 541 620 buius
563 556 699 639 regionis
722 562 880 638 uastaequo
911 555 1043 639 abyssus
1072 554 1189 619 incolas
1211 554 1326 636 plures,
1360 553 1437 619 beati

298 659 444 724 lobannis
467 659 655 743 Apocalypsi
678 660 836 741 doeemur,
863 679 934 723 eum
966 658 1075 737 nullus,
1105 678 1207 742 neque
1228 660 1261 723 in
1283 658 1366 737 celo,
1389 678 1438 723 ne·

299 783 360 846 que
382 783 474 844 supra
497 770 619 840 terram,
642 783 743 846 neque
766 763 848 827 infra
863 770 978 827 terram
994 763 1194 847 obsignatum
1205 762 1321 827 librum
1332 763 1438 847 dignus

260 896 273 933 s
299 874 347 932 est
378 876 519 949 repertus
553 870 680 949 aperire.
727 888 788 933 non
820 870 927 951 utique
960 869 1000 933 de
1032 869 1164 932 mortuis
1200 875 1232 933 ot
1263 868 1298 932 in
1331 873 1438 933 terram

299 972 427 1053 sepultis
450 972 627 1057 significare
650 970 851 1057 intellegitur,
881 992 954 1036 eum
975 972 1015 1035 ad
1040 972 1123 1036 tertii
1145 971 1296 1037 incolatus
1320 972 1439 1037 demon·

300 1078 477 1142 strationem
512 1097 572 1142 non
597 1078 649 1160 qui
671 1078 753 1141 intra
776 1084 899 1154 terram,
921 1077 976 1141 sed
1001 1077 1054 1159 qni
1076 1076 1157 1141 infra
1187 1082 1311 1154 terram,
1345 1096 1440 1158 neque

301 1181 353 1263 qui
375 1181 487 1245 mortui
511 1188 591 1259 sunt,
624 1181 679 1246 sed
703 1182 755 1264 qui
778 1182 895 1254 uiuunt,
918 1180 1037 1244 nullum
1059 1181 1092 1243 in
1115 1200 1150 1245 se
1171 1181 1354 1264 resignandi
1376 1178 1440 1245 libri

300 1282 464 1349 habuerint
486 1294 653 1349 auctorem.
698 1304 768 1349 oum
793 1304 868 1368 ergo
890 1285 1046 1365 possessio
1068 1291 1159 1349 terrae
1188 1282 1299 1349 finium
1321 1285 1441 1348 domino

250 1414 274 1450 ιο
301 1389 438 1467 donatur,
461 1409 522 1452 non
547 1396 609 1453 tam
634 1396 715 1453 terra
737 1390 877 1461 donatur,
901 1409 995 1471 quam
1019 1409 1065 1464 ea,
1088 1389 1201 1471 quibus
1228 1396 1311 1453 terra
1332 1387 1441 1452 finitur.

302 1500 392 1557 terrae
415 1495 499 1558 enim
522 1495 682 1572 terminos,
705 1494 817 1577 quibus
849 1501 930 1558 terra
960 1495 1028 1576 ipsa
1057 1494 1291 1570 determinatur,
1320 1493 1441 1573 aooepit.

344 1596 395 1661 33.
419 1596 513 1662 (luins
536 1599 582 1663 rei
604 1606 835 1663 sacramentum
867 1618 960 1662 omne
997 1598 1105 1662 beatus
1137 1596 1295 1677 apostolus
1326 1596 1441 1671 Paulus,

302 1701 416 1782 quippe
430 1702 516 1765 ouius
532 1721 583 1767 ore
603 1701 743 1766 Christus
763 1703 803 1766 de
821 1721 855 1766 se
874 1709 922 1767 est
940 1700 1069 1779 loeutus,
1088 1702 1229 1781 exposuit
1240 1701 1364 1765 dieens:
1380 1701 1440 1783 qui

302 1824 388 1868 oum
403 1806 442 1868 in
459 1804 587 1869 forma
603 1807 667 1870 dei
683 1813 803 1872 esset.
823 1826 898 1869 non
914 1806 1100 1887 rapinam
1123 1806 1386 1870 existimauit
1406 1824 1443 1867 se

252 1932 276 1968 ιι
304 1928 393 1973 esse
416 1908 612 1991 aequslem
637 1911 805 1987 denseo
828 1930 867 1975 se
891 1910 1125 1975 exinaniuit
1146 1909 1316 1973 formam
1339 1909 1443 1973 serui

304 2012 524 2094 aooipiens,
555 2012 898 2078 insimilitudine
923 2014 1100 2077 hominis
1134 2015 1389 2077 constitutus
1410 2019 1444 2076 et

305 2114 448 2181 habitu
488 2124 680 2198 repertus
713 2125 755 2182 ut
788 2118 918 2182 bomo:
961 2117 1199 2182 humilianit
1240 2138 1282 2183 se
1314 2118 1443 2182 faetus

305 2220 531 2286 obaudiens
554 2224 938 2305 usqueadmortem
956 2228 1276 2287 mortomautem
1299 2222 1444 2296 erneis

304 2328 597 2409 propterquod
631 2333 670 2392 et
700 2328 797 2391 dous
827 2326 944 2390 illum
978 2326 1179 2391 exultauit
1213 2332 1253 2391 et
1284 2325 1445 2390 donauit

255 2450 280 2487 ιο
307 2426 372 2493 illi
402 2450 553 2504 nomon,
584 2432 688 2514 quod
722 2439 785 2495 est
814 2450 933 2511 super
954 2450 1069 2496 omne
1091 2450 1242 2506 nomen,
1263 2438 1306 2494 ut
1328 2432 1369 2495 in
1389 2447 1444 2492 no

307 2535 413 2598 mino
438 2534 530 2599 lesu
560 2556 672 2600 omne
702 2555 806 2620 genu
829 2542 973 2600 ouruet
1001 2534 1231 2600 coelestium
1261 2541 1299 2598 ot
1329 2541 1445 2599 torre

306 2638 451 2703 utrium
474 2644 514 2703 et
536 2639 799 2715 infernorum,
822 2646 861 2704 et
879 2640 1009 2704 omnis
1033 2638 1446 2722 linguaeonfiteatur.

307 2741 400 2823 quia
423 2743 610 2808 dominus
634 2743 750 2808 lesus
774 2742 965 2807 Christus
994 2744 1033 2807 in
1065 2741 1200 2827 gloria
1221 2743 1286 2807 dei
1309 2743 1446 2823 patris.

306 2846 338 2909 in
362 2846 461 2910 forma
484 2847 588 2930 itaque
611 2849 661 2915 dei
684 2868 814 2913 msnens
844 2848 979 2911 formam
1002 2848 1085 2912 serui
1114 2848 1242 2928 aceepit,
1270 2847 1389 2912 soilioet
1414 2864 1447 2910 er

255 2968 281 3007 a
307 2950 365 3014 deo
387 2950 481 3015 homo
504 2958 602 3016 natus.
630 2959 753 3033 etpost
775 2960 909 3017 mortem
931 2953 1030 3016 erucis
1054 2953 1085 3015 in
1109 2971 1232 3029 nomen,
1256 2952 1340 3035 qnod
1362 2969 1447 3031 super

307 3074 398 3119 omne
421 3074 534 3120 nomen
558 3063 613 3134 est,
637 3056 802 3121 exaltatur:
825 3057 856 3120 in
877 3056 971 3122 deum
993 3076 1136 3139 namque,
1153 3057 1227 3139 quie
1242 3054 1446 3120 nullumultra

307 3159 401 3222 deum
424 3178 536 3224 nomen
557 3166 613 3237 est,
637 3159 824 3241 prouehitur‚
840 3161 929 3243 eique
952 3159 1012 3224 hoe
1032 3161 1159 3240 petenti,
1183 3160 1214 3225 id
1234 3166 1290 3235 est
1312 3166 1347 3223 ut
1362 3164 1446 3232 esset,

308 3262 389 3345 quod
413 3262 513 3327 luerat
535 3270 614 3343 ante,
637 3264 778 3328 donatur.
823 3264 957 3327 formam
989 3265 1073 3329 enim
1104 3266 1185 3328 serui
1215 3265 1246 3327 in
1281 3262 1381 3328 forma
1401 3261 1444 3325 dei

309 3386 437 3430 manens
461 3374 647 3447 sumpserat.
692 3370 810 3448 aceepit
837 3369 948 3432 deinde
971 3370 1199 3448 possessionem
1222 3366 1332 3431 finium
1355 3375 1445 3431 terre.

353 3525 386 3576 14
404 3520 473 3576 Phil.
493 3525 527 3583 Π.
546 3526 563 3577 6
582 3541 640 3591 sqq.

351 3730 468 3784 2huius
481 3731 606 3785 infernae
620 3733 648 3783 E
698 3732 810 3799 abyssos
834 3732 966 3799 Vabyssi
980 3732 1008 3784 F,
1058 3736 1177 3801 teuper
1191 3732 1217 3785 V
1265 3732 1446 3800 tlsepnltiser

309 3818 445 3885 sepultam
458 3836 490 3871 m.
505 3817 564 3872 211
613 3820 751 3873 Bmortui
764 3820 968 3872 ermortuism.
984 3819 1000 3870 1
1015 3819 1040 3871 V
1083 3820 1183 3873 uiuant
1198 3819 1266 3871 Vna
1310 3818 1396 3872 ullum
1413 3814 1446 3867 Vb

310 3902 389 3955 illum
407 3904 433 3956 R
451 3924 470 3953 a
534 3908 566 3960 10
583 3923 638 3958 ιιοιι
656 3910 713 3959 tam
738 3912 815 3959 terra
841 3906 960 3959 donatur
988 3924 1037 3958 om.
1070 3905 1096 3959 V
1155 3906 1187 3959 12
1214 3905 1396 3958 saorametum
1421 3919 1446 3953 er

310 3990 509 4044 saommetaum
528 4010 560 4044 m.
583 3993 596 4043 l
620 3992 645 4045 V
705 3996 738 4046 14
754 3991 785 4045 in
802 4010 859 4061 sap.
878 3992 923 4044 lin.
941 4010 958 4045 a
985 4010 1018 4044 m.
1041 3993 1055 4044 1
1079 3993 1104 4046 V
1164 3994 1196 4045 17
1214 3988 1447 4062 repzztuslt

311 4078 344 4131 18
362 4077 511 4131 oboediens
531 4079 556 4131 R
609 4080 700 4132 crucis
719 4098 749 4132 ar
767 4080 855 4133 laneis
873 4098 906 4131 m.
926 4078 946 4130 2
967 4080 992 4133 V
1041 4078 1074 4133 21
1094 4096 1167 4147 genu
1186 4098 1216 4132 er
1233 4096 1322 4147 genna
1339 4097 1371 4131 m
1388 4076 1407 4128 2
1427 4073 1449 4125 l'

310 4162 438 4217 flottatur
451 4165 505 4216 RE
555 4166 589 4218 23
607 4166 637 4218 in
655 4166 775 4233 gloriae
795 4165 821 4232 (ὃ
840 4168 867 4218 in
885 4164 950 4231 ros.)
963 4164 1029 4231 Ille)
1082 4168 1118 4219 114
1135 4167 1229 4234 itaque
1247 4166 1336 4231 (inin
1353 4160 1447 4227 roa-ll?

310 4250 344 4301 25
362 4250 436 4318 quod
455 4257 496 4305 est
515 4267 599 4317 super
617 4268 697 4305 omne
716 4270 817 4306 nomen
836 4254 864 4305 Ε
916 4255 951 4307 29
968 4252 1183 4321 promissionem
1202 4254 1235 4305 R.
