3075 4967
296 277 338 341 22
626 278 741 329 saneti
766 276 899 329 Hilarii
922 277 1082 344 episcopi

296 476 458 552 tamquam
489 466 618 552 lignum,
650 474 773 547 tempus
807 473 1003 547 praeposterae
1036 466 1263 546 cooperationis
1293 469 1442 532 admittat.

297 573 329 637 id
349 573 442 649 enim,
466 574 549 654 quod
572 572 631 636 erit
653 592 709 653 per
733 572 958 651 expectandum
980 570 1081 633 ιιιιιιιιιι
1105 576 1236 651 tempus
1259 591 1321 635 non
1342 578 1440 653 potest

296 677 395 741 uideri
430 683 464 740 ιιι
497 682 550 740 aut
582 675 681 753 suerit,
714 686 766 740 aut
797 676 859 739 ism
883 674 979 738 sitin
1005 694 1108 739 rernm
1128 682 1249 738 natura.
1295 676 1443 759 quidquid

298 788 400 846 antem
425 782 485 844 ium
508 788 563 853 est
586 800 646 844 non
679 790 750 864 eget
783 779 930 843 dilatione
959 779 1117 858 temporis,
1150 788 1185 842 ut
1217 781 1257 843 od
1290 780 1332 855 id,
1362 781 1444 863 quod

259 913 272 950 ι
300 884 365 962 erit,
389 884 558 958 inchoetur,
581 884 652 966 quia
674 884 856 966 antiquitate
889 883 1006 947 exordii
1028 883 1076 947 sui
1099 902 1169 947 esse
1191 882 1253 946 iam
1276 891 1445 963 permanet.

341 990 371 1053 4.
393 987 503 1073 ltaque
533 989 604 1071 quia
639 988 754 1053 baec'a
789 988 947 1053 diuinitate
979 986 1132 1070 unigeniti
1162 986 1213 1051 dei
1242 985 1298 1049 filii
1328 986 1442 1051 domini

297 1094 395 1157 nostri
418 1093 489 1158 lesu
512 1091 626 1157 Christi
649 1092 869 1176 intelleguntur
890 1091 998 1167 alieno,
1027 1090 1076 1153 nir
1098 1089 1150 1154 ille
1172 1090 1265 1154 hice
1295 1090 1444 1171 propheta

301 1198 407 1263 beatus
421 1198 585 1279 praedicari
607 1197 780 1278 opinandus
802 1202 859 1273 est,
884 1197 936 1278 qni
959 1215 994 1259 se
1006 1196 1035 1259 ei
1054 1195 1182 1275 corpori,
1198 1196 1283 1277 quod
1302 1196 1442 1260 domiuus

298 1302 480 1383 adsumpsit,
504 1302 535 1365 in
558 1322 618 1385 qno
641 1301 734 1366 homo
758 1306 926 1376 natusest,
950 1300 1143 1364 conformem
1166 1299 1268 1364 studio
1291 1300 1444 1383 equitatis

246 1434 271 1467 ιο
299 1416 331 1471 et
353 1407 445 1471 totius
467 1406 591 1471 iustitiae
612 1406 803 1487 perfectione
824 1404 1010 1486 praestiterit.
1056 1412 1088 1467 et
1125 1422 1200 1467 sane
1230 1404 1262 1468 id
1292 1404 1334 1467 ite
1355 1402 1445 1468 intel·

297 1511 360 1595 legi
383 1518 532 1591 oportere,
554 1510 674 1591 plenior
696 1509 807 1591 psalmi
830 1509 979 1590 expositio
1001 1507 1193 1572 monstrabit

342 1616 371 1681 5.
396 1615 666 1696 Speciosissimum
689 1620 792 1679 autem
824 1615 882 1678 boc
904 1620 936 1678 et
957 1613 1176 1697 dignissimum
1198 1612 1444 1694 incipiendorum

299 1718 487 1799 psalmorum
521 1724 646 1783 sanchrs
687 1718 814 1797 spiritus
847 1718 982 1797 sumpsit
1014 1717 1184 1795 exordium,
1213 1724 1247 1781 nt
1275 1714 1444 1780 humanam

297 1822 507 1887 infirmitatem
540 1842 596 1903 per
618 1840 707 1903 spem
730 1822 929 1887 beatitudinis
951 1820 992 1885 ad
1021 1821 1169 1884 innocens
1199 1819 1361 1904 religionis
1384 1825 1445 1884 stu·

248 1952 273 1987 ιι
301 1926 386 1991 dium
409 1925 633 2003 adhortaretur,
667 1932 701 1989 ut
731 1930 958 1991 sacramentum
989 1925 1037 1989 dei
1068 1924 1219 2004 corporati
1249 1924 1383 2000 doceret,
1414 1938 1445 1988 ut-

298 2032 549 2096 communionem
583 2029 689 2113 gloriae
724 2028 856 2095 caelestis
888 2028 1090 2110 polliceretur,
1124 2034 1159 2091 ut
1187 2048 1313 2108 poenam
1343 2028 1445 2092 iudicii

299 2136 502 2213 denuntiaret,
524 2144 557 2198 ut
580 2132 784 2200 differentiam
807 2132 1041 2198 resurrectionis
1070 2132 1260 2212 ostenderet,
1289 2140 1323 2195 ιιι
1345 2132 1445 2213 proui-

299 2239 435 2305 dentiam
466 2239 516 2303 dei
540 2239 569 2302 in
594 2238 795 2303 retributione
828 2243 1021 2302 monstraret
1066 2234 1205 2317 perfecta
1234 2235 1354 2301 scilieet
1376 2256 1445 2302 eon-

300 2350 515 2427 summataque
549 2344 666 2407 ratione
700 2350 793 2406 tanta
826 2340 997 2423 prophetia
1030 2341 1171 2405 ordinem
1205 2339 1373 2417 inchoauit,
1412 2350 1444 2403 ut

248 2471 272 2506 o
299 2446 459 2511 hominnm
482 2446 714 2512 inbecillitatem
736 2450 776 2511 ed
799 2447 872 2511 fidei
896 2447 1030 2511 studium
1059 2445 1140 2509 beati
1162 2445 1220 2508 uiri
1244 2465 1316 2525 spes
1339 2444 1444 2508 inlice·

299 2560 355 2629 ret,
378 2551 443 2632 spei
467 2552 686 2615 beatitudinem
709 2560 874 2632 conparata
895 2549 972 2634 ligni
995 2549 1151 2613 beatitudo
1166 2549 1342 2630 sponderet,
1365 2549 1444 2612 inse

299 2654 414 2720 lentem
448 2655 636 2736 impietatem
672 2656 753 2720 intra
790 2662 905 2720 metum
943 2655 1120 2718 denuntiata
1155 2654 1260 2734 impiis
1297 2653 1445 2719 seueritas

299 2758 485 2835 coherceret,
508 2760 610 2824 meriti
634 2758 840 2825 differentiam
863 2760 895 2823 in
917 2758 1053 2822 consiliis
1069 2764 1245 2823 sanctornm
1258 2756 1445 2822 condicionis

299 2865 374 2928 ordo
397 2864 609 2948 distingueret,
641 2864 689 2928 dei
714 2864 980 2948 magnificentiam
1002 2863 1034 2925 in
1057 2862 1282 2947 cognoscendis
1297 2862 1444 2925 iustorum

247 2988 274 3026 ea
300 2968 359 3033 uiis
393 2970 522 3052 aequitas
556 2970 719 3033 constituta
752 2973 947 3033 monstraret.
993 2969 1049 3032 sed
1078 2987 1129 3031 res
1167 2966 1251 3047 ipsas
1281 2973 1314 3031 et
1342 2984 1444 3030 earum

299 3073 396 3138 uerba
419 3080 595 3139 tractemus.

344 3252 583 3319 lpraeproperae
597 3248 622 3300 ι’
654 3247 779 3301 admittit
795 3248 817 3300 ι’
851 3250 935 3300 3sut
952 3246 1038 3300 fuerit
1051 3250 1161 3300 autom.
1177 3246 1202 3299 ι’
1234 3244 1446 3297 iamsithabere

300 3340 415 3389 naturae
441 3336 487 3387 ΓΕ
540 3334 615 3402 quod
633 3338 727 3387 autem
753 3334 777 3387 ι’
825 3334 917 3387 diam
935 3352 984 3385 om.
1008 3334 1032 3385 l'
1081 3337 1114 3386 ut
1137 3332 1183 3439 ad⁸
1195 3330 1304 3400 aliquid
1326 3330 1382 3384 erit
1404 3328 1444 3381 in-

300 3456 417 3510 choetur
452 3457 478 3509 R
513 3461 546 3509 ut
581 3455 615 3509 sd
651 3454 757 3522 aliquid
803 3454 952 3508 inchoetur
986 3473 1000 3507 e
1070 3455 1088 3507 ὅ
1120 3454 1169 3522 qui
1209 3471 1276 3506 corr.
1310 3471 1345 3505 m.
1374 3451 1395 3503 2
1425 3448 1448 3501 l'

300 3560 360 3632 ou‘r
388 3577 429 3631 fin
452 3555 518 3631 ‹1‘0'111
541 3586 561 3631 ιι
584 3534 628 3659 ii}
664 3574 741 3641 (corr.
760 3596 793 3629 m.
813 3574 842 3640 a)
859 3557 909 3645 ἶρι
939 3576 963 3629 ι’
983 3574 1035 3628 mn
1061 3575 1108 3629 ees
1134 3574 1241 3629 somno
1267 3574 1357 3627 notas
1382 3573 1443 3625 reu

301 3664 405 3718 Christi
425 3666 453 3717 E
503 3666 519 3716 ‘l
547 3663 638 3717 aliena
656 3662 722 3727 (ena
749 3666 774 3715 in
795 3682 848 3717 ros.
867 3674 890 3715 er
904 3674 995 3732 posteo
1013 3662 1031 3713 d
1049 3664 1096 3715 litt.
1112 3664 1191 3722 eras.)
1210 3664 1235 3713 It
1287 3660 1396 3729 profeta
1419 3657 1442 3711 ι’

300 3752 361 3805 9In
377 3754 492 3819 quoRa
510 3751 539 3805 id
557 3756 600 3805 est
617 3751 646 3803 in
660 3767 714 3817 quo
730 3751 764 3802 l⁷a
812 3751 845 3804 15
854 3749 1067 3803 adortsreturli
1112 3754 1145 3802 ut
1154 3760 1215 3801 oure
1224 3747 1445 3801 communionem

300 3858 355 3909 sap.
374 3840 419 3892 lin.
438 3858 455 3891 a
473 3858 506 3891 m.
525 3838 545 3891 ⁸.)
564 3838 586 3891 l’
639 3838 671 3891 1⁷
690 3836 875 3890 differentiam
894 3856 924 3889 ea
942 3835 1142 3889 differrentiam
1161 3854 1194 3889 m.
1211 3836 1231 3887 2
1250 3836 1274 3888 V
1324 3837 1358 3889 19
1374 3830 1443 3886 tanti

301 3926 424 3995 profetae
466 3926 491 3979 V
523 3930 618 3979 tautae
650 3924 843 3993 prouidentiae
872 3943 885 3976 e
955 3927 987 3976 ut
1018 3922 1170 3975 humanam
1200 3922 1393 3977 infirmitatem
1424 3918 1446 3970 l'

300 4017 332 4067 ‘21
361 4012 431 4083 ligni
458 4012 602 4067 beatitudo
636 4012 672 4065 l'r·
698 4011 769 4079 ligni
804 4010 959 4063 similitudo
986 4010 1042 4063 RE
1074 4007 1134 4074 (scd
1159 4008 1193 4067 cf.
1220 4010 1285 4075 infr·
1312 4027 1370 4078 cop.
1398 4005 1443 4067 lt)

301 4104 335 4155 ‘22
354 4100 438 4169 inpiis
456 4118 486 4153 ex
504 4100 597 4168 impiis
616 4098 642 4163 (s
660 4117 717 4169 sup.
733 4100 778 4151 lio.
795 4100 855 4150 odd.
870 4124 906 4134 -
921 4108 982 4150 ante
997 4099 1064 4149 douc
1078 4114 1164 4149 noceor
1180 4115 1233 4148 ono
1248 4098 1316 4149 lineo
1332 4093 1444 4159 eros.)1·'

301 4189 330 4240 iu
345 4187 388 4240 his
404 4188 429 4239 ι’
461 4184 895 4240 2300eroereteaoohsreeretlt
933 4182 1120 4236 differentiam
1135 4202 1166 4235 a
1180 4180 1410 4237 differentiam?
1424 4178 1446 4231 l'

300 4277 335 4328 25
353 4274 401 4328 sed
421 4272 447 4337 (s
465 4277 546 4335 arna)
566 4274 683 4325 Rnuno
701 4276 729 4325 et
750 4272 777 4323 E
826 4288 922 4324 eorum
941 4271 1001 4323 RE.
