3075 4967
308 263 371 328 484
647 262 764 316 saneti
787 261 921 315 Hilarii
947 260 1111 329 episcopi

308 452 533 535 deprecationis
564 472 637 517 suaa.
681 460 789 535 postea
819 451 901 517 enim
933 471 1027 534 quam
1048 450 1220 516 uoluntaria
1249 451 1310 515 oris
1340 450 1382 515 sui
1408 455 1440 513 ut

307 556 503 637 beneplacita
518 562 623 622 essent
645 556 751 634 orauit,
771 556 961 621 adiecitz‘et
986 555 1141 620 iudicia
1168 560 1234 619 tua
1261 556 1355 620 doce
1379 573 1438 617 me.

306 662 421 726 iudicia
443 659 522 744 legis
546 660 610 745 agit
639 666 677 738 et,
709 672 856 744 quantum
880 659 913 723 in
936 679 970 724 se
993 667 1047 738 est,
1070 659 1168 744 gestis
1191 666 1283 743 atque
1305 658 1440 739 operibus

308 770 446 840 erercet;
485 764 540 829 sed
577 764 715 828 nondum
750 782 788 829 ea
821 762 983 847 intellegit.
1035 762 1095 828 scit
1127 763 1212 829 enirn
1245 782 1314 828 esse
1347 761 1441 847 legem
1517 833 1518 840 ,

270 898 281 933 u
308 868 486 949 spiritalem.
532 874 563 933 et
584 866 667 947 illud,
703 868 786 950 quod
810 868 866 932 sub
891 868 995 949 speeie
1016 867 1217 951 praesentium
1240 867 1441 947 operationum

308 974 488 1051 continetur,
523 991 614 1037 nosse
647 971 789 1037 festinat:
824 991 861 1037 ea
894 971 978 1036 euim
1013 971 1082 1055 quis
1116 991 1245 1037 neeesse
1278 979 1326 1037 est
1347 969 1441 1035 doceri

307 1076 449 1158 postulet,
473 1097 541 1160 quau
564 1078 699 1161 ignorat.

353 1181 401 1246 16.
425 1180 535 1246 Totum
558 1188 662 1247 autem
684 1200 719 1247 se
741 1180 893 1262 propheta
915 1182 1086 1245 secuudum
1107 1180 1293 1247 sacrementi
1314 1179 1360 1244 sui
1378 1198 1440 1243 con·

308 1286 499 1351 stitutionem
532 1286 591 1351 deo
626 1284 721 1351 dedit.
767 1283 948 1350 humiliatus
982 1291 1030 1350 est
1063 1283 1163 1362 ualde,
1192 1283 1361 1348 uoluntaria
1387 1282 1441 1346 oris

256 1416 281 1452 uu
308 1390 373 1455 eius
395 1388 551 1470 placentia
573 1396 659 1454 suut:
690 1408 772 1455 nunc
806 1389 873 1454 eius
896 1388 1002 1453 anima
1030 1388 1062 1453 in
1086 1387 1136 1453 dei
1158 1388 1304 1453 manibus
1326 1405 1441 1467 semper

308 1502 355 1559 est
386 1500 416 1559 et
445 1492 525 1579 legis
555 1494 605 1559 dei
643 1513 705 1558 uon
738 1492 928 1559 obliuiscitur
962 1492 1086 1558 dicens:
1130 1493 1263 1558 anima
1295 1511 1379 1557 mee
1409 1490 1439 1554 iu

308 1596 495 1662 menibus
533 1598 613 1662 tuis
651 1616 827 1679 semper:
865 1605 903 1663 et
939 1596 1073 1680 legem
1110 1602 1216 1662 tuam
1255 1615 1330 1660 uon
1367 1613 1441 1659 sum
1517 1671 1518 1684 χ

308 1700 470 1766 oblitus.
517 1707 622 1777 toturn,
645 1702 728 1785 quod
751 1701 837 1779 uiuit,
861 1701 919 1767 deo
942 1701 1026 1765 uiuit.
1070 1701 1173 1766 omnis
1196 1701 1263 1766 eius
1285 1718 1394 1765 sensus
1414 1707 1440 1763 et

308 1804 434 1886 spiritus
455 1805 488 1869 in
511 1805 569 1870 deo
592 1812 655 1885 est;
686 1804 803 1869 nullum
832 1814 956 1887 tempus
985 1804 1166 1883 admittitur,
1199 1824 1261 1889 quo
1283 1803 1441 1883 subrepere
1517 1789 1518 1804 ³

257 1931 282 1971 re
308 1908 388 1994 legis
411 1908 509 1990 possit
532 1908 653 1975 obliuio.
698 1909 730 1973 in
754 1910 898 1974 omnibus
914 1909 1060 1989 operibus
1076 1916 1109 1992 et
1122 1908 1361 1993 cogitationibus
1374 1908 1440 1971 deus

309 2011 468 2097 cogitatum.
513 2012 616 2079 lexin
639 2014 870 2090 memoriaest‚
893 2014 925 2077 iu
949 2013 997 2078 dei
1021 2013 1165 2078 manibus
1195 2032 1321 2095 semper
1347 2010 1443 2113 ,anima
1517 1995 1518 2080 i

308 2115 440 2181 uiuentis
464 2121 518 2181 est.

355 2221 402 2285 17.
427 2220 499 2298 seir,
520 2239 613 2304 quam
637 2221 696 2287 sibi
719 2222 801 2286 istud
817 2219 891 2286 utile
914 2222 963 2301 sit,
979 2222 1044 2300 scit,
1060 2241 1154 2305 quem
1178 2221 1219 2287 sit
1240 2220 1442 2286 necessarium

309 2323 419 2390 cotidie
442 2344 476 2390 se
499 2324 643 2390 manibus
666 2326 716 2391 dei
740 2326 839 2410 gestis
861 2331 955 2409 atque
977 2326 1122 2406 operibus
1145 2325 1210 2390 suia
1234 2332 1265 2389 et
1286 2343 1344 2407 per
1366 2322 1443 2389 iude·

257 2452 282 2489 uo
309 2428 427 2493 fessam
465 2428 645 2493 memoriam
686 2428 764 2513 legis
802 2428 948 2494 inserere.
1008 2430 1051 2494 ait
1090 2429 1192 2495 euim:
1229 2433 1443 2509 posueruut

309 2531 494 2617 laqueum
528 2532 642 2598 mihi:
680 2540 719 2599 et
751 2534 799 2599 de
836 2534 1042 2599 mandatis
1077 2533 1158 2599 tuis
1195 2552 1271 2598 nou
1309 2529 1443 2598 erraui.
1517 2617 1518 2620 Ἴ

309 2636 367 2700 seit
389 2637 421 2700 iu
443 2634 503 2701 hae
526 2636 629 2701 saculi
652 2636 730 2703 silua
752 2636 855 2718 plures
878 2636 1006 2721 laqueos
1028 2637 1161 2713 extendi,
1182 2637 1286 2718 plures
1301 2636 1373 2701 uita
1386 2650 1443 2699 sua
1517 2641 1518 2696 ἴ

309 2742 465 2820 captiones
489 2741 598 2821 parari.
643 2760 755 2819 sermo,
778 2742 932 2825 cogitatio,
959 2760 1036 2824 opus
1058 2748 1200 2805 nostrum
1221 2759 1346 2821 semper
1366 2739 1443 2803 adia·

309 2850 413 2909 centes
436 2842 553 2910 habeut
573 2843 709 2929 laqueos,
733 2864 806 2911 eum
821 2845 977 2911 interdum
993 2845 1126 2911 occurrit
1141 2864 1236 2911 eausa
1250 2845 1312 2922 irae,
1336 2840 1442 2908 doloris
1517 2833 1518 2924 ζ

255 2970 281 3008 2⁵
309 2946 451 3025 adlectio,
486 2948 631 3032 querella
660 2950 840 3027 necessitas,
874 2949 965 3014 malae
997 2949 1173 3030 cupiditatis
1206 2949 1337 3014 occasio.
1380 2946 1443 3010 bac
1517 2943 1518 3030 J

309 3051 447 3117 diabolus
471 3052 639 3138 angelique
663 3052 737 3131 eius,
760 3054 800 3119 ab
822 3053 908 3118 initio
931 3060 1180 3138 transgressores
1203 3059 1236 3119 et
1264 3053 1303 3118 ab
1327 3048 1443 3117 exordio
1517 3123 1518 3136 χ

309 3163 494 3237 peccatores,
528 3156 655 3241 laqueos
686 3177 811 3239 semper
840 3160 1019 3223 excudunt
1064 3159 1121 3223 sed
1144 3158 1228 3223 cuius
1251 3158 1285 3221 in
1307 3154 1443 3221 menibus
1517 3147 1518 3220 i

354 3316 605 3386 ldepraecatiouis
630 3318 677 3372 VR
729 3318 887 3373 uoluntario
919 3318 955 3372 V¹
1008 3323 1039 3372 ut
1062 3336 1112 3372 om.
1138 3319 1166 3372 R
1218 3319 1312 3387 degit
1336 3335 1367 3370 er
1390 3314 1445 3381 agli
1517 3301 1518 3390 ]

310 3404 385 3459 enim
403 3422 435 3457 m.
453 3402 475 3457 2
495 3404 574 3458 Vait
593 3406 616 3459 C
665 3405 765 3459 billut
781 3406 806 3458 V
855 3404 969 3459 Gnosso
987 3422 1036 3458 om.
1052 3405 1078 3459 V
1127 3404 1287 3474 ‘lpostulet
1301 3405 1326 3457 V
1372 3403 1445 3455 aar

310 3494 370 3545 odd.
389 3490 509 3546 asVV
558 3492 783 3547 uoluntarieeV
833 3497 867 3549 10
883 3493 1007 3562 placenti
1024 3498 1089 3547 sunt
1111 3494 1137 3545 V
1186 3496 1254 3546 tuno
1273 3492 1365 3561 eiusp
1381 3493 1444 3541 tuuc
1517 3513 1518 3536 ;

310 3572 356 3631 eni
385 3580 408 3631 0
459 3582 492 3633 la
509 3580 598 3633 omnis
625 3573 672 3634 eni
701 3581 724 3633 U
784 3582 819 3635 14
835 3580 949 3648 spiritus
975 3579 1011 3633 do
1037 3584 1080 3633 est
1112 3579 1138 3633 V
1187 3582 1227 3648 qd
1253 3579 1401 3645 subrepere
1426 3572 1447 3623 (¹

311 3666 343 3717 lb
362 3665 391 3719 in
409 3664 537 3719 omuibus
563 3667 620 3720 suis
648 3666 779 3735 operibns
793 3668 830 3738 pb
885 3667 917 3719 16
935 3666 1028 3720 anima
1053 3665 1175 3719 uiuentis
1202 3682 1311 3734 semper
1335 3667 1378 3717 est
1395 3658 1445 3729 spu

311 3754 343 3806 18
362 3753 415 3805 soit
438 3768 498 3806 esse
525 3757 578 3821 qua
604 3770 672 3807 corr.
692 3752 764 3806 m.2
787 3753 882 3807 Vscit
899 3752 984 3807 etiam
1003 3754 1118 3821 quaml>
1170 3752 1241 3806 istut
1258 3754 1317 3805 odd
1335 3769 1367 3803 m.
1385 3746 1405 3799 2
1426 3744 1449 3796 l'

311 3890 363 3943 soit
380 3907 429 3946 om.
454 3890 479 3945 V
529 3894 561 3945 19
579 3892 624 3946 dei
643 3894 735 3947 σπι-Ο
784 3898 894 3963 gestum
917 3893 1007 3962 adque
1030 3892 1141 3963 Vlegis
1165 3893 1256 3961 adque
1273 3894 1299 3945 R
1347 3892 1384 3944 20
1400 3902 1444 3955 po·

311 3982 425 4031 suerunt
442 3984 602 4046 peccatores
620 3978 750 4047 laqueum
767 3979 837 4033 mihi
851 3980 903 4050 pE
953 3982 1105 4034 alerem.
1128 3978 1152 4033 V
1201 3971 1446 4034 tuiszzuoutt

310 4064 344 4115 22
363 4064 477 4132 laqueos
503 4065 615 4120 extendi
643 4066 737 4134 plures
764 4084 813 4120 om.
843 4066 869 4120 V
917 4069 952 4119 25
971 4066 1127 4134 quaerellae
1159 4066 1208 4122 VR
1234 4064 1360 4135 querelae
1384 4058 1446 4130 (pa

311 4149 447 4217 cupidatis
471 4170 492 4220 p
553 4151 620 4206 haec
646 4152 718 4206 Vna
744 4152 795 4206 hos
825 4152 854 4205 E
881 4170 932 4207 nos
958 4172 980 4224 p
1044 4156 1079 4208 ae
1095 4153 1335 4222 transgressiorest
1361 4148 1395 4202 ab
1426 4145 1447 4197 l'

310 4238 344 4289 27
363 4236 475 4303 laqueos
493 4238 619 4292 extendit
637 4256 747 4307 semper
764 4240 919 4293 extendunt
943 4240 968 4294 V
1017 4240 1066 4294 sed
1084 4258 1133 4294 una
1155 4240 1186 4294 V.
