3075 4967
395 280 575 330 tractatus
594 276 628 328 in
646 275 818 343 psalmum
831 273 914 327 LXll.
1163 274 1224 338 221

148 466 172 530 8.
190 465 270 531 Hane
292 466 387 549 igitur
408 465 515 530 laudnt
548 471 640 547 atque
673 463 837 540 benedicit,
869 483 928 528 uon
959 464 1052 530 etiem
1083 485 1163 531 nune
1186 468 1225 531 ab

115 570 269 636 holocaustis
290 569 443 651 pecudum
475 569 636 652 adipisque
665 568 855 651 pinguedine
885 567 1037 636 sacrificia
1064 568 1145 654 legia
1175 591 1225 636 eu-

114 679 223 754 mbos,
243 674 296 741 sed
319 674 351 739 in
374 671 440 738 sola
461 673 572 738 auimae
595 670 786 737 consessione
821 671 1107 757 benedictionisque
1136 673 1226 740 lande

113 797 140 842 sa
156 769 244 858 ipsum
265 778 324 843 deo
338 777 473 842 hostiam
488 781 629 842 statuens
652 775 822 840 secundnm
839 774 930 840 illud:
966 777 1224 844 sacrificinm

113 881 220 946 lendis
240 881 540 946 honorificabit
562 900 620 944 me
642 885 674 945 et
695 879 789 944 illud:
822 879 985 946 immola
1008 882 1081 946 deo
1104 885 1225 948 sacri·
1266 909 1278 945 ι

112 985 226 1051 licium
247 985 381 1050 laudis
404 989 435 1050 et
456 983 548 1050 illud:
582 983 772 1067 qnoniam
795 984 828 1048 si
859 982 1067 1050 uoluisses
1102 988 1226 1051 sacri·

112 1088 234 1166 licium,
256 1090 466 1154 dedissem
487 1088 637 1173 utique,
660 1087 917 1153 holocaustis
952 1106 1025 1154 nou
1051 1088 1225 1156 delecta·

112 1193 206 1269 heris,
227 1194 297 1276 quia
320 1191 430 1257 litteras
445 1212 482 1257 ac
493 1191 574 1276 legis
585 1190 818 1275 allegorumena
835 1193 1067 1273 prascriptione
1079 1201 1224 1259 cessante

110 1296 169 1361 deus
196 1298 269 1362 niuae
302 1296 575 1381 intellegentiaque
613 1294 723 1361 hostiae
760 1296 802 1360 ait
838 1295 979 1361 laudibus
1017 1296 1224 1364 honorandus.

109 1401 215 1466 subiecit
241 1403 340 1468 enim:
374 1401 483 1466 sicut
512 1400 630 1481 adipe
659 1406 698 1465 et
726 1400 982 1483 pinguedine
1016 1401 1224 1482 repleatur
1253 1427 1277 1464 uo

109 1505 217 1569 anima
237 1525 329 1584 mea,
353 1511 392 1569 et
414 1503 525 1569 labia
548 1501 819 1568 exultationis
843 1503 1224 1572 laudabuntnomen

109 1611 204 1674 tuum.
245 1629 345 1693 neque
368 1608 420 1674 illa
441 1609 530 1699 guasi
552 1608 760 1673 abominanda
790 1609 985 1687 condemnat,
1015 1610 1071 1675 aed
1103 1609 1169 1676 haee
1193 1619 1226 1674 nt

108 1713 190 1798 nagia
210 1718 367 1794 expectata
396 1710 591 1791 confirmans,
625 1732 696 1778 cum
730 1712 811 1778 sicut
844 1713 934 1793 adipe
968 1720 1000 1779 et
1029 1714 1224 1798 pinguedine,

109 1833 163 1896 qna
181 1816 396 1883 sacrificiorum
425 1817 569 1899 puimitiae
599 1814 802 1894 habebantur,
832 1815 945 1901 repleri
975 1818 1111 1882 animam
1135 1837 1222 1883 auam

107 1919 275 1986 amltotiouis
297 1921 388 1986 laude
411 1921 563 2002 deposcat.
1251 1937 1276 1974 1⁶

141 2023 294 2090 blerano
317 2024 386 2090 haee
408 2044 468 2089 non
492 2030 557 2089 tam
580 2024 744 2091 uerborum
767 2023 871 2090 officia
892 2044 987 2109 quam
1007 2027 1120 2108 mentis
1144 2033 1222 2101 sunt,

107 2132 134 2190 ut
149 2128 324 2195 suentisium
346 2128 445 2194 laudis
475 2147 512 2194 ar
542 2148 671 2209 operum
700 2129 864 2194 sanctitate
898 2128 1075 2195 descendat.
1120 2131 1224 2213 itaque

108 2231 383 2299 continuosnbiecit:
406 2233 440 2297 si
463 2238 707 2297 memoratus
730 2252 815 2297 aum
839 2235 894 2298 tni
911 2253 1033 2314 supra
1049 2239 1222 2299 atratum

108 2353 218 2414 neum,
249 2339 286 2402 in
320 2337 539 2402 matutinis
573 2335 804 2402 meditabar
836 2337 875 2402 in
900 2341 944 2402 te.
989 2337 1222 2404 meditationem

107 2441 263 2506 matutinam
286 2440 458 2507 recordatio
480 2446 629 2505 nocturna
650 2446 863 2519 consummat;
887 2440 1054 2506 etidcirco
1085 2441 1124 2505 de
1155 2441 1222 2507 luce
1251 2456 1276 2494 ²⁰

26 2542 27 2575 ³
106 2541 238 2609 addeum
257 2545 377 2630 uigilet,
407 2545 480 2627 quia
509 2564 547 2609 er
576 2544 674 2622 strati,
704 2545 736 2608 id
765 2550 814 2609 aot
843 2564 880 2609 ex
910 2544 1013 2610 lectuli
1036 2545 1168 2626 puritate
1192 2553 1223 2610 el

26 2634 27 2645 ’
105 2642 199 2712 fiducia
219 2655 250 2714 et
268 2649 456 2714 conscientia
477 2648 623 2714 orationis
642 2654 691 2713 est
706 2649 874 2713 matutinae.
919 2648 1103 2729 obrepentes
1120 2650 1223 2734 itaque

26 2781 27 2784 ι
138 2752 208 2806 ιιι.
225 2755 319 2822 xuni,
337 2757 379 2808 oa.
415 2753 519 2807 snio.
542 2756 580 2806 ιι.
616 2752 693 2807 ero.
712 2753 744 2820 o,
767 2755 807 2806 us.

26 2852 27 2875 1
486 2838 501 2877 h
1200 2851 1214 2879 n

140 2892 199 2944 lob
219 2892 385 2946 holocaustis
403 2892 429 2944 R
446 2893 482 2946 ob
495 2891 680 2945 olocaustisP
729 2894 819 2960 itque
837 2893 896 2944 add.
916 2909 948 2943 m.
967 2890 1027 2945 2V
1074 2894 1222 2947 hstatnes

105 2991 158 3026 osus.
174 2995 203 3031 m.
221 2980 236 3031 1
254 2980 277 3033 V
325 2982 343 3033 5
360 2978 555 3033 honorifieauit
572 2997 603 3033 ex
620 2977 821 3033 honorificabat
843 2996 877 3030 m.
899 2977 918 3029 2
944 2977 969 3032 V
986 2977 1180 3034 honorificuuit
1198 2981 1225 3033 P

104 3059 156 3115 illut
177 3065 199 3118 V
227 3065 339 3120 immola
363 3067 388 3119 V
437 3065 515 3120 ltdis
532 3070 561 3120 et
578 3065 642 3118 illut
659 3067 688 3117 in
705 3083 788 3133 marg.
806 3066 866 3118 cdd.
886 3083 917 3117 m.
941 3065 1000 3118 IR
1051 3065 1222 3121 'ldedissem

105 3151 379 3220 minidissemleres.
398 3153 478 3217 lllR
530 3152 684 3206 holocausti
700 3153 744 3205 V.
774 3151 1006 3206 delectauerisV
1055 3152 1222 3222 belligeru-

105 3235 166 3289 mins
185 3238 231 3292 VR
246 3239 281 3304 (in
300 3241 326 3294 R
343 3238 421 3294 nmin
438 3241 467 3293 in
484 3257 537 3294 ras.
555 3239 580 3307 1,
598 3257 669 3310 supr.
687 3257 737 3292 aer.
756 3257 789 3292 m.
801 3235 822 3290 3
833 3237 991 3307 allegorica,
1009 3240 1036 3291 in
1054 3257 1136 3308 marg.
1156 3239 1222 3293 alle·

104 3324 239 3391 gummina)
254 3329 288 3398 cf.
306 3328 371 3395 infr.
392 3326 527 3381 CXLVII
541 3344 597 3395 cap.
615 3325 644 3387 5.
662 3325 876 3394 allegoricorum
894 3323 1082 3393 (alligaricortt
1098 3324 1127 3393 α)
1146 3325 1224 3378 Pro·

104 3441 183 3496 toute
206 3445 268 3500 deus
296 3465 363 3501 eras
391 3446 415 3500 dt
439 3445 476 3510 ll)
494 3447 520 3500 R
571 3446 652 3531 aigae
680 3445 712 3512 (u
738 3448 765 3499 in
793 3444 860 3511 rao.)
886 3446 912 3498 R
935 3421 1014 3499 uino⁰
1039 3447 1063 3500 V
1113 3447 1223 3500 intelle·

26 3584 27 3589 ι
105 3549 273 3632 geutes„quae
292 3551 318 3603 P
369 3553 401 3604 ll
420 3550 494 3604 labia
519 3569 551 3604 es
567 3551 641 3604 lania
659 3548 786 3606 ou.2V
835 3547 1064 3617 unt÷÷leraa
1082 3547 1139 3617 ist)
1157 3556 1222 3604 nom

105 3684 144 3735 lud
158 3687 183 3738 iu
198 3691 284 3742 ras.R
337 3691 371 3743 12
389 3636 619 3744 abominandbcsr.
632 3689 727 3743 mun
739 3688 943 3743 abhominanda
961 3689 988 3744 P
1037 3688 1222 3759 condempnat

105 3764 127 3834 lp
141 3772 184 3826 del.
200 3769 245 3842 Ρ)
261 3776 308 3830 sed
327 3777 380 3830 RP
395 3775 586 3831 condemnatis
605 3779 633 3830 et
647 3777 673 3831 V
723 3777 756 3831 lb
775 3775 925 3830 confirmas·
939 3777 964 3828 T
977 3774 1051 3840 (sort.
1068 3774 1221 3840 confirmat,

104 3858 140 3906 *αἱ
152 3858 184 3926 cs.
196 3863 294 3930 prcef.)
348 3865 383 3917 14
409 3880 463 3931 qne
481 3863 508 3916 R
560 3863 694 3917 habeatur
712 3882 742 3916 er
759 3862 896 3917 haereatur
924 3882 958 3916 uu.
985 3862 1005 3915 2
1027 3863 1053 3919 V
1104 3863 1137 3916 15
1164 3863 1222 3916 lan·

105 3938 155 3995 dem
178 3945 202 3998 V
248 3951 279 4002 l'l
302 3949 479 4003 sanutitatem
505 3950 528 4005 V
578 3949 722 4003 discendat
739 3950 765 4002 R
819 3951 852 4004 18
869 3954 1038 4004 memoratus
1057 3967 1086 4002 ec
1103 3965 1222 4003 memor·

105 4033 249 4086 moratusR
289 4031 352 4106 'sup
369 4036 396 4089 R
449 4019 482 4089 1'9
501 4035 530 4088 iu
556 4036 701 4090 matutinis
727 4055 758 4090 cc
776 4035 888 4089 malinis
906 4055 940 4089 m.
959 4035 1018 4091 2V
1067 4035 1222 4090 meditabar

107 4165 129 4198 a
141 4153 283 4210 medebor
299 4176 332 4210 m.
351 4155 371 4209 2
395 4157 424 4225 V,
442 4159 477 4227 cs.
495 4176 545 4227 seq.
565 4157 721 4212 mercator
739 4159 779 4212 no
830 4159 863 4212 uu
881 4135 957 4213 brac
972 4158 1100 4211 aromo
1119 4158 1141 4212 ι’
1193 4157 1220 4210 ιι

107 4243 139 4288 ttt
153 4257 218 4309 supr.
234 4260 280 4298 scr.
297 4244 328 4298 P.
