3075 4967
247 281 310 346 316
586 281 703 336 sancti
727 281 862 335 Hilarii
886 280 1048 350 episcopi

245 491 308 535 non
339 476 411 548 erat
442 490 504 534 non
534 470 596 534 iam
619 489 717 554 usque
747 471 788 536 ad
818 470 929 547 carnia,
960 489 1068 535 uerum
1098 470 1192 536 etiam
1222 489 1323 552 usqne
1353 469 1395 534 ad

246 574 355 640 mortis
378 575 527 656 profunda
551 575 721 666 deseendit,
745 581 778 640 et
800 573 900 640 omnis
923 575 955 638 in
978 595 1049 639 enm
1073 579 1171 640 terror
1193 573 1396 640 desaeuientis

246 678 277 742 in
312 698 366 744 nos
401 679 594 760 tempestatis
634 678 780 743 incubuit.
826 698 898 743 oum
936 679 1020 745 enim
1057 697 1091 743 se
1129 685 1238 743 contra
1274 683 1397 742 naturae

246 782 377 848 caelestis
401 789 594 866 terrenoque
618 782 830 848 diuersitatem
853 783 884 847 in
907 781 990 847 huno
1012 782 1122 848 limum
1143 783 1305 862 potestatis
1328 801 1398 847 suae

206 920 220 960 ,η
246 887 358 952 uirtute
375 871 490 972 'definit
513 925 554 934 -
578 887 650 970 quia
674 907 719 968 ea,
744 905 814 970 quae
843 893 951 952 natura
981 887 1134 952 dissident
1162 888 1203 952 ad
1233 887 1397 970 quandam

247 991 425 1086 conexionis
459 1011 523 1056 auae
556 990 744 1056 soliditatem
779 1011 841 1055 non
876 990 1002 1075 generis
1036 991 1131 1076 ipsius
1161 990 1397 1076 propinquitate

247 1097 441 1174 conueniunt,
467 1096 520 1162 aad
546 1097 662 1177 potiore
685 1096 715 1160 ui
738 1109 898 1179 tamquam
920 1096 1042 1160 confixa
1074 1096 1231 1160 sociantur
1254 1133 1296 1142 —
1320 1101 1398 1160 tuno

247 1207 278 1264 et
299 1201 363 1282 pati
386 1201 480 1286 ooepit
503 1211 533 1265 et
555 1199 636 1264 mori
659 1219 760 1284 posse,
795 1220 851 1282 per
884 1219 1028 1265 oceasum
1062 1201 1169 1265 mortis
1203 1198 1232 1264 in
1268 1198 1399 1265 inferna

247 1304 451 1370 descendens.

195 1441 220 1478 ιο
291 1407 319 1473 5.
344 1409 487 1494 Sequitur
502 1409 600 1474 eninr:
623 1408 716 1473 ueni
739 1409 778 1472 in
801 1407 1062 1474 altitudinem
1088 1409 1219 1486 maria,
1242 1413 1281 1474 et
1300 1413 1399 1473 tem·

247 1519 387 1594 postas
410 1513 611 1578 demersit
633 1532 699 1577 me.
746 1512 880 1576 imitator
902 1510 954 1578 ille
978 1522 1009 1577 et
1031 1511 1194 1577 dominioae
1227 1511 1339 1577 mortis
1366 1519 1400 1577 et

247 1617 394 1701 temporis
417 1616 510 1683 lonas
534 1617 610 1680 mari
634 1635 754 1682 mersus
778 1623 909 1700 estoque
932 1622 1093 1697 susceptus
1109 1637 1172 1681 non
1187 1616 1300 1680 tamin
1315 1617 1399 1680 mari

247 1741 289 1798 se,
313 1741 404 1806 quam
427 1723 459 1785 in
482 1720 603 1786 inferno
620 1720 752 1801 positum
769 1726 913 1786 testatur:
937 1719 1110 1785 elamaui
1133 1721 1173 1785 in
1195 1738 1400 1802 pressura

247 1826 400 1890 meaad
424 1827 537 1892 doum
560 1843 696 1901 meum,
729 1830 766 1890 at
789 1824 1003 1890 exaudiuit
1035 1825 1082 1889 de
1116 1830 1261 1890 uentre
1290 1824 1399 1889 inse-

196 1959 220 1996 n
247 1949 377 1994 rorum
408 1929 602 1994 clamoris
637 1930 723 1993 mei.
769 1935 801 1993 et
822 1929 965 2012 quamuis
989 1948 1059 1994 eum
1083 1935 1169 1994 aetus
1191 1930 1231 1994 ad
1254 1927 1399 2010 speeiem

247 2032 375 2099 infernae
399 2033 504 2098 mortis
527 2032 690 2110 hausisset,
723 2033 780 2097 ait:
815 2032 1010 2098 introiuit
1042 2038 1164 2116 eaput
1196 2051 1321 2097 meum
1356 2033 1400 2097 in

247 2137 456 2202 scissuras
478 2143 693 2222 petrarum,
710 2137 909 2202 descendi
932 2136 970 2200 in
986 2142 1146 2216 terram,
1162 2137 1276 2202 ouius
1292 2157 1400 2202 serae

247 2249 415 2306 tenaces
440 2247 478 2306 et
500 2247 668 2306 aeternae.
714 2247 820 2306 saneto
844 2241 937 2305 etiam
957 2238 1015 2306 Iob
1046 2247 1116 2322 post
1150 2240 1235 2305 illum
1266 2241 1400 2306 uniuer-

248 2365 350 2410 sarum
376 2346 553 2426 passionum
577 2344 836 2428 gloriosissimum
861 2343 986 2424 bellum,
1009 2365 1080 2410 cum
1098 2345 1211 2429 dignus
1226 2346 1288 2409 iam
1309 2352 1401 2411 esset

195 2477 220 2516 oo
248 2449 368 2533 eloquio
392 2450 494 2515 diuino
519 2450 708 2534 scientiaque
731 2455 857 2528 natura,
880 2457 951 2533 post
973 2449 1121 2515 confracti
1145 2449 1225 2514 intra
1247 2469 1281 2514 se
1298 2451 1400 2515 maris

248 2559 350 2640 portas
373 2554 594 2638 rugientesque
617 2554 683 2618 eius
706 2555 738 2618 in
761 2554 869 2619 matris
893 2573 957 2618 suae
978 2561 1087 2620 uentre
1103 2559 1246 2629 terrores
1269 2573 1398 2618 rursum

248 2658 321 2742 quid
346 2659 437 2724 etiarn
462 2657 492 2722 in
523 2658 600 2722 mari
635 2657 871 2742 significaretur,
905 2657 1050 2723 dominus
1084 2656 1233 2724 reuelauit
1266 2657 1399 2723 dicens:

247 2762 400 2827 uenisti
425 2761 848 2843 autemsupersontes
871 2762 1019 2846 abyssi,
1043 2762 1171 2827 autin
1193 2761 1399 2846 uestigiis

247 2867 371 2930 maris
415 2865 661 2930 ambulasti?
723 2867 967 2948 aperiuntur
1010 2873 1144 2931 autem
1188 2866 1267 2932 tibi
1311 2886 1399 2948 prae

195 2992 221 3032 aa
247 2970 392 3034 timore
415 2975 540 3050 portae
571 2970 720 3048 mortis,
744 2971 774 3034 in
800 2970 940 3050 uestigiis
962 2970 1069 3054 utique
1091 2971 1198 3046 maris,
1228 2979 1397 3054 tamquam

291 3094 324 3145 re
341 3093 398 3145 Ion.
418 3093 452 3160 11,
471 3096 495 3146 a.
535 3095 566 3144 ra
584 3092 653 3146 nto.
672 3095 688 3146 r
707 3089 813 3158 (nux).
848 3093 950 3146 aaron
968 3092 1119 3160 xxxmn,
1139 3094 1171 3147 ra
1189 3109 1229 3160 aq.

292 3207 381 3258 lnon
410 3205 465 3259 iarn
495 3223 544 3260 om.
578 3207 603 3260 V
660 3206 749 3260 uerbtt
780 3205 863 3259 etiam
897 3205 922 3258 l'
971 3205 1144 3259 2diseendit
1175 3205 1202 3258 V
1250 3205 1280 3259 in
1308 3221 1342 3258 eo
1372 3207 1400 3259 P

246 3295 479 3360 dterraenaeque
498 3293 524 3345 R
542 3298 723 3362 terraeneque
747 3293 773 3346 V
822 3293 961 3346 buit-tuto
987 3294 1016 3344 in
1042 3309 1094 3345 raa.
1113 3311 1146 3344 m.
1165 3292 1226 3345 112
1244 3293 1351 3346 uirtntd
1372 3293 1400 3344 P

247 3379 445 3465 deonuexionis
469 3377 495 3444 (e
514 3381 541 3432 in
558 3377 624 3442 rae.)
648 3381 674 3432 P
689 3379 845 3434 onnixionis
869 3377 903 3432 V¹
956 3395 1012 3432 non
1030 3397 1079 3432 om.
1102 3379 1127 3431 V
1177 3382 1193 3433 'l
1216 3379 1338 3460 potiotre
1365 3380 1396 3432 ni

248 3487 388 3550 tamquam
405 3484 428 3535 V
443 3484 551 3552 potiore
569 3484 628 3538 uita
646 3501 729 3552 quem
748 3485 774 3536 R
791 3483 927 3552 potiorem
946 3484 1032 3537 uitam
1050 3500 1134 3552 quam
1144 3484 1170 3536 P
1220 3482 1359 3536 ooniixam
1371 3484 1399 3535 P

247 3590 346 3655 Bposs
374 3589 398 3643 dt
424 3603 475 3656 per
501 3605 568 3641 corr.
596 3606 628 3641 ru.
658 3588 674 3640 1
701 3588 726 3640 lt
779 3587 888 3641 inferna
914 3585 973 3653 (om.
1001 3588 1040 3651 in)
1073 3587 1099 3641 V
1147 3587 1347 3640 9diooendens
1372 3587 1399 3640 V
1465 3639 1470 3646 ,

249 3691 282 3744 12
299 3708 406 3746 mersus
424 3711 454 3744 es
471 3708 582 3744 mensus
601 3691 627 3744 P
677 3695 793 3760 setaque
812 3710 842 3744 aa
860 3697 978 3758 cytoque
992 3691 1019 3742 P
1031 3695 1163 3758 anetoque
1175 3709 1206 3744 a
1217 3695 1354 3758 coetuque
1368 3691 1396 3743 R

248 3777 699 3847 estooetoquoexestoquemav
742 3783 830 3831 r‘rtam
839 3777 1006 3847 rupr.scr.P
1051 3777 1349 3846 13quaminerquam
1358 3796 1392 3829 m.

248 3863 331 3918 ΝΡ
381 3865 486 3934 positus
503 3865 527 3919 l'
578 3867 610 3920 15
623 3865 752 3919 clamoris
764 3864 822 3918 mei
839 3865 905 3930 Vcs.
918 3865 1038 3917 ausano
1046 3865 1085 3929 ΙΙ,
1095 3862 1149 3916 937
1159 3863 1294 3918 clamores
1302 3863 1394 3918 meiR

247 3951 380 4006 elamor-es
408 3967 484 4005 meos
515 3952 568 4005 PE
625 3955 658 4008 16
676 3951 807 4006 introibit
842 3951 867 4004 V
922 3951 1012 4019 capud
1047 3951 1096 4004 VR
1159 3953 1191 4004 1‘1
1209 3949 1334 4004 discendi
1372 3951 1396 4004 Γ

248 4055 338 4092 serrae
362 4037 438 4092 VRP
489 4039 521 4091 18
540 4039 645 4093 tenacis
664 4039 689 4092 V
739 4044 767 4092 et
785 4057 856 4108 supr.
874 4056 924 4091 scr.
943 4038 969 4092 R
986 4037 1079 4091 om.V
1127 4037 1213 4092 etiam
1230 4038 1310 4091 ionae
1328 4035 1393 4102 (nae

248 4125 307 4178 odd.
326 4143 358 4177 m.
378 4123 452 4190 DV
502 4125 582 4178 illum
598 4127 623 4179 V
638 4125 690 4179 illu
708 4126 734 4178 R
752 4125 823 4179 illud
832 4125 886 4178 PE
900 4124 935 4194 cf.
955 4126 1027 4177 Stad.
1045 4123 1119 4178 1889
1133 4142 1162 4194 p.
1180 4122 1238 4178 318
1290 4127 1322 4178 ‘al
1341 4141 1390 4178 ru·

245 4211 402 4279 gientisque
427 4213 451 4264 V
521 4212 667 4266 matrinea
683 4213 804 4265 marisR
866 4211 983 4264 terroris
1009 4211 1031 4262 V
1093 4213 1128 4265 88
1145 4210 1230 4264 fontis
1255 4209 1290 4264 V*
1339 4216 1389 4264 sut

247 4298 276 4350 in
295 4303 434 4354 errantem
453 4299 482 4350 in
499 4299 571 4352 aa?
596 4300 620 4351 V
668 4301 703 4353 25
722 4299 781 4367 itaq
799 4297 882 4352 marie
902 4298 934 4350 R.
