3075 4967
371 311 553 362 tractatus
576 307 611 360 in
636 305 808 376 psalmum
827 305 971 360 CXXXIV.
1184 298 1246 370 713

105 499 226 564 domino
260 505 364 565 nostro
399 497 469 563 Iesu
503 496 636 576 Christo,
674 496 727 580 qui
762 502 811 562 est
848 495 1029 562 benedictos
1066 497 1097 560 in
1135 495 1247 561 saecula

103 603 293 670 saculomm.
337 621 437 668 amen.

490 771 676 855 laamas
707 771 857 854 cxllllv.

577 929 769 996 alleluia.

143 1069 413 1138 eonfitemini
438 1070 614 1136 domino:
638 1068 1183 1153 quoniambonus,quoniam
1205 1068 1244 1131 in
1285 1094 1298 1130 a

99 1175 292 1241 saeculum
315 1173 604 1240 misericordia
627 1173 714 1239 eiua
738 1178 769 1238 et
791 1171 918 1257 reliqua.

144 1299 172 1362 l.
197 1296 269 1362 Non
294 1303 343 1362 est
364 1297 478 1361 otiosus
513 1293 712 1376 propheticus
735 1314 962 1379 sermoneque
986 1317 1025 1360 er
1046 1294 1189 1360 inanibus
1210 1313 1247 1359 ao

97 1399 265 1483 superfluis
289 1401 390 1466 causis
413 1397 559 1480 spiritalis
590 1397 711 1482 loquela
734 1405 790 1464 est
836 1400 864 1464 si
893 1399 977 1464 euim
1008 1399 1040 1475 in
1069 1398 1144 1464 uiris
1174 1419 1246 1479 pru·

98 1505 246 1570 dentibus
280 1504 436 1585 expectari
469 1504 501 1569 id
534 1503 668 1568 maxime
701 1501 788 1576 solet,
823 1511 857 1569 ut
889 1523 933 1580 ea,
968 1522 1037 1586 que
1070 1501 1245 1586 loquuntur,

96 1609 253 1692 grauitate
276 1627 381 1674 eorum
405 1608 606 1690 doctrinaque
641 1607 737 1692 digna
766 1607 829 1672 sint
858 1607 1023 1691 omnisque
1052 1625 1155 1672 sermo
1184 1625 1245 1671 non
1273 1630 1298 1667 io

96 1712 137 1777 ait
160 1711 308 1777 fortuitus
332 1721 363 1777 et
385 1731 491 1796 uagus,
515 1712 570 1777 aed
595 1730 632 1775 er
656 1710 889 1778 rationabilibus
911 1711 1013 1776 causis
1037 1710 1247 1791 profecisset

96 1816 305 1898 expectationi
337 1815 528 1881 audientium
558 1814 642 1881 utilis
665 1822 696 1880 ot
718 1816 891 1880 auctoritati
913 1834 1068 1899 oongmua
1092 1814 1246 1880 disseren-

93 1921 183 1998 tium,
203 1925 317 2002 quanto
340 1920 440 2003 magis
463 1919 495 1984 id
519 1919 549 1983 in
573 1919 748 1985 celestibus
772 1919 902 2003 eloquiis
920 1920 1109 2001 opinandum
1124 1924 1180 1994 est,
1204 1924 1245 1986 ut.

95 2024 251 2108 quidquid
274 2025 305 2088 in
323 2022 372 2088 his
388 2031 443 2100 est,
466 2023 632 2098 excelsum,
657 2024 805 2101 diuinum,
828 2022 1011 2090 rationabile
1026 2030 1059 2088 et
1072 2021 1245 2104 perfectum

95 2149 166 2194 osse
192 2127 394 2193 existimetur.
439 2129 495 2194 sed
518 2126 708 2211 plerumque,
743 2128 839 2192 immo
872 2147 1007 2209 semper,
1036 2127 1110 2194 uitio
1139 2133 1246 2192 nostro
1273 2147 1298 2185 1⁵

94 2232 222 2306 accidit,
243 2238 285 2310 ut,
308 2252 378 2316 quac
401 2231 463 2316 legi
487 2232 517 2296 in
543 2230 675 2298 ecclesia
697 2231 867 2310 audiamus,
882 2232 1009 2297 auribus
1024 2238 1118 2315 atque
1133 2231 1245 2296 animis

95 2337 214 2402 nostris
230 2334 325 2420 longe
340 2337 379 2402 ab
396 2335 445 2400 his
461 2335 733 2420 peregrinantibus
750 2334 965 2421 neglegamus,
979 2343 1014 2402 ut
1028 2355 1085 2417 per
1100 2334 1245 2401 audiendi

92 2441 252 2506 incuriam
274 2439 404 2506 uilescat
426 2439 508 2520 apud
531 2459 586 2505 nos
611 2439 762 2505 dictorum
787 2439 958 2506 caelestium
980 2440 1129 2524 dignitas.
1173 2459 1246 2506 eum

93 2546 124 2609 in
165 2544 312 2611 lectionis
351 2549 489 2625 tempore
527 2545 661 2609 rationes
699 2551 909 2626 supputamus,
945 2545 1007 2610 iras
1043 2545 1245 2624 concipimus,

94 2648 228 2714 iniurias
251 2649 432 2732 cogitamus,
456 2648 543 2714 luxus
565 2648 738 2732 recolimus,
761 2656 868 2729 stupra
890 2649 1087 2726 meditamur,
1109 2654 1183 2714 tunc
1205 2649 1246 2713 ad
1273 2668 1297 2704 ²⁰

94 2753 164 2818 haee
189 2753 347 2831 occupatis
380 2752 470 2818 nobis
500 2752 601 2817 surdae
632 2772 722 2818 aures
745 2760 818 2819 sunt·
840 2759 872 2818 et
895 2752 992 2818 hebes
1015 2771 1106 2819 mens
1129 2758 1192 2822 ost:
1215 2759 1246 2816 et

92 2857 118 2921 si
144 2856 224 2941 quid
248 2856 325 2920 sorte
348 2856 380 2919 in
403 2876 493 2922 aures
515 2863 640 2922 nostras
663 2876 780 2931 eorum,
811 2877 880 2940 quae
911 2857 1063 2941 leguntur,
1092 2856 1245 2932 inciderit,

92 2962 245 3026 uirtutem
280 2966 382 3026 tamen
418 2960 570 3026 dictorum
604 2959 729 3026 obrutus
766 2961 870 3027 saeouli
908 2962 990 3026 euris
1028 2963 1150 3027 animus
1183 2980 1245 3025 non

91 3065 207 3144 sentit;
231 3071 262 3130 st
284 3084 413 3148 quorum
435 3063 680 3149 intellegentiam
704 3084 764 3129 non
788 3066 994 3149 consequitur.
1018 3065 1119 3131 leuem
1142 3065 1245 3130 existi·

91 3169 194 3234 mabit
217 3169 440 3235 auctoritatem.
1272 3187 1297 3224 2⁵

137 3273 169 3337 2.
193 3271 309 3338 Omnia
331 3279 445 3348 autem,
468 3291 538 3357 qum
560 3272 592 3336 in
623 3271 710 3338 libris
740 3272 932 3353 propheticis
962 3280 1043 3350 sunt,
1074 3273 1244 3338 maximum

94 3376 288 3442 humanitati
323 3381 354 3442 et
387 3375 493 3442 salutis
524 3381 554 3442 et
591 3376 741 3442 doctrinae
776 3377 949 3459 profectum
983 3377 1015 3440 in
1050 3396 1084 3442 se
1118 3374 1245 3454 habent,

136 3586 157 3639 2
175 3582 341 3654 Finitpsffll
355 3583 418 3652 (sic)
433 3585 584 3640 cxxxnn
595 3579 783 3656 indptitpeal.
804 3583 930 3640 CXXXV
949 3586 976 3638 P
990 3585 1072 3656 Expl.
1092 3586 1245 3640 cumn

89 3673 149 3727 inc.
170 3671 294 3728 CXXXV
313 3671 339 3725 T
388 3671 454 3726 nin
481 3673 621 3728 cuculum
639 3673 666 3727 R
688 3674 717 3727 in
745 3673 855 3728 meula
873 3674 902 3726 E
925 3674 960 3743 cs.
985 3674 1104 3728 Sohader
1121 3673 1160 3741 11,
1184 3671 1245 3727 263

89 3759 284 3828 7proletieus
313 3761 338 3813 G
399 3761 433 3813 10
449 3759 648 3842 doctrinaquae
674 3761 701 3814 Ρ
762 3763 795 3815 12
813 3760 977 3830 expetitioni
1004 3761 1055 3814 Pr
1108 3762 1142 3816 13
1158 3757 1188 3814 id
1214 3761 1245 3814 in

90 3863 223 3918 PTeidb
277 3863 457 3918 illeolesiaG
510 3863 654 3918 audiamus
668 3863 831 3919 Gaudimus
844 3864 923 3917 m
973 3865 1063 3934 adque
1078 3867 1103 3918 G
1158 3867 1190 3918 19
1199 3881 1246 3918 ra·

90 3951 185 4004 tionce
214 3950 292 4003 GPT
317 3951 424 4005 ratione
452 3969 465 4004 e
526 3950 582 4004 iras
609 3950 782 4020 concipimus
811 3951 865 4004 GT
890 3953 918 4004 ia
945 3969 1028 4021 marg.
1055 3953 1105 4022 ios.
1132 3953 1192 4006 add.
1221 3951 1247 4004 P

89 4041 127 4093 20
146 4041 245 4106 stupra
262 4036 466 4091 meditamurG
479 4053 527 4090 ora.
542 4037 753 4107 PTEcs.Acod.
760 4055 788 4108 p.
798 4036 837 4090 :36
890 4039 925 4091 22
943 4037 1062 4091 sienaP
1111 4039 1245 4108 legantur

90 4195 121 4229 ex
131 4176 301 4245 legentur-P
351 4177 385 4230 24
403 4176 494 4231 lenem
515 4177 593 4230 GRT
609 4195 639 4230 ee
657 4177 747 4245 legem
763 4194 830 4232 corr.
842 4177 868 4230 P
918 4179 952 4232 27
970 4136 1149 4232 humanitati⁸
1164 4183 1192 4231 et
1218 4179 1244 4232 G

89 4263 233 4318 humanae
251 4265 279 4316 et
298 4263 378 4316 RTE
392 4263 555 4354 humane?
566 4277 600 4305 Ξ
619 4265 658 4327 (et
677 4263 753 4332 erac)
774 4264 804 4317 P.
