3075 4967
433 293 616 341 tractatus
641 288 676 340 in
700 287 872 355 psalmum
896 287 943 340 Ll.
1197 287 1256 350 101

135 495 191 540 eum
211 477 239 540 in
270 475 361 541 trium
395 477 515 542 diemm
547 475 684 542 tenebris
716 475 861 542 tenebras
892 477 974 556 ipsas
1005 477 1121 542 lumine
1152 496 1257 542 seeum

134 587 258 645 manente
287 601 345 644 non
379 582 488 656 sensit,
520 599 590 646 eum
614 581 794 664 Aegyptum
828 581 929 662 ipsam
952 587 1082 665 argent)
1112 587 1144 645 et
1172 582 1255 646 omni

134 691 223 748 ornatu
244 683 447 764 despoliatam
472 683 552 749 eladi
576 704 639 748 sure
662 682 795 767 reliquit,
818 703 887 748 aum
907 685 1078 750 seeundum
1102 685 1163 750 diei
1186 703 1259 749 noe·

135 789 219 870 lisque
241 795 379 868 tempora
402 787 545 853 columna
567 807 648 852 nune
672 786 780 852 nubila
801 807 883 852 nane
906 788 1000 871 ignea
1017 807 1091 852 usas
1107 796 1165 864 est,
1188 808 1256 854 eum

133 891 239 956 mbrum
261 912 345 957 mare
370 893 467 973 pedes
491 892 641 970 transiuit
671 911 740 957 eum
772 891 952 975 angelorum
976 892 1046 958 eibo
1074 892 1159 963 uixit
1190 911 1259 957 cam
1299 926 1311 962 ⁶

133 995 305 1062 maiestatem
330 997 551 1062 descendentis
574 997 612 1061 ad
636 1002 772 1061 montem
797 996 956 1074 detumit,
985 1016 1053 1060 erum
1087 1016 1195 1062 uocem
1220 999 1259 1064 de

133 1101 192 1184 igne
211 1100 364 1185 loquentis
388 1101 513 1178 audiuit,
537 1119 606 1166 oum
630 1120 730 1184 regna
752 1100 849 1164 multa
872 1099 962 1165 bellis
978 1100 1124 1184 grauibus
1140 1103 1259 1167 euertit.

132 1223 190 1270 enm
203 1204 365 1272 Iordanem
384 1205 575 1282 refluentem,
599 1211 632 1269 ut
655 1206 714 1272 sibi
732 1212 842 1281 areret,
859 1205 1019 1284 spectauit,
1044 1223 1113 1269 eum
1126 1205 1259 1286 propbe-

132 1314 169 1372 tas
188 1307 297 1388 habuit,
322 1329 392 1375 eam
418 1309 631 1375 sacerdotibus
661 1311 701 1374 ad
732 1309 981 1374 emundationem
1006 1318 1206 1388 peecatorum
1229 1318 1260 1375 et

131 1413 358 1494 redemptionem
382 1413 494 1478 enimse
518 1433 580 1478 suae
604 1433 676 1478 usus
701 1419 757 1490 est,
781 1433 851 1478 eum
867 1412 1007 1478 obtinere
1021 1433 1153 1496 regnum
1169 1434 1257 1478 suum
1287 1446 1312 1483 le

131 1519 235 1582 meruit.
280 1518 336 1582 sed
361 1518 392 1580 in
416 1516 465 1580 bie
489 1516 632 1581 omnibus
656 1535 726 1581 oum
749 1524 860 1597 potens
883 1524 975 1594 esset,
1010 1518 1171 1582 tamenin
1193 1537 1259 1583 ma·

130 1618 389 1702 litiesuapotens
413 1620 625 1700 semperne,
661 1639 730 1684 oum
762 1640 864 1702 eaepae
895 1629 927 1684 et
949 1620 1041 1685 alium
1067 1623 1203 1706 Aegypti
1228 1629 1259 1688 et

130 1743 223 1792 omes
246 1724 444 1798 desiderarit,
469 1743 539 1789 oum
563 1723 602 1788 ob
626 1723 768 1789 uitiorum
799 1725 1053 1790 consuetudinem
1077 1727 1259 1791 seruitutem

130 1829 240 1908 impiam
274 1828 409 1894 libertati
450 1829 507 1909 piae
542 1827 682 1908 praetulit,
717 1847 787 1893 eum
818 1828 948 1894 uitulum
978 1830 1125 1906 adorauit,
1156 1829 1258 1914 Moysi

129 1933 280 2010 maledixit,
306 1935 398 2000 deum
424 1935 619 1999 abominatus
643 1941 699 2010 est,
723 1932 802 1998 tilios
825 1955 896 1998 suos
927 1935 1103 2000 daemonum
1139 1934 1258 1999 hostias
1286 1965 1310 2002 a

128 2037 203 2114 uouit
227 2037 395 2119 prophetas
411 2038 533 2114 oceidit,
556 2039 657 2118 ipsum
682 2058 805 2132 quoque
825 2038 916 2102 derum
929 2038 1135 2104 aedominam
1160 2057 1257 2106 suum.

128 2141 164 2202 sui
185 2159 270 2206 eausa
293 2147 400 2206 natum
425 2140 591 2218 bominem,
614 2141 771 2222 proditum
794 2143 919 2222 praetori
939 2142 970 2206 iu
985 2162 1109 2208 erucem
1125 2140 1257 2207 sustulit.

128 2261 156 2306 ae
176 2245 217 2309 siu
232 2252 293 2308 toto
308 2246 381 2310 nita
405 2265 468 2310 sure
492 2246 541 2310 die
564 2245 760 2329 iniquitatem
778 2245 922 2330 glorians,
946 2255 1141 2327 compotens
1165 2253 1258 2317 esset,

128 2351 223 2422 protem
246 2356 349 2412 tamen
374 2349 405 2412 in
429 2348 547 2413 malitia
570 2367 640 2414 esee
663 2350 843 2429 permansit.

162 2449 188 2512 7.
212 2450 282 2517 Post
314 2452 396 2517 hane
419 2472 495 2537 ergo
518 2453 556 2517 de
583 2473 619 2517 eo
643 2452 817 2534 prophetiei
847 2454 962 2519 doloris
992 2452 1164 2537 querellam
1195 2455 1256 2518 iam
1285 2486 1310 2521 a

127 2551 152 2615 in
172 2555 264 2634 ipsum
296 2577 401 2622 sermo
431 2557 634 2622 conuertitur:
671 2557 928 2623 iniustitiam
959 2558 1163 2642 cogitauit
1185 2557 1256 2622 lin-

127 2675 191 2737 gua
221 2665 292 2724 tua.
338 2659 453 2744 linguae
485 2659 626 2725 burnanae
657 2660 795 2727 officium
827 2667 882 2739 est,
912 2668 946 2726 ut
980 2660 1109 2725 naturali
1135 2661 1258 2742 inpulsa

126 2751 237 2828 ratione.
269 2773 354 2828 motu
391 2765 477 2829 uario
523 2765 694 2848 eodemque
736 2766 896 2831 moderato
936 2785 1044 2830 aooem
1086 2767 1117 2829 in
1159 2766 1256 2830 uerba

127 2864 287 2950 distinguat,
318 2873 466 2950 extatque
496 2888 553 2947 per
583 2888 652 2933 eam
682 2889 719 2933 er
750 2868 877 2933 eonfirso
908 2869 1098 2948 emmpentis
1128 2868 1254 2948 spiritus

125 2987 189 3034 sono
219 2971 377 3036 dissonans
408 2971 447 3036 ad
478 2991 582 3037 rerum
613 2971 857 3058 intellegentiam
891 2991 1004 3038 sermo.
1050 2979 1081 3036 et
1111 2974 1253 3055 quamuis
1281 3005 1306 3042 ea

126 3073 239 3154 quidem
262 3075 311 3141 bio
335 3075 402 3140 eius
425 3075 464 3139 ad
488 3075 520 3139 id
537 3075 734 3141 alliciendam
750 3076 941 3142 rationabilis
958 3082 1058 3140 motus
1082 3077 1131 3146 sit,
1149 3082 1252 3141 tamea

126 3173 184 3254 ipse
205 3180 321 3244 subdita
344 3179 446 3260 potius
471 3199 539 3244 esse
564 3179 674 3244 rationi
689 3180 889 3264 intellegitur,
913 3199 1006 3264 quam
1022 3200 1116 3245 sensu
1128 3181 1254 3245 rationis

155 3404 212 3456 lin
229 3405 350 3459 triduum
370 3405 479 3459 dierum
499 3407 524 3458 P
574 3405 665 3459 2non
683 3408 768 3460 sentit
784 3407 808 3458 l'
858 3406 1010 3475 Aegiptum
1028 3407 1117 3474 ipeiR
1169 3405 1255 3460 edis-

125 3488 242 3554 poliatam
260 3491 302 3544 Pa
356 3489 444 3544 eladis
470 3492 493 3546 V
552 3493 674 3560 reliquid
692 3493 718 3546 R
771 3493 890 3562 bpedea
917 3494 949 3546 l'e
967 3493 1038 3561 pede
1056 3491 1132 3545 RI'V
1149 3491 1206 3559 (sed
1221 3494 1256 3558 cs.

126 3574 162 3628 Pr.
175 3577 253 3642 LXV,
266 3580 301 3632 10
314 3579 358 3632 ubi
369 3580 446 3631 etium
460 3581 487 3632 ta
502 3577 525 3628 a
537 3578 631 3648 pedes)
685 3581 702 3631 6
720 3578 896 3633 deeeeudetia
914 3597 945 3633 ea
961 3579 1141 3633 deseendttea
1154 3597 1187 3632 m.
1199 3577 1221 3632 2
1234 3581 1260 3634 V

126 3663 224 3717 meede
233 3683 301 3736 supr.
314 3663 401 3718 scalt
436 3681 533 3719 uooem
543 3659 573 3719 di
590 3666 729 3734 loquentis
740 3667 791 3719 PT
842 3665 1007 3721 Blordanen
1016 3684 1046 3719 ex
1055 3665 1208 3720 lordeaaen
1222 3664 1257 3720 V¹

127 3749 155 3803 10
175 3752 292 3818 optinere
320 3753 346 3805 R
402 3753 434 3805 12
459 3767 539 3820 eepaa
568 3753 645 3805 PTE
667 3752 769 3821 nephas
803 3753 827 3806 V
877 3760 906 3807 et
929 3752 994 3806 allia
1018 3753 1097 3804 m
1146 3759 1175 3806 et
1193 3769 1257 3808 oum

125 3850 209 3890 earnes
227 3839 292 3891 Vra
348 3840 381 3900 ld
399 3839 513 3906 impiam
533 3857 581 3892 om.
599 3839 626 3893 R
677 3838 803 3894 libertati
820 3840 867 3909 pie
885 3859 916 3893 ex
932 3839 1063 3893 libertate
1081 3857 1126 3893 me
1146 3858 1214 3894 corr.
1232 3843 1258 3894 R

125 3921 233 3978 libertati
256 3926 301 3994 pia
331 3925 357 3977 V
407 3925 477 3978 Mosi
498 3927 535 3978 lte
553 3926 668 3994 Moysen
689 3927 738 3979 PT
793 3928 824 3981 16
849 3927 1005 3980 deum-alt
1023 3926 1080 3980 doTr
1104 3929 1128 3981 V
1148 3927 1215 3982 dam
1235 3929 1261 3980 P

125 4009 300 4068 abhominatus
318 4018 361 4068 eat
376 4015 402 4068 R
421 4015 593 4068 abominatus
613 4015 672 4078 (em.
691 4013 805 4084 esthT
862 4015 1039 4069 hostiurm»
1093 4018 1126 4070 16
1144 4017 1222 4070 nobit
1236 4017 1261 4068 V

127 4098 153 4150 18
161 4097 262 4154 diemlt
305 4101 948 4170 iniquitatePTiniquitatiaRininiquiteteE
990 4100 1259 4172 efiinrrrarp.odd.R

126 4183 153 4235 19
168 4191 353 4252 potenetaman
371 4205 402 4242 ex
419 4190 630 4256 potestamenR
683 4205 741 4243 esse
761 4189 873 4242 onaPT
924 4191 957 4242 21
977 4190 1006 4242 in
1025 4189 1121 4258 ipeol'
1170 4191 1260 4243 min·

127 4269 242 4334 pulsuel'
281 4274 468 4328 ffimoderato
481 4293 511 4328 ez
520 4277 626 4330 uariata
636 4277 739 4330 carnit
783 4279 953 4344 aspersum
966 4277 1014 4328 1⁷1'
1056 4279 1090 4331 8⁸1
1104 4293 1214 4329 aeneum
1227 4277 1260 4327 lt.
