<?xml version="1.0" encoding="UTF-8"?>
<!DOCTYPE html PUBLIC "-//W3C//DTD XHTML 1.0 Transitional//EN"
    "http://www.w3.org/TR/xhtml1/DTD/xhtml1-transitional.dtd">
<html xmlns="http://www.w3.org/1999/xhtml" xml:lang="en" lang="en">
 <head>
  <title>
</title>
<meta http-equiv="Content-Type" content="text/html;charset=utf-8" />
  <meta name='ocr-system' content='tesseract 3.04.00' />
  <meta name='ocr-capabilities' content='ocr_page ocr_carea ocr_par ocr_line ocrx_word'/>
</head>
<body>
  <div class='ocr_page' id='page_1' title='image "./corpusscriptoru23wiengoog_0505.png"; bbox 0 0 3075 4967; ppageno 0'>
   <div class='ocr_carea' id='block_1_1' title="bbox 372 260 1225 331">
    <p class='ocr_par' dir='ltr' id='par_1_1' title="bbox 372 260 1225 331">
     <span class='ocr_line' id='line_1_1' title="bbox 372 260 1225 331; baseline 0.004 -16"><span class='ocrx_word' id='word_1_1' title='bbox 372 268 553 317; x_wconf 76' lang='lat' dir='ltr'>tractatus</span> <span class='ocrx_word' id='word_1_2' title='bbox 572 262 607 315; x_wconf 90' lang='lat' dir='ltr'>in</span> <span class='ocrx_word' id='word_1_3' title='bbox 625 262 797 331; x_wconf 81' lang='lat' dir='ltr'>psalmum</span> <span class='ocrx_word' id='word_1_4' title='bbox 816 260 936 315; x_wconf 85' lang='lat' dir='ltr'>CXVIII.</span> <span class='ocrx_word' id='word_1_5' title='bbox 1161 260 1225 325; x_wconf 76' lang='lat'>475</span> 
     </span>
    </p>
   </div>
   <div class='ocr_carea' id='block_1_2' title="bbox 89 449 1279 2517">
    <p class='ocr_par' dir='ltr' id='par_1_2' title="bbox 90 449 1279 1788">
     <span class='ocr_line' id='line_1_2' title="bbox 135 449 1226 537; baseline 0.002 -22"><span class='ocrx_word' id='word_1_6' title='bbox 135 453 160 516; x_wconf 82' lang='lat'>2.</span> <span class='ocrx_word' id='word_1_7' title='bbox 183 452 271 519; x_wconf 86' lang='lat' dir='ltr'>Hunc</span> <span class='ocrx_word' id='word_1_8' title='bbox 294 472 369 537; x_wconf 88' lang='lat' dir='ltr'>ergo</span> <span class='ocrx_word' id='word_1_9' title='bbox 392 452 463 518; x_wconf 83' lang='lat' dir='ltr'>uitae</span> <span class='ocrx_word' id='word_1_10' title='bbox 486 470 550 517; x_wconf 81' lang='lat' dir='ltr'>suae</span> <span class='ocrx_word' id='word_1_11' title='bbox 573 451 784 535; x_wconf 78' lang='lat' dir='ltr'><strong>ignorantiam</strong></span> <span class='ocrx_word' id='word_1_12' title='bbox 799 451 936 535; x_wconf 76' lang='lat' dir='ltr'>quodum</span> <span class='ocrx_word' id='word_1_13' title='bbox 959 449 1087 532; x_wconf 84' lang='lat' dir='ltr'>praeluto</span> <span class='ocrx_word' id='word_1_14' title='bbox 1109 449 1226 517; x_wconf 89' lang='lat' dir='ltr'>lumine</span> 
     </span>
     <span class='ocr_line' id='line_1_3' title="bbox 96 554 1226 642; baseline 0.001 -22"><span class='ocrx_word' id='word_1_15' title='bbox 96 556 130 621; x_wconf 87' lang='lat' dir='ltr'>ed</span> <span class='ocrx_word' id='word_1_16' title='bbox 157 556 398 640; x_wconf 79' lang='lat' dir='ltr'>intellegentiam</span> <span class='ocrx_word' id='word_1_17' title='bbox 428 556 534 642; x_wconf 83' lang='lat' dir='ltr'>dirIgit</span> <span class='ocrx_word' id='word_1_18' title='bbox 563 555 686 621; x_wconf 91' lang='lat' dir='ltr'>dicens:</span> <span class='ocrx_word' id='word_1_19' title='bbox 724 556 894 622; x_wconf 79' lang='lat' dir='ltr'>lucerne</span> <span class='ocrx_word' id='word_1_20' title='bbox 925 554 1096 635; x_wconf 89' lang='lat' dir='ltr'>pedibus</span> <span class='ocrx_word' id='word_1_21' title='bbox 1126 555 1226 621; x_wconf 90' lang='lat' dir='ltr'>meis</span> 
     </span>
     <span class='ocr_line' id='line_1_4' title="bbox 96 658 1227 741; baseline -0.001 -15"><span class='ocrx_word' id='word_1_22' title='bbox 96 662 250 727; x_wconf 89' lang='lat' dir='ltr'>uerbum</span> <span class='ocrx_word' id='word_1_23' title='bbox 283 669 400 727; x_wconf 90' lang='lat' dir='ltr'>tuum.</span> <span class='ocrx_word' id='word_1_24' title='bbox 445 661 502 727; x_wconf 86' lang='lat' dir='ltr'>scit</span> <span class='ocrx_word' id='word_1_25' title='bbox 525 680 569 741; x_wconf 86' lang='lat' dir='ltr'>se,</span> <span class='ocrx_word' id='word_1_26' title='bbox 603 660 664 725; x_wconf 90' lang='lat' dir='ltr'>nisi</span> <span class='ocrx_word' id='word_1_27' title='bbox 697 660 794 725; x_wconf 89' lang='lat' dir='ltr'>uerbo</span> <span class='ocrx_word' id='word_1_28' title='bbox 828 660 878 724; x_wconf 91' lang='lat' dir='ltr'>dei</span> <span class='ocrx_word' id='word_1_29' title='bbox 908 658 1137 735; x_wconf 84' lang='lat' dir='ltr'>inluminatum.</span> <span class='ocrx_word' id='word_1_30' title='bbox 1167 658 1227 725; x_wconf 87' lang='lat' dir='ltr'>hus</span> 
     </span>
     <span class='ocr_line' id='line_1_5' title="bbox 94 762 1228 847; baseline -0.003 -17"><span class='ocrx_word' id='word_1_31' title='bbox 94 785 243 847; x_wconf 90' lang='lat' dir='ltr'>corporum</span> <span class='ocrx_word' id='word_1_32' title='bbox 267 766 411 832; x_wconf 78' lang='lat' dir='ltr'>tenebras</span> <span class='ocrx_word' id='word_1_33' title='bbox 435 770 466 831; x_wconf 91' lang='lat' dir='ltr'>et</span> <span class='ocrx_word' id='word_1_34' title='bbox 486 764 569 830; x_wconf 86' lang='lat' dir='ltr'>hunc</span> <span class='ocrx_word' id='word_1_35' title='bbox 592 763 697 831; x_wconf 74' lang='lat' dir='ltr'>cuculi</span> <span class='ocrx_word' id='word_1_36' title='bbox 720 769 841 829; x_wconf 87' lang='lat' dir='ltr'>noctem</span> <span class='ocrx_word' id='word_1_37' title='bbox 859 763 941 829; x_wconf 85' lang='lat' dir='ltr'>serre</span> <span class='ocrx_word' id='word_1_38' title='bbox 956 783 1017 827; x_wconf 89' lang='lat' dir='ltr'>nou</span> <span class='ocrx_word' id='word_1_39' title='bbox 1033 784 1133 845; x_wconf 89' lang='lat' dir='ltr'>posse.</span> <span class='ocrx_word' id='word_1_40' title='bbox 1169 762 1228 829; x_wconf 88' lang='lat' dir='ltr'>scit</span> 
     </span>
     <span class='ocr_line' id='line_1_6' title="bbox 95 867 1279 953; baseline 0.001 -20"><span class='ocrx_word' id='word_1_41' title='bbox 95 869 196 953; x_wconf 90' lang='lat' dir='ltr'>ubique</span> <span class='ocrx_word' id='word_1_42' title='bbox 231 870 342 936; x_wconf 82' lang='lat' dir='ltr'>edesse</span> <span class='ocrx_word' id='word_1_43' title='bbox 376 869 495 952; x_wconf 78' lang='lat' dir='ltr'>lapides</span> <span class='ocrx_word' id='word_1_44' title='bbox 529 868 746 948; x_wconf 84' lang='lat' dir='ltr'>offensionum,</span> <span class='ocrx_word' id='word_1_45' title='bbox 780 867 909 952; x_wconf 82' lang='lat' dir='ltr'>laqueos</span> <span class='ocrx_word' id='word_1_46' title='bbox 938 868 1068 945; x_wconf 84' lang='lat' dir='ltr'>iunium,</span> <span class='ocrx_word' id='word_1_47' title='bbox 1099 868 1226 934; x_wconf 85' lang='lat' dir='ltr'>scrobes</span> <span class='ocrx_word' id='word_1_48' title='bbox 1265 900 1279 941; x_wconf 69' lang='grc' dir='ltr'>ι</span> 
     </span>
     <span class='ocr_line' id='line_1_7' title="bbox 93 970 1227 1058; baseline 0 -21"><span class='ocrx_word' id='word_1_49' title='bbox 93 972 253 1039; x_wconf 81' lang='lat' dir='ltr'>leucarum.</span> <span class='ocrx_word' id='word_1_50' title='bbox 298 981 333 1039; x_wconf 91' lang='lat' dir='ltr'>ut</span> <span class='ocrx_word' id='word_1_51' title='bbox 354 973 437 1039; x_wconf 93' lang='lat' dir='ltr'>enim</span> <span class='ocrx_word' id='word_1_52' title='bbox 461 973 530 1058; x_wconf 88' lang='lat' dir='ltr'>quis</span> <span class='ocrx_word' id='word_1_53' title='bbox 553 980 642 1039; x_wconf 88' lang='lat' dir='ltr'>necte</span> <span class='ocrx_word' id='word_1_54' title='bbox 673 992 820 1056; x_wconf 88' lang='lat' dir='ltr'>egressus</span> <span class='ocrx_word' id='word_1_55' title='bbox 850 970 1011 1038; x_wconf 85' lang='lat' dir='ltr'>lucernum</span> <span class='ocrx_word' id='word_1_56' title='bbox 1041 972 1174 1039; x_wconf 78' lang='lat' dir='ltr'>antefert</span> <span class='ocrx_word' id='word_1_57' title='bbox 1196 978 1227 1037; x_wconf 93' lang='lat' dir='ltr'>et</span> 
     </span>
     <span class='ocr_line' id='line_1_8' title="bbox 94 1075 1226 1162; baseline -0.001 -20"><span class='ocrx_word' id='word_1_58' title='bbox 94 1096 146 1161; x_wconf 90' lang='lat' dir='ltr'>quo</span> <span class='ocrx_word' id='word_1_59' title='bbox 166 1078 278 1160; x_wconf 92' lang='lat' dir='ltr'>pedem</span> <span class='ocrx_word' id='word_1_60' title='bbox 301 1076 413 1143; x_wconf 81' lang='lat' dir='ltr'>inferet</span> <span class='ocrx_word' id='word_1_61' title='bbox 435 1083 595 1144; x_wconf 88' lang='lat' dir='ltr'>contuetur</span> <span class='ocrx_word' id='word_1_62' title='bbox 617 1082 711 1162; x_wconf 84' lang='lat' dir='ltr'>etque</span> <span class='ocrx_word' id='word_1_63' title='bbox 734 1078 776 1142; x_wconf 87' lang='lat' dir='ltr'>ud</span> <span class='ocrx_word' id='word_1_64' title='bbox 797 1075 939 1159; x_wconf 89' lang='lat' dir='ltr'>singulos</span> <span class='ocrx_word' id='word_1_65' title='bbox 961 1096 1090 1161; x_wconf 80' lang='lat' dir='ltr'>gressus</span> <span class='ocrx_word' id='word_1_66' title='bbox 1111 1076 1226 1141; x_wconf 87' lang='lat' dir='ltr'>lumine</span> 
     </span>
     <span class='ocr_line' id='line_1_9' title="bbox 93 1180 1225 1265; baseline -0.001 -18"><span class='ocrx_word' id='word_1_67' title='bbox 93 1189 238 1261; x_wconf 78' lang='lat' dir='ltr'>preeunte</span> <span class='ocrx_word' id='word_1_68' title='bbox 262 1181 409 1247; x_wconf 87' lang='lat' dir='ltr'>sollicitus</span> <span class='ocrx_word' id='word_1_69' title='bbox 433 1188 488 1260; x_wconf 91' lang='lat' dir='ltr'>est,</span> <span class='ocrx_word' id='word_1_70' title='bbox 514 1182 558 1247; x_wconf 86' lang='lat' dir='ltr'>itu</span> <span class='ocrx_word' id='word_1_71' title='bbox 580 1181 795 1265; x_wconf 89' lang='lat' dir='ltr'>unusquisque</span> <span class='ocrx_word' id='word_1_72' title='bbox 818 1186 958 1245; x_wconf 88' lang='lat' dir='ltr'>nostrum</span> <span class='ocrx_word' id='word_1_73' title='bbox 981 1200 1114 1247; x_wconf 82' lang='lat' dir='ltr'>manens</span> <span class='ocrx_word' id='word_1_74' title='bbox 1135 1180 1168 1245; x_wconf 92' lang='lat' dir='ltr'>in</span> <span class='ocrx_word' id='word_1_75' title='bbox 1192 1200 1225 1246; x_wconf 90' lang='lat' dir='ltr'>sc</span> 
     </span>
     <span class='ocr_line' id='line_1_10' title="bbox 92 1284 1226 1368; baseline 0 -19"><span class='ocrx_word' id='word_1_76' title='bbox 92 1286 212 1352; x_wconf 89' lang='lat' dir='ltr'>uerbum</span> <span class='ocrx_word' id='word_1_77' title='bbox 237 1286 287 1351; x_wconf 93' lang='lat' dir='ltr'>dei</span> <span class='ocrx_word' id='word_1_78' title='bbox 309 1286 342 1350; x_wconf 94' lang='lat' dir='ltr'>in</span> <span class='ocrx_word' id='word_1_79' title='bbox 366 1306 474 1352; x_wconf 86' lang='lat' dir='ltr'>omues</span> <span class='ocrx_word' id='word_1_80' title='bbox 508 1306 637 1368; x_wconf 89' lang='lat' dir='ltr'>eperum</span> <span class='ocrx_word' id='word_1_81' title='bbox 670 1304 835 1366; x_wconf 86' lang='lat' dir='ltr'>processus</span> <span class='ocrx_word' id='word_1_82' title='bbox 870 1292 1031 1368; x_wconf 72' lang='lat' dir='ltr'>tamquam</span> <span class='ocrx_word' id='word_1_83' title='bbox 1067 1284 1226 1350; x_wconf 84' lang='lat' dir='ltr'>lucernum</span> 
     </span>
     <span class='ocr_line' id='line_1_11' title="bbox 91 1388 1278 1470; baseline 0.003 -15"><span class='ocrx_word' id='word_1_84' title='bbox 91 1390 252 1470; x_wconf 77' lang='lat' dir='ltr'>pretendit</span> <span class='ocrx_word' id='word_1_85' title='bbox 298 1390 397 1455; x_wconf 91' lang='lat' dir='ltr'>omnis</span> <span class='ocrx_word' id='word_1_86' title='bbox 421 1390 534 1456; x_wconf 90' lang='lat' dir='ltr'>etenim</span> <span class='ocrx_word' id='word_1_87' title='bbox 558 1390 700 1456; x_wconf 88' lang='lat' dir='ltr'>doctrino</span> <span class='ocrx_word' id='word_1_88' title='bbox 722 1388 855 1456; x_wconf 80' lang='lat' dir='ltr'>caelestis</span> <span class='ocrx_word' id='word_1_89' title='bbox 885 1389 947 1455; x_wconf 83' lang='lat' dir='ltr'>dux</span> <span class='ocrx_word' id='word_1_90' title='bbox 976 1388 1067 1455; x_wconf 88' lang='lat' dir='ltr'>nobis</span> <span class='ocrx_word' id='word_1_91' title='bbox 1097 1390 1138 1453; x_wconf 84' lang='lat' dir='ltr'>ad</span> <span class='ocrx_word' id='word_1_92' title='bbox 1167 1389 1226 1453; x_wconf 91' lang='lat' dir='ltr'>iter</span> <span class='ocrx_word' id='word_1_93' title='bbox 1253 1422 1278 1459; x_wconf 82' lang='grc' dir='ltr'>ιο</span> 
     </span>
     <span class='ocr_line' id='line_1_12' title="bbox 91 1492 1228 1579; baseline 0.003 -25"><span class='ocrx_word' id='word_1_94' title='bbox 91 1494 152 1559; x_wconf 75' lang='lat' dir='ltr'>uite</span> <span class='ocrx_word' id='word_1_95' title='bbox 175 1502 229 1575; x_wconf 85' lang='lat' dir='ltr'>est,</span> <span class='ocrx_word' id='word_1_96' title='bbox 252 1515 322 1579; x_wconf 81' lang='lat' dir='ltr'>quae</span> <span class='ocrx_word' id='word_1_97' title='bbox 345 1494 480 1561; x_wconf 86' lang='lat' dir='ltr'>lucernae</span> <span class='ocrx_word' id='word_1_98' title='bbox 511 1495 602 1560; x_wconf 89' lang='lat' dir='ltr'>modo</span> <span class='ocrx_word' id='word_1_99' title='bbox 632 1495 663 1559; x_wconf 92' lang='lat' dir='ltr'>in</span> <span class='ocrx_word' id='word_1_100' title='bbox 695 1493 754 1560; x_wconf 89' lang='lat' dir='ltr'>huc</span> <span class='ocrx_word' id='word_1_101' title='bbox 783 1501 873 1559; x_wconf 86' lang='lat' dir='ltr'>nocte</span> <span class='ocrx_word' id='word_1_102' title='bbox 904 1492 1009 1560; x_wconf 78' lang='lat' dir='ltr'>saeculi</span> <span class='ocrx_word' id='word_1_103' title='bbox 1032 1493 1228 1573; x_wconf 83' lang='lat' dir='ltr'>praeierendo</span> 
     </span>
     <span class='ocr_line' id='line_1_13' title="bbox 90 1596 1227 1683; baseline 0 -21"><span class='ocrx_word' id='word_1_104' title='bbox 90 1606 138 1675; x_wconf 82' lang='lat' dir='ltr'>est,</span> <span class='ocrx_word' id='word_1_105' title='bbox 166 1618 238 1664; x_wconf 92' lang='lat' dir='ltr'>cum</span> <span class='ocrx_word' id='word_1_106' title='bbox 262 1598 380 1683; x_wconf 76' lang='lat' dir='ltr'>ailquid</span> <span class='ocrx_word' id='word_1_107' title='bbox 403 1608 456 1665; x_wconf 84' lang='lat' dir='ltr'>out</span> <span class='ocrx_word' id='word_1_108' title='bbox 479 1598 604 1680; x_wconf 83' lang='lat' dir='ltr'>egimus</span> <span class='ocrx_word' id='word_1_109' title='bbox 633 1606 686 1664; x_wconf 83' lang='lat' dir='ltr'>aut</span> <span class='ocrx_word' id='word_1_110' title='bbox 715 1598 889 1683; x_wconf 84' lang='lat' dir='ltr'>cogitemus</span> <span class='ocrx_word' id='word_1_111' title='bbox 923 1605 977 1663; x_wconf 83' lang='lat' dir='ltr'>aut</span> <span class='ocrx_word' id='word_1_112' title='bbox 997 1596 1165 1681; x_wconf 82' lang='lat' dir='ltr'>loquimur‚&#39;</span> <span class='ocrx_word' id='word_1_113' title='bbox 1192 1603 1227 1662; x_wconf 89' lang='lat' dir='ltr'>ut</span> 
     </span>
     <span class='ocr_line' id='line_1_14' title="bbox 90 1702 1154 1788; baseline 0 -23"><span class='ocrx_word' id='word_1_114' title='bbox 90 1720 122 1766; x_wconf 83' lang='lat' dir='ltr'>ee</span> <span class='ocrx_word' id='word_1_115' title='bbox 141 1704 171 1767; x_wconf 93' lang='lat' dir='ltr'>in</span> <span class='ocrx_word' id='word_1_116' title='bbox 195 1722 319 1769; x_wconf 90' lang='lat' dir='ltr'>omnem</span> <span class='ocrx_word' id='word_1_117' title='bbox 343 1722 544 1788; x_wconf 86' lang='lat' dir='ltr'>progressum</span> <span class='ocrx_word' id='word_1_118' title='bbox 568 1702 790 1786; x_wconf 88' lang='lat' dir='ltr'>cuiuscumque</span> <span class='ocrx_word' id='word_1_119' title='bbox 814 1702 999 1783; x_wconf 87' lang='lat' dir='ltr'>operationis</span> <span class='ocrx_word' id='word_1_120' title='bbox 1020 1709 1154 1767; x_wconf 84' lang='lat' dir='ltr'>utemur.</span> 
     </span>
    </p>

    <p class='ocr_par' dir='ltr' id='par_1_3' title="bbox 89 1806 1279 2517">
     <span class='ocr_line' id='line_1_15' title="bbox 128 1806 1227 1891; baseline -0.002 -20"><span class='ocrx_word' id='word_1_121' title='bbox 128 1807 156 1871; x_wconf 84' lang='lat'>3.</span> <span class='ocrx_word' id='word_1_122' title='bbox 180 1807 270 1873; x_wconf 89' lang='lat' dir='ltr'>lubet</span> <span class='ocrx_word' id='word_1_123' title='bbox 304 1807 447 1873; x_wconf 87' lang='lat' dir='ltr'>dominus</span> <span class='ocrx_word' id='word_1_124' title='bbox 480 1808 512 1872; x_wconf 91' lang='lat' dir='ltr'>in</span> <span class='ocrx_word' id='word_1_125' title='bbox 536 1806 706 1891; x_wconf 81' lang='lat' dir='ltr'>euangeliis</span> <span class='ocrx_word' id='word_1_126' title='bbox 736 1806 817 1872; x_wconf 86' lang='lat' dir='ltr'>hunc</span> <span class='ocrx_word' id='word_1_127' title='bbox 846 1814 1071 1888; x_wconf 65' lang='lat' dir='ltr'>preceptorum</span> <span class='ocrx_word' id='word_1_128' title='bbox 1099 1824 1227 1871; x_wconf 90' lang='lat' dir='ltr'>suorum</span> 
     </span>
     <span class='ocr_line' id='line_1_16' title="bbox 90 1908 1279 1988; baseline 0.002 -13"><span class='ocrx_word' id='word_1_129' title='bbox 90 1908 240 1977; x_wconf 84' lang='lat' dir='ltr'>lncemem</span> <span class='ocrx_word' id='word_1_130' title='bbox 265 1932 325 1977; x_wconf 93' lang='lat' dir='ltr'>non</span> <span class='ocrx_word' id='word_1_131' title='bbox 348 1912 478 1988; x_wconf 78' lang='lat' dir='ltr'>otiosum</span> <span class='ocrx_word' id='word_1_132' title='bbox 502 1918 533 1977; x_wconf 93' lang='lat' dir='ltr'>et</span> <span class='ocrx_word' id='word_1_133' title='bbox 551 1911 692 1977; x_wconf 90' lang='lat' dir='ltr'>inutilem</span> <span class='ocrx_word' id='word_1_134' title='bbox 716 1910 824 1985; x_wconf 86' lang='lat' dir='ltr'>occuli,</span> <span class='ocrx_word' id='word_1_135' title='bbox 839 1912 961 1977; x_wconf 87' lang='lat' dir='ltr'>dicens:</span> <span class='ocrx_word' id='word_1_136' title='bbox 985 1930 1097 1975; x_wconf 90' lang='lat' dir='ltr'>nemo</span> <span class='ocrx_word' id='word_1_137' title='bbox 1120 1909 1225 1975; x_wconf 90' lang='lat' dir='ltr'>enim</span> <span class='ocrx_word' id='word_1_138' title='bbox 1254 1941 1279 1977; x_wconf 79' lang='grc' dir='ltr'>ιι</span> 
     </span>
     <span class='ocr_line' id='line_1_17' title="bbox 91 2013 1226 2098; baseline -0.001 -20"><span class='ocrx_word' id='word_1_139' title='bbox 91 2013 292 2081; x_wconf 88' lang='lat' dir='ltr'>lucernum</span> <span class='ocrx_word' id='word_1_140' title='bbox 324 2016 515 2082; x_wconf 82' lang='lat' dir='ltr'>accendit</span> <span class='ocrx_word' id='word_1_141' title='bbox 544 2023 582 2082; x_wconf 89' lang='lat' dir='ltr'>et</span> <span class='ocrx_word' id='word_1_142' title='bbox 611 2016 725 2098; x_wconf 91' lang='lat' dir='ltr'>ponit</span> <span class='ocrx_word' id='word_1_143' title='bbox 754 2034 838 2081; x_wconf 82' lang='lat' dir='ltr'>eam</span> <span class='ocrx_word' id='word_1_144' title='bbox 867 2016 940 2081; x_wconf 89' lang='lat' dir='ltr'>sub</span> <span class='ocrx_word' id='word_1_145' title='bbox 972 2014 1110 2081; x_wconf 90' lang='lat' dir='ltr'>modio.</span> <span class='ocrx_word' id='word_1_146' title='bbox 1155 2033 1226 2097; x_wconf 82' lang='lat' dir='ltr'>quae</span> 
     </span>
     <span class='ocr_line' id='line_1_18' title="bbox 90 2117 1225 2203; baseline -0.001 -20"><span class='ocrx_word' id='word_1_147' title='bbox 90 2119 165 2183; x_wconf 89' lang='lat' dir='ltr'>enim</span> <span class='ocrx_word' id='word_1_148' title='bbox 198 2118 343 2198; x_wconf 74' lang='lat' dir='ltr'>lucerne,</span> <span class='ocrx_word' id='word_1_149' title='bbox 377 2120 403 2186; x_wconf 85' lang='lat' dir='ltr'>si</span> <span class='ocrx_word' id='word_1_150' title='bbox 438 2120 539 2185; x_wconf 89' lang='lat' dir='ltr'>modio</span> <span class='ocrx_word' id='word_1_151' title='bbox 572 2126 701 2203; x_wconf 83' lang='lat' dir='ltr'>tegetur,</span> <span class='ocrx_word' id='word_1_152' title='bbox 735 2118 853 2185; x_wconf 80' lang='lat' dir='ltr'>utilitas</span> <span class='ocrx_word' id='word_1_153' title='bbox 890 2117 961 2185; x_wconf 84' lang='lat' dir='ltr'>est?</span> <span class='ocrx_word' id='word_1_154' title='bbox 1005 2138 1098 2184; x_wconf 87' lang='lat' dir='ltr'>usum</span> <span class='ocrx_word' id='word_1_155' title='bbox 1135 2137 1225 2183; x_wconf 85' lang='lat' dir='ltr'>snum</span> 
     </span>
     <span class='ocr_line' id='line_1_19' title="bbox 89 2221 1226 2309; baseline 0.001 -24"><span class='ocrx_word' id='word_1_156' title='bbox 89 2229 201 2289; x_wconf 83' lang='lat' dir='ltr'>tentum</span> <span class='ocrx_word' id='word_1_157' title='bbox 224 2224 306 2290; x_wconf 79' lang='lat' dir='ltr'>intre</span> <span class='ocrx_word' id='word_1_158' title='bbox 334 2223 376 2303; x_wconf 89' lang='lat' dir='ltr'>id,</span> <span class='ocrx_word' id='word_1_159' title='bbox 412 2244 474 2309; x_wconf 93' lang='lat' dir='ltr'>quo</span> <span class='ocrx_word' id='word_1_160' title='bbox 508 2224 651 2307; x_wconf 85' lang='lat' dir='ltr'>operitur,</span> <span class='ocrx_word' id='word_1_161' title='bbox 680 2224 829 2305; x_wconf 84' lang='lat' dir='ltr'>inpendit.</span> <span class='ocrx_word' id='word_1_162' title='bbox 875 2222 961 2289; x_wconf 90' lang='lat' dir='ltr'>iubet</span> <span class='ocrx_word' id='word_1_163' title='bbox 982 2222 1078 2306; x_wconf 89' lang='lat' dir='ltr'>igitur</span> <span class='ocrx_word' id='word_1_164' title='bbox 1100 2242 1171 2287; x_wconf 82' lang='lat' dir='ltr'>eum</span> <span class='ocrx_word' id='word_1_165' title='bbox 1193 2221 1226 2286; x_wconf 93' lang='lat' dir='ltr'>in</span> 
     </span>
     <span class='ocr_line' id='line_1_20' title="bbox 89 2325 1226 2410; baseline 0.001 -20"><span class='ocrx_word' id='word_1_166' title='bbox 89 2326 277 2407; x_wconf 79' lang='lat' dir='ltr'>candelabro,</span> <span class='ocrx_word' id='word_1_167' title='bbox 307 2328 340 2394; x_wconf 95' lang='lat' dir='ltr'>id</span> <span class='ocrx_word' id='word_1_168' title='bbox 362 2335 410 2395; x_wconf 86' lang='lat' dir='ltr'>est</span> <span class='ocrx_word' id='word_1_169' title='bbox 432 2329 464 2395; x_wconf 92' lang='lat' dir='ltr'>iu</span> <span class='ocrx_word' id='word_1_170' title='bbox 487 2328 580 2396; x_wconf 85' lang='lat' dir='ltr'>officii</span> <span class='ocrx_word' id='word_1_171' title='bbox 615 2329 662 2395; x_wconf 89' lang='lat' dir='ltr'>sui</span> <span class='ocrx_word' id='word_1_172' title='bbox 696 2329 771 2395; x_wconf 89' lang='lat' dir='ltr'>sede</span> <span class='ocrx_word' id='word_1_173' title='bbox 804 2327 958 2393; x_wconf 89' lang='lat' dir='ltr'>constitui.</span> <span class='ocrx_word' id='word_1_174' title='bbox 1003 2328 1110 2410; x_wconf 86' lang='lat' dir='ltr'>itaque</span> <span class='ocrx_word' id='word_1_175' title='bbox 1145 2325 1226 2391; x_wconf 86' lang='lat' dir='ltr'>hunc</span> 
     </span>
     <span class='ocr_line' id='line_1_21' title="bbox 89 2432 1279 2517; baseline 0.001 -23"><span class='ocrx_word' id='word_1_176' title='bbox 89 2432 255 2497; x_wconf 79' lang='lat' dir='ltr'>doctrinam</span> <span class='ocrx_word' id='word_1_177' title='bbox 289 2440 381 2517; x_wconf 87' lang='lat' dir='ltr'>utque</span> <span class='ocrx_word' id='word_1_178' title='bbox 415 2432 474 2498; x_wconf 89' lang='lat' dir='ltr'>hoc</span> <span class='ocrx_word' id='word_1_179' title='bbox 507 2434 638 2500; x_wconf 90' lang='lat' dir='ltr'>uerbum</span> <span class='ocrx_word' id='word_1_180' title='bbox 672 2434 721 2500; x_wconf 90' lang='lat' dir='ltr'>dei</span> <span class='ocrx_word' id='word_1_181' title='bbox 754 2433 836 2499; x_wconf 83' lang='lat' dir='ltr'>intro</span> <span class='ocrx_word' id='word_1_182' title='bbox 869 2452 926 2497; x_wconf 87' lang='lat' dir='ltr'>nos</span> <span class='ocrx_word' id='word_1_183' title='bbox 967 2440 1124 2510; x_wconf 88' lang='lat' dir='ltr'>receptum</span> <span class='ocrx_word' id='word_1_184' title='bbox 1163 2450 1225 2495; x_wconf 89' lang='lat' dir='ltr'>non</span> <span class='ocrx_word' id='word_1_185' title='bbox 1254 2458 1279 2495; x_wconf 78' lang='lat' dir='ltr'>ro</span> 
     </span>
    </p>
   </div>
   <div class='ocr_carea' id='block_1_3' title="bbox 88 2534 1281 3039">
    <p class='ocr_par' dir='ltr' id='par_1_4' title="bbox 88 2534 1281 3039">
     <span class='ocr_line' id='line_1_22' title="bbox 88 2534 1227 2621; baseline 0 -23"><span class='ocrx_word' id='word_1_186' title='bbox 88 2534 214 2601; x_wconf 88' lang='lat' dir='ltr'>otiosum</span> <span class='ocrx_word' id='word_1_187' title='bbox 237 2556 339 2621; x_wconf 90' lang='lat' dir='ltr'>neque</span> <span class='ocrx_word' id='word_1_188' title='bbox 372 2537 480 2603; x_wconf 90' lang='lat' dir='ltr'>inutile</span> <span class='ocrx_word' id='word_1_189' title='bbox 503 2544 662 2621; x_wconf 78' lang='lat' dir='ltr'>tamquam</span> <span class='ocrx_word' id='word_1_190' title='bbox 686 2537 789 2602; x_wconf 89' lang='lat' dir='ltr'>modio</span> <span class='ocrx_word' id='word_1_191' title='bbox 818 2534 1006 2608; x_wconf 81' lang='lat' dir='ltr'>occulamus,</span> <span class='ocrx_word' id='word_1_192' title='bbox 1037 2535 1092 2599; x_wconf 88' lang='lat' dir='ltr'>sed</span> <span class='ocrx_word' id='word_1_193' title='bbox 1122 2534 1227 2599; x_wconf 91' lang='lat' dir='ltr'>lumen</span> 
     </span>
     <span class='ocr_line' id='line_1_23' title="bbox 88 2637 1227 2723; baseline 0.001 -22"><span class='ocrx_word' id='word_1_194' title='bbox 88 2637 162 2705; x_wconf 90' lang='lat' dir='ltr'>istud</span> <span class='ocrx_word' id='word_1_195' title='bbox 185 2641 277 2707; x_wconf 90' lang='lat' dir='ltr'>nobis</span> <span class='ocrx_word' id='word_1_196' title='bbox 300 2641 377 2723; x_wconf 88' lang='lat' dir='ltr'>ipsis</span> <span class='ocrx_word' id='word_1_197' title='bbox 400 2641 533 2723; x_wconf 84' lang='lat' dir='ltr'>primum</span> <span class='ocrx_word' id='word_1_198' title='bbox 558 2648 587 2707; x_wconf 91' lang='lat' dir='ltr'>et</span> <span class='ocrx_word' id='word_1_199' title='bbox 610 2660 718 2708; x_wconf 86' lang='lat' dir='ltr'>rursus</span> <span class='ocrx_word' id='word_1_200' title='bbox 741 2662 779 2707; x_wconf 85' lang='lat' dir='ltr'>er</span> <span class='ocrx_word' id='word_1_201' title='bbox 801 2641 891 2706; x_wconf 88' lang='lat' dir='ltr'>nobis</span> <span class='ocrx_word' id='word_1_202' title='bbox 913 2639 1059 2705; x_wconf 84' lang='lat' dir='ltr'>omnibus</span> <span class='ocrx_word' id='word_1_203' title='bbox 1081 2638 1227 2723; x_wconf 86' lang='lat' dir='ltr'>gentibus</span> 
     </span>
     <span class='ocr_line' id='line_1_24' title="bbox 88 2742 1228 2831; baseline 0 -24"><span class='ocrx_word' id='word_1_204' title='bbox 88 2745 284 2821; x_wconf 67' lang='lat' dir='ltr'>preberemus.</span> <span class='ocrx_word' id='word_1_205' title='bbox 331 2746 473 2830; x_wconf 85' lang='lat' dir='ltr'>sequenti</span> <span class='ocrx_word' id='word_1_206' title='bbox 496 2765 620 2831; x_wconf 88' lang='lat' dir='ltr'>quoque</span> <span class='ocrx_word' id='word_1_207' title='bbox 638 2746 722 2811; x_wconf 89' lang='lat' dir='ltr'>istud</span> <span class='ocrx_word' id='word_1_208' title='bbox 738 2746 883 2810; x_wconf 83' lang='lat' dir='ltr'>mundato</span> <span class='ocrx_word' id='word_1_209' title='bbox 899 2744 1044 2811; x_wconf 90' lang='lat' dir='ltr'>dominns</span> <span class='ocrx_word' id='word_1_210' title='bbox 1067 2742 1228 2809; x_wconf 82' lang='lat' dir='ltr'>admonuit</span> 
     </span>
     <span class='ocr_line' id='line_1_25' title="bbox 89 2842 1227 2931; baseline 0.001 -20"><span class='ocrx_word' id='word_1_211' title='bbox 89 2842 206 2916; x_wconf 87' lang='lat' dir='ltr'>dicens:</span> <span class='ocrx_word' id='word_1_212' title='bbox 244 2850 328 2916; x_wconf 90' lang='lat' dir='ltr'>sint</span> <span class='ocrx_word' id='word_1_213' title='bbox 365 2849 491 2915; x_wconf 94' lang='lat' dir='ltr'>lumbi</span> <span class='ocrx_word' id='word_1_214' title='bbox 530 2850 660 2915; x_wconf 88' lang='lat' dir='ltr'>uestri</span> <span class='ocrx_word' id='word_1_215' title='bbox 699 2849 929 2931; x_wconf 79' lang='lat' dir='ltr'>praecincti,</span> <span class='ocrx_word' id='word_1_216' title='bbox 974 2855 1012 2914; x_wconf 90' lang='lat' dir='ltr'>et</span> <span class='ocrx_word' id='word_1_217' title='bbox 1048 2846 1227 2913; x_wconf 84' lang='lat' dir='ltr'>lucernae</span> 
     </span>
     <span class='ocr_line' id='line_1_26' title="bbox 88 2953 1281 3039; baseline -0.001 -23"><span class='ocrx_word' id='word_1_218' title='bbox 88 2960 228 3019; x_wconf 80' lang='lat' dir='ltr'>uestrae</span> <span class='ocrx_word' id='word_1_219' title='bbox 259 2956 461 3021; x_wconf 79' lang='lat' dir='ltr'>ardentes.</span> <span class='ocrx_word' id='word_1_220' title='bbox 504 2955 589 3020; x_wconf 89' lang='lat' dir='ltr'>iubet</span> <span class='ocrx_word' id='word_1_221' title='bbox 623 2974 697 3039; x_wconf 86' lang='lat' dir='ltr'>ergo</span> <span class='ocrx_word' id='word_1_222' title='bbox 727 2953 805 3019; x_wconf 89' lang='lat' dir='ltr'>nihil</span> <span class='ocrx_word' id='word_1_223' title='bbox 834 2973 890 3018; x_wconf 89' lang='lat' dir='ltr'>nos</span> <span class='ocrx_word' id='word_1_224' title='bbox 914 2973 1007 3037; x_wconf 83' lang='lat' dir='ltr'>agere</span> <span class='ocrx_word' id='word_1_225' title='bbox 1030 2953 1062 3018; x_wconf 92' lang='lat' dir='ltr'>iu</span> <span class='ocrx_word' id='word_1_226' title='bbox 1086 2953 1226 3028; x_wconf 85' lang='lat' dir='ltr'>obscuro,</span> <span class='ocrx_word' id='word_1_227' title='bbox 1254 2976 1281 3015; x_wconf 78' lang='lat' dir='ltr'>es</span> 
     </span>
    </p>
   </div>
   <div class='ocr_carea' id='block_1_4' title="bbox 130 3128 684 3199">
    <p class='ocr_par' dir='ltr' id='par_1_5' title="bbox 130 3128 684 3199">
     <span class='ocr_line' id='line_1_27' title="bbox 130 3128 684 3199; baseline 0.004 -18"><span class='ocrx_word' id='word_1_228' title='bbox 130 3129 160 3181; x_wconf 72' lang='grc' dir='ltr'>ιι</span> <span class='ocrx_word' id='word_1_229' title='bbox 179 3128 277 3184; x_wconf 72' lang='lat' dir='ltr'>uersu.</span> <span class='ocrx_word' id='word_1_230' title='bbox 297 3130 329 3198; x_wconf 87' lang='lat' dir='ltr'>v,</span> <span class='ocrx_word' id='word_1_231' title='bbox 351 3130 390 3185; x_wconf 80' lang='lat' dir='ltr'>rr.</span> <span class='ocrx_word' id='word_1_232' title='bbox 427 3131 461 3183; x_wconf 79' lang='lat' dir='ltr'>rr</span> <span class='ocrx_word' id='word_1_233' title='bbox 479 3130 546 3183; x_wconf 72' lang='lat' dir='ltr'>nuc.</span> <span class='ocrx_word' id='word_1_234' title='bbox 564 3131 625 3199; x_wconf 83' lang='lat' dir='ltr'>xrr,</span> <span class='ocrx_word' id='word_1_235' title='bbox 643 3131 684 3183; x_wconf 80' lang='lat' dir='ltr'>er.</span> 
     </span>
    </p>
   </div>
   <div class='ocr_carea' id='block_1_5' title="bbox 90 3281 1231 4307">
    <p class='ocr_par' dir='ltr' id='par_1_6' title="bbox 90 3281 1231 4307">
     <span class='ocr_line' id='line_1_28' title="bbox 131 3281 1231 3356; baseline -0.002 -20"><span class='ocrx_word' id='word_1_236' title='bbox 131 3286 141 3336; x_wconf 95' lang='lat' dir='ltr'>l</span> <span class='ocrx_word' id='word_1_237' title='bbox 162 3284 308 3353; x_wconf 70' lang='lat' dir='ltr'>ignorante</span> <span class='ocrx_word' id='word_1_238' title='bbox 322 3288 346 3340; x_wconf 79' lang='lat'>(¹</span> <span class='ocrx_word' id='word_1_239' title='bbox 395 3289 413 3342; x_wconf 74' lang='lat'>2</span> <span class='ocrx_word' id='word_1_240' title='bbox 430 3286 650 3356; x_wconf 81' lang='lat' dir='ltr'>intellegentiam</span> <span class='ocrx_word' id='word_1_241' title='bbox 660 3304 689 3339; x_wconf 78' lang='lat' dir='ltr'>ex</span> <span class='ocrx_word' id='word_1_242' title='bbox 699 3283 1050 3354; x_wconf 83' lang='lat' dir='ltr'>intellengcntiemm.1V</span> <span class='ocrx_word' id='word_1_243' title='bbox 1090 3281 1194 3350; x_wconf 84' lang='lat' dir='ltr'>diriget</span> <span class='ocrx_word' id='word_1_244' title='bbox 1208 3282 1231 3334; x_wconf 81' lang='lat' dir='ltr'><em>C</em></span> 
     </span>
     <span class='ocr_line' id='line_1_29' title="bbox 90 3368 1228 3445; baseline -0.001 -23"><span class='ocrx_word' id='word_1_245' title='bbox 90 3370 198 3425; x_wconf 70' lang='lat' dir='ltr'>lituum</span> <span class='ocrx_word' id='word_1_246' title='bbox 215 3372 325 3428; x_wconf 85' lang='lat' dir='ltr'>domine</span> <span class='ocrx_word' id='word_1_247' title='bbox 344 3374 411 3445; x_wconf 72' lang='lat' dir='ltr'>RCp</span> <span class='ocrx_word' id='word_1_248' title='bbox 463 3376 609 3428; x_wconf 74' lang='lat' dir='ltr'>dnoctem</span> <span class='ocrx_word' id='word_1_249' title='bbox 626 3390 681 3427; x_wconf 89' lang='lat' dir='ltr'>nou</span> <span class='ocrx_word' id='word_1_250' title='bbox 698 3390 779 3443; x_wconf 90' lang='lat' dir='ltr'>posse</span> <span class='ocrx_word' id='word_1_251' title='bbox 797 3372 914 3426; x_wconf 83' lang='lat' dir='ltr'>euadere</span> <span class='ocrx_word' id='word_1_252' title='bbox 927 3372 965 3441; x_wconf 77' lang='lat' dir='ltr'>pb</span> <span class='ocrx_word' id='word_1_253' title='bbox 1018 3370 1072 3424; x_wconf 84' lang='lat' dir='ltr'>scit</span> <span class='ocrx_word' id='word_1_254' title='bbox 1099 3386 1128 3422; x_wconf 77' lang='lat' dir='ltr'>cc</span> <span class='ocrx_word' id='word_1_255' title='bbox 1155 3368 1228 3421; x_wconf 86' lang='lat' dir='ltr'>sicut</span> 
     </span>
     <span class='ocr_line' id='line_1_30' title="bbox 90 3454 1228 3532; baseline -0.001 -24"><span class='ocrx_word' id='word_1_256' title='bbox 90 3472 150 3511; x_wconf 83' lang='lat' dir='ltr'>corr.</span> <span class='ocrx_word' id='word_1_257' title='bbox 179 3476 210 3513; x_wconf 85' lang='lat' dir='ltr'>m.</span> <span class='ocrx_word' id='word_1_258' title='bbox 238 3458 258 3511; x_wconf 82' lang='lat'><em>2</em></span> <span class='ocrx_word' id='word_1_259' title='bbox 282 3460 306 3513; x_wconf 90' lang='lat' dir='ltr'><em>V</em></span> <span class='ocrx_word' id='word_1_260' title='bbox 356 3461 420 3515; x_wconf 77' lang='lat' dir='ltr'>set</span> <span class='ocrx_word' id='word_1_261' title='bbox 448 3462 558 3515; x_wconf 81' lang='lat' dir='ltr'>scrobes</span> <span class='ocrx_word' id='word_1_262' title='bbox 581 3462 618 3532; x_wconf 83' lang='lat' dir='ltr'>po</span> <span class='ocrx_word' id='word_1_263' title='bbox 670 3460 848 3515; x_wconf 83' lang='lat' dir='ltr'>dlncernem</span> <span class='ocrx_word' id='word_1_264' title='bbox 874 3456 1010 3512; x_wconf 78' lang='lat' dir='ltr'>anteferet</span> <span class='ocrx_word' id='word_1_265' title='bbox 1033 3456 1081 3509; x_wconf 84' lang='lat' dir='ltr'>VR</span> <span class='ocrx_word' id='word_1_266' title='bbox 1107 3454 1228 3509; x_wconf 82' lang='lat' dir='ltr'>unteiert</span> 
     </span>
     <span class='ocr_line' id='line_1_31' title="bbox 90 3540 1226 3619; baseline 0.001 -25"><span class='ocrx_word' id='word_1_267' title='bbox 90 3542 226 3600; x_wconf 81' lang='lat' dir='ltr'>lucernum</span> <span class='ocrx_word' id='word_1_268' title='bbox 240 3546 335 3601; x_wconf 77' lang='lat' dir='ltr'>Caute</span> <span class='ocrx_word' id='word_1_269' title='bbox 348 3564 366 3615; x_wconf 84' lang='lat' dir='ltr'>p</span> <span class='ocrx_word' id='word_1_270' title='bbox 380 3546 495 3601; x_wconf 77' lang='lat' dir='ltr'>lucernd</span> <span class='ocrx_word' id='word_1_271' title='bbox 504 3566 525 3619; x_wconf 89' lang='lat' dir='ltr'>p</span> <span class='ocrx_word' id='word_1_272' title='bbox 578 3550 741 3601; x_wconf 76' lang='lat' dir='ltr'>&#39;iectuetur</span> <span class='ocrx_word' id='word_1_273' title='bbox 759 3565 789 3599; x_wconf 83' lang='lat' dir='ltr'>eu·</span> <span class='ocrx_word' id='word_1_274' title='bbox 807 3546 904 3599; x_wconf 75' lang='lat' dir='ltr'>cotuer</span> <span class='ocrx_word' id='word_1_275' title='bbox 922 3564 955 3597; x_wconf 87' lang='lat' dir='ltr'>m.</span> <span class='ocrx_word' id='word_1_276' title='bbox 974 3542 1039 3597; x_wconf 73' lang='lat'>211</span> <span class='ocrx_word' id='word_1_277' title='bbox 1089 3542 1178 3611; x_wconf 87' lang='lat' dir='ltr'>udque</span> <span class='ocrx_word' id='word_1_278' title='bbox 1191 3540 1226 3595; x_wconf 87' lang='lat' dir='ltr'>ud</span> 
     </span>
     <span class='ocr_line' id='line_1_32' title="bbox 91 3626 1229 3702; baseline -0.001 -21"><span class='ocrx_word' id='word_1_279' title='bbox 91 3646 117 3681; x_wconf 76' lang='lat' dir='ltr'>cx</span> <span class='ocrx_word' id='word_1_280' title='bbox 132 3632 220 3701; x_wconf 74' lang='lat' dir='ltr'>adque</span> <span class='ocrx_word' id='word_1_281' title='bbox 239 3632 328 3702; x_wconf 85' lang='lat' dir='ltr'>sdque</span> <span class='ocrx_word' id='word_1_282' title='bbox 347 3652 379 3687; x_wconf 88' lang='lat' dir='ltr'>m.</span> <span class='ocrx_word' id='word_1_283' title='bbox 402 3634 560 3702; x_wconf 82' lang='lat' dir='ltr'>IVedque</span> <span class='ocrx_word' id='word_1_284' title='bbox 578 3634 613 3688; x_wconf 82' lang='lat' dir='ltr'>ed</span> <span class='ocrx_word' id='word_1_285' title='bbox 632 3634 658 3687; x_wconf 85' lang='lat' dir='ltr'><em>R</em></span> <span class='ocrx_word' id='word_1_286' title='bbox 710 3636 878 3701; x_wconf 74' lang='lat' dir='ltr'>Spreeuute</span> <span class='ocrx_word' id='word_1_287' title='bbox 897 3650 927 3685; x_wconf 82' lang='lat' dir='ltr'>eu</span> <span class='ocrx_word' id='word_1_288' title='bbox 944 3634 1091 3700; x_wconf 85' lang='lat' dir='ltr'>preeuntes</span> <span class='ocrx_word' id='word_1_289' title='bbox 1110 3647 1142 3681; x_wconf 85' lang='lat' dir='ltr'>m.</span> <span class='ocrx_word' id='word_1_290' title='bbox 1162 3626 1182 3681; x_wconf 85' lang='lat'><em>2</em></span> <span class='ocrx_word' id='word_1_291' title='bbox 1205 3628 1229 3681; x_wconf 90' lang='lat' dir='ltr'><em>V</em></span> 
     </span>
     <span class='ocr_line' id='line_1_33' title="bbox 91 3715 1228 3775; baseline -0.001 -6"><span class='ocrx_word' id='word_1_292' title='bbox 91 3716 126 3769; x_wconf 76' lang='lat' dir='ltr'>ita</span> <span class='ocrx_word' id='word_1_293' title='bbox 150 3737 180 3773; x_wconf 77' lang='lat' dir='ltr'>cr</span> <span class='ocrx_word' id='word_1_294' title='bbox 206 3720 284 3774; x_wconf 69' lang='lat' dir='ltr'>itaut</span> <span class='ocrx_word' id='word_1_295' title='bbox 310 3738 343 3773; x_wconf 88' lang='lat' dir='ltr'>m.</span> <span class='ocrx_word' id='word_1_296' title='bbox 371 3718 392 3773; x_wconf 85' lang='lat'><strong><em>2</em></strong></span> <span class='ocrx_word' id='word_1_297' title='bbox 421 3720 446 3773; x_wconf 93' lang='lat' dir='ltr'><em>V</em></span> <span class='ocrx_word' id='word_1_298' title='bbox 497 3722 530 3775; x_wconf 88' lang='grc'>10</span> <span class='ocrx_word' id='word_1_299' title='bbox 547 3720 676 3775; x_wconf 82' lang='lat' dir='ltr'>doctrine</span> <span class='ocrx_word' id='word_1_300' title='bbox 694 3739 723 3775; x_wconf 74' lang='lat' dir='ltr'>ex</span> <span class='ocrx_word' id='word_1_301' title='bbox 741 3720 886 3773; x_wconf 82' lang='lat' dir='ltr'>doctrinae</span> <span class='ocrx_word' id='word_1_302' title='bbox 912 3736 945 3771; x_wconf 90' lang='lat' dir='ltr'>m.</span> <span class='ocrx_word' id='word_1_303' title='bbox 969 3716 990 3770; x_wconf 88' lang='lat'><em>2</em></span> <span class='ocrx_word' id='word_1_304' title='bbox 1013 3715 1180 3771; x_wconf 82' lang='lat' dir='ltr'>chelestis</span> <span class='ocrx_word' id='word_1_305' title='bbox 1198 3732 1228 3769; x_wconf 76' lang='lat' dir='ltr'>es</span> 
     </span>
     <span class='ocr_line' id='line_1_34' title="bbox 91 3801 1230 3876; baseline -0.001 -20"><span class='ocrx_word' id='word_1_306' title='bbox 91 3804 214 3860; x_wconf 77' lang='lat' dir='ltr'>caelestes</span> <span class='ocrx_word' id='word_1_307' title='bbox 240 3826 273 3861; x_wconf 86' lang='lat' dir='ltr'>m.</span> <span class='ocrx_word' id='word_1_308' title='bbox 300 3806 321 3861; x_wconf 88' lang='lat'><em>2</em></span> <span class='ocrx_word' id='word_1_309' title='bbox 350 3808 376 3861; x_wconf 92' lang='lat' dir='ltr'><em>V</em></span> <span class='ocrx_word' id='word_1_310' title='bbox 425 3808 552 3876; x_wconf 81' lang='lat' dir='ltr'>udq.iter</span> <span class='ocrx_word' id='word_1_311' title='bbox 576 3808 600 3861; x_wconf 92' lang='lat' dir='ltr'><em>V</em></span> <span class='ocrx_word' id='word_1_312' title='bbox 652 3811 681 3863; x_wconf 93' lang='lat' dir='ltr'>ll</span> <span class='ocrx_word' id='word_1_313' title='bbox 703 3808 819 3861; x_wconf 81' lang='lat' dir='ltr'>lucerua</span> <span class='ocrx_word' id='word_1_314' title='bbox 846 3807 869 3859; x_wconf 69' lang='grc' dir='ltr'>ζ’</span> <span class='ocrx_word' id='word_1_315' title='bbox 919 3810 1000 3859; x_wconf 87' lang='lat' dir='ltr'>nocte</span> <span class='ocrx_word' id='word_1_316' title='bbox 1027 3822 1057 3857; x_wconf 77' lang='lat' dir='ltr'>cc</span> <span class='ocrx_word' id='word_1_317' title='bbox 1083 3808 1181 3857; x_wconf 76' lang='lat' dir='ltr'>noctae</span> <span class='ocrx_word' id='word_1_318' title='bbox 1205 3801 1230 3856; x_wconf 94' lang='lat' dir='ltr'><em>V</em></span> 
     </span>
     <span class='ocr_line' id='line_1_35' title="bbox 92 3892 1225 3965; baseline -0.001 -22"><span class='ocrx_word' id='word_1_319' title='bbox 92 3892 121 3943; x_wconf 77' lang='lat'>12</span> <span class='ocrx_word' id='word_1_320' title='bbox 137 3896 185 3946; x_wconf 80' lang='lat' dir='ltr'>unt</span> <span class='ocrx_word' id='word_1_321' title='bbox 210 3893 314 3962; x_wconf 77' lang='lat' dir='ltr'>eIIqur&#39;d</span> <span class='ocrx_word' id='word_1_322' title='bbox 341 3894 449 3964; x_wconf 79' lang='lat' dir='ltr'>egr&#39;mns</span> <span class='ocrx_word' id='word_1_323' title='bbox 470 3895 508 3965; x_wconf 78' lang='lat' dir='ltr'>Cp</span> <span class='ocrx_word' id='word_1_324' title='bbox 561 3902 609 3949; x_wconf 81' lang='lat' dir='ltr'>eut</span> <span class='ocrx_word' id='word_1_325' title='bbox 636 3896 790 3963; x_wconf 83' lang='lat' dir='ltr'>cogitamus</span> <span class='ocrx_word' id='word_1_326' title='bbox 818 3912 866 3946; x_wconf 86' lang='lat' dir='ltr'>om.</span> <span class='ocrx_word' id='word_1_327' title='bbox 891 3893 915 3945; x_wconf 96' lang='lat' dir='ltr'><em>V</em></span> <span class='ocrx_word' id='word_1_328' title='bbox 966 3894 999 3946; x_wconf 79' lang='lat'>13</span> <span class='ocrx_word' id='word_1_329' title='bbox 1017 3907 1078 3945; x_wconf 80' lang='lat' dir='ltr'>eum</span> <span class='ocrx_word' id='word_1_330' title='bbox 1105 3907 1135 3943; x_wconf 76' lang='lat' dir='ltr'>eu</span> <span class='ocrx_word' id='word_1_331' title='bbox 1162 3906 1225 3943; x_wconf 89' lang='lat' dir='ltr'>eum</span> 
     </span>
     <span class='ocr_line' id='line_1_36' title="bbox 93 3976 1227 4037; baseline -0.003 -6"><span class='ocrx_word' id='word_1_332' title='bbox 93 3994 121 4029; x_wconf 86' lang='lat' dir='ltr'>m.</span> <span class='ocrx_word' id='word_1_333' title='bbox 147 3978 167 4031; x_wconf 85' lang='lat'><em>2</em></span> <span class='ocrx_word' id='word_1_334' title='bbox 191 3980 213 4034; x_wconf 94' lang='lat' dir='ltr'><em>V</em></span> <span class='ocrx_word' id='word_1_335' title='bbox 264 3982 297 4034; x_wconf 82' lang='grc'>16</span> <span class='ocrx_word' id='word_1_336' title='bbox 314 3981 404 4035; x_wconf 89' lang='lat' dir='ltr'>occuli</span> <span class='ocrx_word' id='word_1_337' title='bbox 432 4000 463 4035; x_wconf 76' lang='lat' dir='ltr'>ex</span> <span class='ocrx_word' id='word_1_338' title='bbox 489 3982 593 4037; x_wconf 89' lang='lat' dir='ltr'>occulis</span> <span class='ocrx_word' id='word_1_339' title='bbox 622 3982 646 4035; x_wconf 85' lang='lat' dir='ltr'><em>R</em></span> <span class='ocrx_word' id='word_1_340' title='bbox 672 3982 759 4035; x_wconf 87' lang='lat' dir='ltr'>oculis</span> <span class='ocrx_word' id='word_1_341' title='bbox 789 3982 812 4034; x_wconf 85' lang='lat' dir='ltr'><strong><em>C</em></strong></span> <span class='ocrx_word' id='word_1_342' title='bbox 862 3980 936 4033; x_wconf 86' lang='lat' dir='ltr'>enim</span> <span class='ocrx_word' id='word_1_343' title='bbox 963 3996 993 4032; x_wconf 77' lang='lat' dir='ltr'>ex</span> <span class='ocrx_word' id='word_1_344' title='bbox 1017 3994 1095 4032; x_wconf 89' lang='lat' dir='ltr'>enem</span> <span class='ocrx_word' id='word_1_345' title='bbox 1113 3994 1146 4029; x_wconf 88' lang='lat' dir='ltr'>m.</span> <span class='ocrx_word' id='word_1_346' title='bbox 1167 3977 1182 4028; x_wconf 89' lang='lat'><em>1</em></span> <span class='ocrx_word' id='word_1_347' title='bbox 1201 3976 1227 4029; x_wconf 84' lang='lat' dir='ltr'><strong><em>R</em></strong></span> 
     </span>
     <span class='ocr_line' id='line_1_37' title="bbox 93 4061 1228 4136; baseline -0.001 -20"><span class='ocrx_word' id='word_1_348' title='bbox 93 4066 122 4117; x_wconf 84' lang='grc'>17</span> <span class='ocrx_word' id='word_1_349' title='bbox 140 4070 171 4119; x_wconf 91' lang='lat' dir='ltr'>ut</span> <span class='ocrx_word' id='word_1_350' title='bbox 196 4068 318 4121; x_wconf 80' lang='lat' dir='ltr'>usumC</span> <span class='ocrx_word' id='word_1_351' title='bbox 370 4070 402 4123; x_wconf 81' lang='lat'>18</span> <span class='ocrx_word' id='word_1_352' title='bbox 420 4066 450 4123; x_wconf 90' lang='lat' dir='ltr'>id</span> <span class='ocrx_word' id='word_1_353' title='bbox 477 4068 551 4136; x_wconf 89' lang='lat' dir='ltr'>quod</span> <span class='ocrx_word' id='word_1_354' title='bbox 575 4068 622 4123; x_wconf 76' lang='lat' dir='ltr'>Vc</span> <span class='ocrx_word' id='word_1_355' title='bbox 672 4070 707 4123; x_wconf 80' lang='lat'>20</span> <span class='ocrx_word' id='word_1_356' title='bbox 724 4068 814 4136; x_wconf 86' lang='lat' dir='ltr'>adque</span> <span class='ocrx_word' id='word_1_357' title='bbox 844 4067 892 4119; x_wconf 80' lang='lat' dir='ltr'>Vli</span> <span class='ocrx_word' id='word_1_358' title='bbox 944 4067 977 4119; x_wconf 75' lang='lat'>21</span> <span class='ocrx_word' id='word_1_359' title='bbox 997 4064 1026 4118; x_wconf 91' lang='lat' dir='ltr'>in</span> <span class='ocrx_word' id='word_1_360' title='bbox 1052 4061 1146 4117; x_wconf 90' lang='lat' dir='ltr'>modio</span> <span class='ocrx_word' id='word_1_361' title='bbox 1174 4062 1228 4133; x_wconf 74' lang='lat' dir='ltr'>Upi&gt;</span> 
     </span>
     <span class='ocr_line' id='line_1_38' title="bbox 93 4151 1228 4237; baseline -0.001 -33"><span class='ocrx_word' id='word_1_362' title='bbox 93 4153 298 4208; x_wconf 80' lang='lat' dir='ltr'>occultemusC</span> <span class='ocrx_word' id='word_1_363' title='bbox 347 4156 382 4209; x_wconf 72' lang='lat' dir='ltr'>m</span> <span class='ocrx_word' id='word_1_364' title='bbox 399 4155 558 4237; x_wconf 38' lang='lat' dir='ltr'>rursumtV</span> <span class='ocrx_word' id='word_1_365' title='bbox 584 4154 643 4221; x_wconf 84' lang='lat' dir='ltr'>(sed</span> <span class='ocrx_word' id='word_1_366' title='bbox 665 4158 692 4209; x_wconf 80' lang='lat' dir='ltr'>iu</span> <span class='ocrx_word' id='word_1_367' title='bbox 716 4155 891 4225; x_wconf 79' lang='lat' dir='ltr'>dittopruplia</span> <span class='ocrx_word' id='word_1_368' title='bbox 909 4170 925 4206; x_wconf 88' lang='lat' dir='ltr'>u</span> <span class='ocrx_word' id='word_1_369' title='bbox 943 4170 976 4205; x_wconf 88' lang='lat' dir='ltr'>m.</span> <span class='ocrx_word' id='word_1_370' title='bbox 994 4151 1014 4204; x_wconf 81' lang='lat'><em>2</em></span> <span class='ocrx_word' id='word_1_371' title='bbox 1031 4152 1115 4205; x_wconf 84' lang='lat' dir='ltr'>deleto</span> <span class='ocrx_word' id='word_1_372' title='bbox 1133 4161 1155 4203; x_wconf 83' lang='lat' dir='ltr'>et</span> <span class='ocrx_word' id='word_1_373' title='bbox 1174 4151 1228 4220; x_wconf 79' lang='lat' dir='ltr'>ipse</span> 
     </span>
     <span class='ocr_line' id='line_1_39' title="bbox 92 4238 525 4307; baseline 0.012 -17"><span class='ocrx_word' id='word_1_374' title='bbox 92 4238 192 4293; x_wconf 73' lang='lat' dir='ltr'>laedor</span> <span class='ocrx_word' id='word_1_375' title='bbox 209 4240 313 4307; x_wconf 87' lang='lat' dir='ltr'>rursus)</span> <span class='ocrx_word' id='word_1_376' title='bbox 366 4243 401 4296; x_wconf 75' lang='lat'>23</span> <span class='ocrx_word' id='word_1_377' title='bbox 418 4241 472 4296; x_wconf 85' lang='lat' dir='ltr'>isto</span> <span class='ocrx_word' id='word_1_378' title='bbox 496 4242 525 4295; x_wconf 92' lang='lat' dir='ltr'>V.</span> 
     </span>
    </p>
   </div>
   <div class='ocr_carea' id='block_1_6' title="bbox 0 0 1542 4967">
    <p class='ocr_par' dir='ltr' id='par_1_7' title="bbox 0 0 1542 4967">
     <span class='ocr_line' id='line_1_40' title="bbox 0 0 1542 4967; baseline 0 0"><span class='ocrx_word' id='word_1_379' title='bbox 0 0 1542 4967; x_wconf 95' lang='lat' dir='ltr'> </span> 
     </span>
    </p>
   </div>
  </div>
 </body>
</html>
