3075 4967
372 289 553 340 tractatus
576 285 612 338 in
636 284 810 353 psalmum
834 284 918 338 LXII.
1149 283 1211 350 21¹7

136 476 161 541 3.
182 475 274 541 Oratio
294 482 401 542 antem
422 495 484 542 non
508 483 574 540 tam
596 473 764 541 uerborum
795 479 851 552 ast,
886 495 978 559 qnam
1002 475 1158 555 adiectum
1182 483 1214 542 et

101 581 197 646 ideirco
216 579 356 646 subiecit:
386 579 527 646 sitinit
550 579 627 644 tibi
649 580 782 644 anima
803 599 898 658 mea
920 599 1037 664 quam
1060 580 1211 664 simpli-

100 685 187 750 citer
215 689 249 749 et
281 704 373 750 caro
406 703 500 749 mea
545 683 584 748 iu
618 687 730 748 terra
763 683 930 749 deserta
963 689 1000 750 et
1032 684 1143 751 inuia
1176 699 1214 751 at

100 789 277 871 inaquosa
323 789 382 855 deo
404 787 506 873 igitur,
528 806 625 869 penes
640 807 734 871 quem
748 787 819 853 fons
835 787 904 852 uita
920 795 977 869 est,
993 790 1098 854 anima
1115 789 1213 871 ipsius

98 892 151 957 aitit
169 893 310 958 desiderio
342 893 462 958 intenta
484 892 620 973 notandi.
665 892 846 975 etquidem
867 893 1105 978 uniuscuiusque
1123 913 1212 960 mene
1253 919 1265 954 a

99 997 130 1061 ad
158 997 354 1080 cognitionem
387 1015 539 1080 spemque
570 996 752 1062 aetemitatis
787 996 918 1062 naturali
940 999 1087 1080 ¹-quodam
1116 998 1214 1064 fertur

98 1101 231 1180 instinctu,
253 1103 326 1185 quia
347 1099 440 1167 ueluti
456 1101 584 1166 insitum
599 1101 836 1183 inpressnmqne
851 1101 994 1166 omnibns
1010 1103 1058 1180 sit,
1074 1102 1212 1168 diuinam

97 1205 182 1270 inesse
201 1206 285 1271 nobis
315 1206 490 1271 animarum
522 1204 676 1290 originem
709 1205 835 1286 opinari.
870 1225 940 1271 cum
974 1225 1035 1270 uon
1069 1207 1212 1291 exiguam

99 1307 208 1374 celestis
228 1310 260 1374 in
282 1330 316 1375 se
338 1310 464 1394 generis
486 1311 701 1392 cognationem
716 1328 806 1376 mens
821 1311 888 1390 ipsa
903 1317 1076 1394 cognoscat
1121 1331 1214 1391 porro

97 1421 183 1478 autem
202 1422 320 1480 terrena
341 1414 411 1480 hmo
432 1433 570 1495 corpora,
592 1433 661 1498 qnae
676 1414 715 1478 ad
730 1413 874 1479 uitiorum
890 1419 1032 1481 concreta
1050 1415 1213 1480 materiam
1241 1437 1266 1472 ιο

97 1518 153 1594 sint
173 1519 241 1582 dnm
261 1515 322 1596 his,
345 1517 458 1602 quibus
480 1519 569 1602 qnasi
591 1516 769 1583 naturaliter
785 1517 984 1598 delectantur,
1006 1519 1121 1584 infecta
1134 1527 1214 1598 sunt,

97 1621 239 1703 desperant
259 1642 294 1687 se
328 1621 474 1706 consequi
511 1641 602 1704 posse
638 1621 828 1687 consortium
865 1641 1038 1707 munusque
1075 1622 1212 1689 celeste:

97 1725 168 1806 qnaei
188 1744 246 1791 non
269 1734 302 1792 ct
323 1726 436 1791 animae
459 1731 602 1791 naturam
623 1726 699 1791 uitia
721 1727 867 1807 corporis,
902 1727 1013 1810 quibus
1036 1725 1213 1806 oblectatur,

95 1827 221 1909 inliciant,
243 1837 305 1908 aut,
328 1850 400 1896 cnm
423 1829 585 1896 delectatio
600 1830 737 1910 eorporis
760 1829 914 1916 redundet
929 1832 971 1897 ad
985 1835 1130 1908 mentem,
1153 1852 1212 1897 non

95 1938 120 1995 et
138 1940 264 2000 monam
293 1953 401 2000 secum
434 1954 545 2015 corpus
567 1933 707 1999 retrahat
735 1935 775 1999 ad
805 1933 1017 2000 oblectationis
1047 1936 1214 2002 adlectum.
1241 1957 1266 1993 aa

95 2055 202 2103 necessa
222 2044 396 2104 astantem
418 2039 506 2104 utin
540 2040 650 2104 eadem
684 2038 937 2104 condemnatione
971 2040 1011 2104 eit
1043 2039 1214 2122 uoluptatis,

95 2141 162 2222 qnod
187 2143 216 2206 in
245 2146 357 2209 eadem
387 2149 434 2210 est
462 2144 628 2225 uoluptate.
672 2142 728 2208 sed
758 2163 815 2208 nos
845 2142 1035 2224 spiritalibus
1065 2144 1214 2210 doctrinis

17 2242 19 2259 '
95 2245 187 2310 cmditi
206 2247 320 2313 scimus
343 2253 375 2313 ct
397 2249 510 2313 animan
532 2253 564 2313 et
585 2247 705 2328 corpori
721 2246 853 2312 salutem
868 2266 886 2311 a
902 2248 959 2313 deo
974 2267 1043 2313 esse
1058 2248 1214 2325 donatam,

94 2347 115 2410 ai
141 2352 227 2415 modo
257 2362 328 2435 post
360 2352 602 2436 regenerationis
635 2351 771 2436 gratiam
804 2353 917 2416 mentis
950 2351 1071 2435 gaudiis
1104 2372 1215 2418 sensus

95 2455 209 2536 corporis
229 2454 379 2534 inbuatur,
401 2457 434 2521 id
456 2463 512 2534 est,
535 2456 561 2520 ei
584 2475 645 2520 non
669 2457 839 2521 secundnm
863 2474 997 2533 carnem,
1027 2457 1084 2522 sed
1105 2475 1214 2522 secun·
1241 2475 1267 2511 ιο

95 2554 155 2620 dum
169 2559 306 2639 apinmm
321 2559 505 2639 uixerimus3
528 2559 602 2644 qnia
616 2560 743 2644 spiritus
758 2559 924 2644 carnisque
939 2579 1031 2641 onera
1043 2562 1214 2627 secundum

17 2660 18 2749 ]
95 2661 245 2739 anmtolnm
258 2664 407 2729 uitiorum
422 2669 454 2729 ct
467 2665 663 2730 continentiae
678 2663 789 2729 studiis
812 2664 1048 2748 distinguantur.
1083 2665 1213 2731 arduum

17 2756 18 2819 ἶ
94 2768 190 2842 autom
221 2769 276 2833 sed
307 2769 443 2833 maxime
475 2788 583 2834 uerum
617 2775 673 2846 est
707 2768 909 2834 aeternitatem
945 2769 988 2834 ita
1021 2769 1159 2850 corporis
1182 2774 1215 2834 ut

128 2993 140 3045 l
157 2995 300 3049 uerborum
317 2999 362 3086 eat
379 2995 406 3047 P
446 3011 530 3064 qnam
542 3012 573 3049 en
590 3012 645 3064 qna
657 3013 690 3048 m.
704 2994 724 3048 2
740 2994 766 3048 V
815 2999 857 3049 est
869 2995 975 3049 idcirco
987 2995 1013 3047 P
1062 2995 1179 3050 anteibit
1196 2997 1219 3051 V

92 3144 143 3182 aa
157 3149 185 3184 a
199 3149 260 3188 me
276 3133 365 3202 ipsius
382 3152 415 3187 m.
426 3131 447 3187 2
460 3134 485 3189 ν
535 3133 729 3204 multipliciter
742 3135 767 3186 'r
783 3113 976 3204 neaeman
992 3135 1019 3188 r>
1050 3137 1105 3189 aaa
1114 3151 1179 3190 aare
1194 3137 1220 3190 V

93 3217 249 3272 aaroRPTE
293 3220 504 3275 etiuinniaPl'
548 3220 644 3275 dadeo
657 3205 1077 3292 VaddRadeoPadedTsorr.
1088 3221 1215 3276 addeum

93 3319 178 3385 poenes
195 3307 220 3358 P
286 3323 343 3361 uox
360 3307 435 3362 uitae
453 3309 480 3362 P
530 3309 623 3363 anima
647 3307 734 3377 ipsius
761 3327 792 3362 aa
818 3308 926 3363 eanima
952 3325 1014 3364 mea
1038 3309 1124 3378 ipsius
1148 3326 1215 3362 corr.

94 3425 119 3461 n.
142 3409 204 3464 2V
251 3412 514 3481 linpmeaanmqnc
539 3413 567 3467 R
619 3413 842 3482 tioognitionam
869 3414 919 3466 PT
972 3413 1005 3468 10
1022 3413 1165 3468 concarata
1193 3413 1220 3466 V

94 3496 238 3552 morinis
289 3501 321 3553 ll
341 3504 407 3553 sunt
432 3517 463 3553 er
489 3499 545 3553 sint
572 3500 599 3553 P
622 3505 687 3554 sunt
714 3501 743 3552 Ε
795 3501 828 3554 12
845 3517 873 3554 e
902 3498 931 3564 (a
949 3505 976 3553 in
994 3498 1061 3565 raa.)
1088 3502 1116 3552 in
1139 3517 1216 3552 aerea

93 3595 179 3638 amec
195 3587 342 3640 αᾱίιιητίηε
358 3588 461 3640 adeor
477 3603 511 3638 m.
528 3583 549 3640 3
565 3586 593 3640 R
610 3585 634 3639 si
652 3586 701 3641 VP
716 3585 769 3641 sibi
788 3588 814 3639 Τ
865 3587 944 3655 aequi
961 3603 1041 3656 posse
1059 3602 1111 3640 eon
1129 3603 1179 3640 om.
1194 3586 1220 3641 V

94 3672 206 3740 commui
230 3689 313 3742 possa
339 3690 389 3726 oar.
407 3674 433 3725 R
460 3670 517 3738 (ubi
542 3675 571 3726 in
598 3691 664 3727 uera.
690 3675 785 3727 inerrat.
813 3672 886 3726 1-2
913 3675 959 3726 litt.
987 3669 1047 3740 [ιῖ]
1066 3671 1147 3739 aros)
1167 3673 1218 3727 PT

96 3808 120 3861 ld
134 3769 244 3866 natura¹¹
257 3830 327 3866 corr.
345 3829 379 3865 m.
398 3809 458 3865 21¹
505 3812 663 3868 oblectatur
680 3830 711 3866 ex
727 3813 900 3868 sublectatnr
917 3830 950 3866 m.
963 3811 983 3864 2
999 3811 1026 3868 V
1040 3812 1217 3866 oblectantur

96 3892 125 3948 to
171 3901 202 3954 16
216 3898 371 3954 uoluntatis
394 3897 421 3952 V
470 3900 502 3953 17
521 3903 553 3952 nt
569 3891 582 3952 ῐ
600 3897 698 3952 eadem
715 3902 758 3952 esi
776 3898 899 3954 uoldtate
918 3899 943 3951 V
995 3899 1027 3953 18
1045 3900 1073 3951 at
1092 3899 1216 3968 corporis

98 4031 137 4086 VR
181 4037 273 4092 naum
300 4037 330 4089 E
391 4039 424 4091 19
440 3987 500 4106 poat
518 4054 585 4091 corr.
611 4056 646 4091 m.
673 4035 694 4090 2
724 4036 750 4091 V
803 4036 898 4122 gandii
932 4035 955 4091 V
1012 4038 1047 4092 20
1064 4037 1217 4092 secundum

96 4133 188 4176 ttrneun
212 4125 260 4178 sed
287 4141 337 4177 om.
357 4123 383 4176 P
431 4125 467 4178 22
484 4129 513 4178 et
539 4123 710 4178 continentia
736 4130 792 4178 eat:
819 4123 872 4215 diia
901 4124 927 4177 P
976 4123 1166 4192 distinguatur
1194 4125 1220 4176 P

96 4202 248 4330 ¹blinguitur
270 4261 297 4317 V
309 4262 493 4332 distinguitur
511 4265 549 4317 Re
602 4266 637 4318 23
655 4263 819 4318 aeternitate
843 4264 872 4316 V.
