3075 4967
389 292 570 341 tractatus
588 288 624 339 in
642 287 813 355 psalmum
832 284 953 339 CXVIII.
1181 284 1245 350 449

117 480 271 545 uindictam
300 480 332 543 in
362 476 511 559 superbos
541 482 632 561 etque
661 476 825 541 iniuriosus
854 484 1007 559 precetur.
1052 478 1107 542 sed
1131 476 1244 561 quiec

118 584 236 663 peccetis
260 583 313 666 qui
336 582 456 660 desiuit
479 582 511 645 in
534 579 583 645 his
606 580 768 657 erubescit
803 580 909 664 etqui
943 581 1018 645 uitio
1048 580 1243 666 derelinquit

117 706 230 753 necesse
253 693 301 753 est
323 686 505 764 etidcirco,
528 686 602 768 quic
624 683 730 761 oderit,
754 682 963 768 derelinquat:
987 696 1057 750 orut
1079 685 1241 768 prophete,

117 799 147 867 ut,
166 792 217 875 qui
238 791 270 855 in
294 810 328 856 so
350 790 474 871 superbi
490 789 602 854 iniuste
617 788 737 866 fuerint
753 787 786 852 hi
801 808 858 868 per
872 789 1082 872 cognitionem
1096 789 1241 855 uitiorum

117 914 226 960 suorum
248 894 281 959 in
303 892 362 972 his,
385 912 454 978 qum
475 893 639 977 gesserint,
662 892 855 959 erubescent
901 894 1050 977 quamdiu
1065 894 1149 959 enim
1172 894 1242 978 quis
1284 917 1298 955 ι

115 1006 216 1079 peccet,
245 1000 278 1063 in
301 997 360 1076 his,
390 1016 460 1081 quae
481 1007 597 1078 peccet,
630 1016 692 1061 non
725 996 923 1062 confunditur
955 998 1178 1063 cousuetudine
1212 1008 1244 1063 et

115 1103 259 1169 uoluntate
280 1103 438 1184 peccandi.
482 1101 534 1167 ubi
558 1121 631 1167 uero
655 1120 786 1182 peceare
801 1100 961 1179 destiterit
978 1100 1074 1167 finem
1090 1102 1244 1182 peccandi

116 1206 196 1273 hebet
219 1227 257 1272 er
279 1210 395 1288 pudore
416 1206 544 1288 peccati.
589 1205 656 1287 ipse
675 1210 779 1271 sutem
802 1211 964 1271 exercetur
978 1207 1010 1270 in
1026 1206 1181 1271 mandetis
1194 1205 1245 1271 dei

115 1311 234 1377 uiuendo
256 1312 344 1389 iuste,
365 1310 510 1395 religiose
533 1309 737 1391 procreando,
757 1309 884 1374 iniurius
906 1330 968 1375 non
991 1310 1191 1376 retribuendo
1215 1316 1247 1375 et

115 1414 262 1480 tolerando
295 1415 456 1497 patienter.
501 1414 541 1479 ob
563 1414 595 1479 id
629 1413 711 1477 enim
737 1412 902 1479 multorum
924 1414 957 1479 in
980 1434 1014 1479 se
1036 1415 1242 1495 superborum
1272 1438 1297 1475 ιι

115 1518 358 1603 contradictiones
379 1518 620 1601 iniquitatesque
642 1517 796 1583 sustinuit.

152 1692 195 1756 17.
222 1691 372 1757 Absolute
393 1698 496 1756 cutem
519 1690 719 1774 consequenti
743 1710 833 1755 uersu
849 1690 889 1768 id,
913 1693 996 1775 quod
1012 1692 1051 1756 de
1066 1690 1244 1757 confusione

115 1796 305 1875 superborum
329 1803 503 1877 tractemus,
528 1794 722 1877 significasse
743 1794 940 1879 intellegitur.
986 1796 1125 1879 sequitur
1145 1797 1242 1862 enim:

116 1899 522 1977 conuertunturmihi‚
540 1900 607 1983 qui
624 1900 767 1964 timent
787 1909 823 1965 tc
847 1899 967 1983 etqui
990 1907 1246 1983 cognoscunt

116 2004 343 2069 testimonio
365 2010 439 2069 tuo.
484 2002 548 2068 uult
571 2022 646 2088 ergo
669 2023 729 2080 eos,
754 2004 805 2086 qui
830 2004 923 2069 deum
945 2004 1058 2069 timere
1076 2012 1243 2085 coeperunt,
1274 2031 1298 2069 ιι

116 2107 149 2171 ud
168 2128 199 2174 sc
222 2107 374 2189 prophete
396 2107 541 2186 conuerti,
564 2113 598 2172 ut
619 2127 675 2189 per
697 2107 867 2173 doctrinam
902 2128 991 2173 suom
1020 2109 1052 2173 in
1075 2109 1158 2173 uitiis
1180 2110 1245 2174 suis

116 2220 141 2275 et
160 2212 335 2278 criminibus
357 2212 550 2289 erubescunt,
584 2211 715 2297 cognitis
749 2212 866 2277 scilicet
898 2212 1083 2278 testimoniis
1114 2213 1172 2290 dei,
1204 2213 1245 2277 de

116 2315 214 2397 quibus
239 2316 335 2381 multe
356 2318 418 2381 ism
440 2316 583 2395 diximus
617 2322 647 2380 et
669 2315 788 2381 confusi
811 2317 843 2380 in
864 2316 1021 2381 ueteribus
1051 2316 1171 2381 delictis
1202 2318 1242 2381 cd

114 2418 326 2486 institutionem
355 2418 514 2502 prophetae
544 2420 777 2503 doctricemque
800 2440 834 2485 se
864 2419 1018 2485 reserent:
1049 2440 1181 2504 quorum
1204 2441 1242 2486 ex

116 2525 248 2603 superbio
271 2532 362 2607 otqus
384 2524 518 2608 peccetis
534 2524 574 2587 od
589 2524 733 2604 pietatem
749 2524 994 2607 modestiamque
1009 2525 1171 2590 conuersio
1187 2532 1243 2590 est.
1274 2548 1300 2586 oo

156 2715 201 2781 18.
224 2714 381 2781 conclusit
402 2722 503 2780 sutem
521 2714 716 2779 uerecundiae
739 2734 802 2779 suae
822 2734 908 2779 more
932 2716 1055 2781 dicens:
1078 2715 1157 2781 fist
1178 2734 1248 2780 cor

117 2836 231 2883 meum
265 2818 556 2883 inmaculatum
590 2819 629 2883 iu
663 2818 1048 2885 iustificationibus
1082 2820 1173 2899 tuis,
1205 2829 1248 2885 ut

116 2940 182 2986 uon
215 2924 448 2987 confundor.
493 2928 653 2988 exercetur
675 2925 706 2987 in
729 2924 892 3002 mandetis,
922 2926 1088 2990 meditetur
1108 2924 1141 2989 in
1163 2923 1243 3008 lege,

115 3024 248 3092 iustitiam
270 3028 453 3093 iudiciorum
478 3028 527 3093 dei
551 3028 702 3112 cognouit,
728 3028 873 3093 timentes
898 3030 1055 3093 dominum
1079 3036 1246 3110 conspectu

117 3130 175 3194 eius
195 3129 342 3209 letentur,
366 3130 507 3196 monibus
531 3130 579 3196 dci
604 3130 703 3197 sectus
733 3137 826 3215 utque
857 3132 1009 3197 formatus
1039 3138 1095 3209 est
1126 3138 1157 3198 et
1185 3152 1246 3197 non
1274 3152 1301 3193 ss

117 3233 201 3298 sudet
221 3236 322 3301 dicere
345 3234 565 3301 inmaculatum
588 3255 640 3300 cor
662 3236 721 3301 sibi
744 3256 823 3301 esse.
866 3246 897 3302 et
920 3239 1068 3302 eudemus
1091 3238 1246 3301 interdum

118 3339 251 3415 preferre
283 3340 492 3405 innocentium
525 3345 672 3422 nostram,
705 3340 819 3406 icctsre
852 3341 995 3406 uitiorum
1029 3341 1246 3406 abstinentium
1329 3412 1332 3416 ¹

119 3452 146 3504 et
165 3462 250 3523 puros
279 3464 335 3509 nos
358 3464 376 3508 a
398 3443 531 3525 peccetis
562 3452 654 3526 atque
688 3444 899 3528 iuiquitetibus
934 3442 1084 3528 gloriari?
1129 3444 1186 3509 sed
1215 3450 1249 3509 ut

120 3543 205 3610 fidem
225 3548 265 3613 ito
287 3558 318 3615 et
340 3548 545 3613 humilitatem
568 3568 603 3613 cc
627 3549 810 3614 modestiam
833 3550 953 3614 discere
976 3569 994 3613 c
1016 3547 1166 3630 prophete
1191 3567 1248 3613 nos

119 3654 256 3731 conuenit
278 3660 384 3720 orante
406 3658 440 3717 ut
461 3652 521 3717 sibi
543 3652 764 3718 iumcculatum
780 3673 832 3717 cor
850 3651 914 3716 liet.
960 3653 1019 3717 scit
1041 3653 1126 3717 enim
1149 3672 1186 3717 er
1209 3672 1245 3717 eo
1274 3671 1300 3710 ιο

1135 3876 1151 3903 n

159 3916 332 3973 liniuriosus
359 3918 391 3972 17¹
442 3918 604 3987 dsupcrbit
623 3922 646 3971 C
702 3918 822 3973 iniustae
841 3920 866 3971 R
883 3912 1010 3972 iiustiV
1070 3919 1155 3972 fuerit
1181 3936 1248 3972 corr.

121 4017 149 4052 m.
165 4000 184 4053 2
199 4003 222 4055 V
233 4004 393 4061 lucriturC
442 4006 482 4058 hii
497 4006 541 4075 Rp
594 4006 658 4059 bin
675 4005 729 4059 hiis
749 4006 772 4057 (l
822 4005 1002 4074 9rcligiosne
1028 4005 1089 4058 V¹R
1144 4007 1175 4058 ll
1194 4006 1247 4059 iui-

121 4088 324 4159 quitotisqusV
375 4095 408 4147 12
426 4092 567 4147 absolutos
586 4092 647 4147 V¹R
700 4096 734 4146 14
751 4097 780 4147 tc
799 4092 887 4145 om.V
937 4098 965 4145 et
983 4092 1031 4160 qui
1049 4097 1188 4146 nonerunt
1206 4094 1247 4145 Rc

123 4174 150 4226 ts
166 4173 198 4229 ds
215 4179 353 4233 ueteribus
373 4180 426 4249 Cpb
480 4180 512 4233 19
534 4195 563 4232 ss
581 4198 629 4233 om.
656 4180 678 4233 V
727 4181 761 4231 24
782 4173 847 4232 cern
871 4179 896 4231 V
910 4178 1002 4232 dfluC
1052 4179 1081 4232 in
1099 4185 1248 4248 conspectu

122 4258 218 4313 eiusV
265 4268 299 4319 29
317 4265 410 4320 dicere
434 4264 462 4318 V.

166 4380 234 4423 xxru
248 4384 321 4426 ustor,
335 4385 393 4426 ures.
409 4395 460 4434 par-s
473 4386 493 4425 r.
1060 4373 1094 4423 29
