3075 4967
282 269 346 338 530
623 274 739 330 sancti
762 273 896 330 Hilarii
921 275 1082 346 episcopi

282 463 413 528 formem
437 483 470 529 se
492 463 593 548 ipsum
617 465 727 530 ceteris
750 465 907 544 credendi,
937 467 1062 550 egendi,
1092 465 1302 550 intellegendi,
1335 469 1413 550 igne
1520 538 1525 561 Ι

281 568 380 646 rendi,
404 565 557 652 sperandi,
580 568 791 653 precandique
813 571 976 646 constituit
1000 569 1216 654 euangelicum
1238 571 1335 635 uirum
1352 591 1414 651 per·

281 672 363 737 fecte
378 672 457 757 legis
473 672 685 738 obseruatione
700 682 930 739 consummans.
973 680 1006 739 et
1021 693 1213 758 quemquem
1228 674 1339 749 omnis,
1351 694 1412 758 qus

282 775 330 842 uel
354 777 465 842 diuinae
487 775 636 842 uoluntati
669 777 783 858 placite
813 777 863 842 uei
897 777 1043 843 humens
1073 781 1140 858 spei
1163 778 1320 860 proposita
1341 789 1410 842 snut.

228 907 241 944 s
282 885 334 946 sut
356 887 430 965 eget
452 889 503 946 sut
525 887 655 946 testetur
676 887 730 946 eut
752 887 864 966 speret
888 882 1032 948 meminit
1054 887 1168 959 temen,
1192 883 1223 948 in
1240 903 1302 966 quo
1317 883 1411 948 obser·

280 983 392 1050 uentiae
416 1005 530 1070 genere
554 987 768 1051 mendatorum
792 986 931 1051 omnium
954 994 1045 1067 caput
1061 1005 1097 1051 ec
1123 1006 1247 1052 summe
1269 987 1411 1058 consistet
1436 1007 1442 1017 ·

282 1089 409 1174 scitque,
433 1090 508 1174 quid
531 1110 549 1153 e
572 1089 696 1155 domino
726 1110 781 1156 suo
811 1091 906 1156 etism
937 1091 1022 1174 ipsis,
1045 1090 1158 1174 quibus
1191 1090 1411 1156 committends

281 1192 384 1258 clunes
407 1192 552 1258 caeiorum
576 1197 670 1272 erent,
694 1193 843 1275 apostolis
862 1199 1068 1278 quereretur·
1104 1215 1239 1278 nemque
1256 1213 1326 1260 cum
1340 1197 1413 1259 inter

281 1317 314 1362 se
337 1297 530 1378 opinionibus
553 1317 588 1363 uc
604 1297 714 1362 studiis
730 1298 916 1364 dissiderent
938 1299 1059 1382 sibique
1085 1297 1200 1382 singuli
1215 1299 1411 1379 principatum

229 1427 254 1462 10
284 1400 417 1467 humens
438 1401 631 1468 contentione
654 1408 887 1483 presumerent,
911 1402 984 1466 dnm
999 1403 1247 1483 prestantiorem
1263 1422 1296 1468 se
1312 1403 1413 1468 ceteris

280 1507 493 1589 unnsquisque
517 1522 585 1571 esse
609 1515 659 1570 sut
682 1511 767 1589 optet
789 1513 840 1571 eut
862 1506 968 1587 poscit
985 1505 1136 1583 dominns,
1153 1506 1255 1571 meriti
1272 1506 1360 1571 buius
1380 1525 1413 1569 or·

280 1610 414 1675 nominis
437 1609 599 1690 praemium
621 1611 704 1676 uude
734 1611 901 1691 petendum
936 1621 1025 1686 esset,
1060 1611 1228 1676 ostendens
1262 1612 1320 1675 ait:
1352 1611 1412 1693 qui

280 1713 366 1779 uult
400 1731 491 1779 esse
521 1734 566 1779 ex
598 1713 715 1778 uobis
745 1714 881 1792 maior,
912 1713 988 1780 siet
1018 1717 1193 1780 omnium
1215 1714 1412 1779 minimus:

283 1819 412 1884 omnis
432 1818 544 1895 enirn,
560 1819 626 1903 qui
650 1837 691 1884 se
710 1815 1006 1892 humilisuerit
1022 1818 1285 1896 exaltabitur,
1301 1818 1412 1900 etqui

230 1943 256 1980 is
282 1941 322 1986 se
346 1921 601 1988 ersltsuerit.
620 1920 917 1989 humiliabitur.
952 1923 984 1987 in
1000 1920 1174 1988 humilitate
1190 1921 1413 1988 scilicetdocuit

281 2026 383 2090 omnia
412 2023 483 2092 fidei
519 2027 645 2091 nominc
674 2032 703 2091 et
733 2027 861 2110 praemis
894 2026 1051 2092 contineri.
1096 2026 1295 2092 utilissimum
1316 2027 1412 2109 iisqne

282 2135 330 2196 est
352 2129 542 2196 obedientes
566 2131 679 2196 diuinis
702 2131 864 2212 praeoeptis
880 2151 1007 2195 omnem
1028 2131 1111 2196 intre
1126 2149 1160 2196 se
1174 2132 1259 2214 ipsos
1277 2115 1413 2196 humans

280 2231 452 2300 insolentiae
476 2254 512 2300 sc
535 2234 710 2316 petulantise
733 2235 915 2300 inunitatem
936 2235 1067 2300 frsctem
1092 2235 1315 2319 protritamque
1336 2233 1413 2300 cohi·
1525 2292 1526 2309 1

281 2337 364 2415 bere,
409 2359 541 2423 seseque
581 2340 630 2404 dei
664 2346 696 2405 et
728 2339 959 2424 magnificentie
992 2347 1023 2405 et
1055 2340 1250 2404 miseratione
1282 2343 1414 2420 reputate
1525 2370 1526 2421 t

231 2461 255 2500 πο
281 2443 360 2507 intre
382 2441 566 2508 humilitatis
589 2444 772 2509 modestiam
796 2444 963 2509 continere.
1525 2498 1526 2523 2

325 2546 354 2610 2.
377 2545 424 2611 Ob
448 2547 529 2631 quod
552 2547 602 2612 hie
624 2567 706 2613 nunc
739 2554 865 2613 sanctus
888 2555 919 2613 et
947 2568 1003 2613 rex
1025 2561 1056 2613 et
1078 2545 1228 2632 prophete
1251 2552 1283 2613 et
1305 2548 1362 2612 deo
1383 2563 1414 2609 se

282 2649 406 2715 domiuo
428 2670 483 2716 suo
506 2652 676 2717 secundum
693 2671 820 2718 carnem
835 2653 867 2717 in
882 2652 1011 2718 seminis
1026 2653 1074 2717 sui
1089 2652 1241 2737 originem
1258 2652 1414 2733 deputetur
1525 2696 1526 2709 t

282 2753 363 2818 iuter
385 2753 441 2820 hes
464 2754 568 2820 saeenli
591 2756 804 2821 infestationes
819 2776 855 2821 eo
871 2755 1055 2836 spiritalium
1070 2757 1280 2840 nequitiarum
1301 2772 1415 2839 pugnas

326 2878 360 2929 12
377 2875 444 2930 Luc.
462 2877 548 2945 XXII,
566 2880 608 2932 26.
646 2879 679 2931 14
697 2877 796 2932 Metth.
814 2878 913 2945 XXIII,
934 2881 974 2932 12.

326 2981 389 3033 lin
407 2997 436 3034 se
454 2982 516 3050 ipsu
536 2983 603 3036 Cin
621 2999 650 3035 se
668 2983 729 3050 ipso
745 2984 780 3052 pb
832 2981 933 3050 egendi
959 3001 1031 3053 supr.
1057 3000 1106 3036 scr.
1127 2983 1215 3036 Com.
1238 2982 1264 3036 V
1312 2979 1416 3034 intelle-

281 3065 365 3134 gendi
383 3084 431 3119 oue
447 3069 484 3138 Op
537 3069 769 3137 2preecsndique
787 3069 811 3122 V
826 3068 1080 3137 prediosndiqueC
1129 3068 1306 3138 euangelium
1324 3081 1416 3120 uerum
1525 3096 1526 3101 κ

1355 3162 1377 3190 ΙΙ

280 3204 438 3273 periecteC
486 3207 721 3261 iiconsumsnsii
774 3209 857 3262 saut
869 3213 961 3261 seruet
971 3227 991 3277 p
1044 3207 1170 3276 bespud
1186 3207 1252 3277 VRp
1305 3221 1381 3260 sume
1398 3199 1420 3254 Γ
1525 3254 1526 3261 ,

281 3294 382 3364 'lipsis
400 3313 430 3348 ex
447 3294 569 3363 ipsisque
587 3313 619 3347 m.
633 3293 652 3346 ὲ)
668 3294 693 3348 V
708 3295 742 3348 sb
761 3293 829 3363 ipsis
843 3295 897 3364 Cpb
952 3297 983 3348 11
1003 3294 1247 3363 unumquisqueV
1297 3295 1416 3348 essesut

281 3401 329 3435 om.
350 3383 387 3453 Op
442 3378 762 3436 metusmetus
787 3382 930 3434 VesseC
979 3381 1127 3434 ostendens
1145 3382 1233 3435 συιδ
1283 3383 1315 3434 13
1332 3377 1417 3432 omni·

280 3469 374 3523 busC
425 3469 458 3522 14
475 3469 549 3522 enim
574 3486 621 3521 om.
645 3469 671 3522 V
722 3471 754 3522 16
772 3466 827 3521 fide
850 3468 875 3521 V
898 3467 932 3531 cs.
960 3469 1086 3520 Bdcbeler
1103 3495 1138 3505 -
1162 3469 1321 3522 Wiodekr'ldc
1347 3463 1417 3518 Deci.

277 3573 305 3624 p.
325 3553 360 3607 67
378 3557 424 3607 sed
440 3557 463 3608 b.
482 3555 499 3607 i.
517 3573 574 3608 cum
591 3556 661 3607 solus
678 3557 733 3609 cod.
757 3554 850 3624 V‚qui
867 3556 957 3608 totiens
984 3555 1096 3608 litterum
1113 3555 1194 3622 final.
1223 3557 1320 3620 onum,
1347 3554 1418 3605 bidus

278 3643 391 3710 ymerius·
408 3641 518 3710 forrnac
545 3643 613 3694 testis
638 3643 678 3708 sit,
706 3659 763 3694 eam
789 3643 817 3694 in
844 3651 937 3694 tecuam
964 3642 1076 3711 recipcre
1094 3642 1213 3694 dubitaui
1264 3638 1374 3694 nomine
1391 3654 1418 3690 er

280 3726 372 3780 omnia
398 3745 430 3780 m.
458 3725 478 3779 2
507 3727 532 3781 V
581 3733 609 3782 st
627 3729 687 3781 add.
714 3747 746 3780 m.
774 3727 794 3780 2
826 3728 851 3780 V
902 3729 934 3780 17
952 3727 1128 3782 obaedientes
1155 3727 1182 3780 R
1208 3727 1373 3795 obrepentes
1400 3723 1422 3774 Ὀ

280 3867 441 3951 obrepentis„
452 3863 597 3936 (serus.)p
643 3866 734 3936 ipsup
778 3822 899 3921 humenis
916 3867 939 3920 1⁷
985 3869 1017 3921 18
1035 3865 1163 3934 sphibere
1179 3866 1216 3936 Cp
1265 3868 1297 3920 le
1314 3862 1419 3933 mugni-

280 3967 419 4023 ficentiem
437 3974 466 4024 et
486 3969 692 4027 miserationem
715 3969 968 4057 Vmsgnificentiq
979 3973 1008 4023 st
1026 3969 1199 4024 miserationi
1211 3968 1287 4040 pot)
1340 3983 1419 4036 repo·

280 4078 340 4127 tetd
361 4073 451 4144 Opffl)
505 4077 540 4129 20
558 4074 739 4129 contineriC
789 4077 821 4129 21
840 4075 977 4144 prophete
1004 4072 1064 4141 (om.
1082 4073 1121 4139 et)
1147 4075 1183 4128 Cb
1235 4070 1421 4127 sdominof

280 4160 483 4214 sesecundum
501 4189 534 4197 —-
553 4161 664 4216 seminis
683 4161 726 4216 sui
745 4164 771 4215 in
790 4180 871 4231 nicrp.
890 4162 994 4215 addc
1044 4159 1152 4229 origine
1177 4161 1224 4214 VC
1273 4161 1418 4229 deputatus

281 4264 328 4300 om.
349 4247 383 4300 R.
