3075 4967
486 261 667 313 tractatus
686 258 720 313 iu
738 259 909 327 psalmum
928 259 981 313 CL.
1239 260 1300 326 871

157 451 216 516 sub
240 450 380 516 eiusdem
403 449 525 514 numeri
547 447 739 530 plenitudine
762 468 824 515 nou
847 447 1073 533 indulgentiam
1094 450 1223 530 peccati,
1247 452 1303 517 sed

157 554 291 620 fructum
323 552 522 637 officiumque
552 553 675 619 iustitiae
706 553 939 635 conprehendit
983 558 1053 634 post
1082 574 1150 638 quae
1179 574 1303 619 mrsum

157 658 314 724 aedificata
335 658 398 724 iam
420 658 450 721 in
475 663 625 723 aternum
656 658 705 724 dei
740 657 865 723 ciuitate
887 662 919 722 ct
940 656 1084 723 omnibus
1107 658 1148 722 ad
1170 659 1304 741 gratula-

158 764 276 828 tionem
299 764 364 828 eiue
386 761 572 845 laudemque
595 761 793 827 commonitis
807 762 865 827 sub
882 762 1020 827 eiusdem
1035 782 1158 828 mrsum
1183 764 1305 829 numeri

158 872 311 947 potestate
341 886 412 948 spes
444 871 491 932 est
513 871 728 932 consummata
758 871 942 941 sanctornm,
972 866 1032 931 iam
1063 868 1101 931 ad
1131 868 1304 949 spiritalem
1343 904 1355 939 e

158 971 303 1037 omnibus
326 970 458 1055 gloriam
482 977 688 1054 naturamque
721 971 883 1048 reuocatis,
912 976 946 1035 nt
975 972 1130 1055 gradatim
1162 992 1218 1052 per
1245 972 1305 1039 hoc

158 1076 273 1141 addai
302 1073 491 1139 consortium
526 1075 688 1153 ueniretur,
723 1093 794 1139 cum
828 1080 1026 1155 peccatorum
1061 1077 1200 1141 remissio
1234 1078 1304 1141 uitae

157 1180 370 1245 innocentiam
393 1186 424 1244 et
445 1178 550 1243 iudicii
573 1179 778 1244 constant-iam
802 1185 980 1256 mereretur,
1003 1180 1073 1244 uitae
1096 1185 1198 1245 aulem
1218 1181 1305 1245 inuo-

158 1284 259 1349 cantis
281 1283 448 1367 iudiciique
472 1284 647 1348 constantia
669 1281 816 1363 spiritalis
833 1282 940 1366 gloriae
955 1290 1095 1349 sumeret
1110 1284 1303 1367 dignitatem.

158 1408 195 1453 ac
218 1388 261 1453 sio
295 1388 407 1465 omnia,
441 1387 639 1467 baptismum,
674 1388 866 1465 resurrectio,
900 1387 1068 1453 demutatio
1103 1388 1304 1468 continentur,
1332 1420 1357 1457 lt

158 1512 231 1557 cum
253 1492 355 1573 prima
378 1511 434 1556 noe
458 1489 527 1555 libri
553 1489 642 1557 huius
671 1492 931 1575 quinquagesima
960 1504 1126 1575 regeneret
1155 1493 1196 1557 ad
1218 1494 1305 1557 inno-

159 1596 303 1673 centiam,
319 1615 454 1679 sequens
477 1595 517 1659 ad
540 1595 688 1660 iudicium
707 1596 891 1661 innocentiae
906 1597 1132 1661 resurrectione
1147 1599 1304 1678 perdurat,

160 1700 252 1765 tertia
281 1700 312 1764 in
343 1712 484 1763 naturam
515 1699 639 1779 spiritus
663 1706 695 1764 at
717 1698 841 1764 laudem
872 1700 1046 1765 constituat.
1092 1710 1162 1785 post
1184 1702 1305 1768 uinctos

159 1804 244 1870 enim
268 1804 470 1882 compedibus
493 1822 586 1887 reges
609 1802 784 1887 ligatosque
800 1804 931 1869 manicis
947 1802 1112 1869 nobiles'et
1127 1811 1304 1871 sanctorum

159 1906 308 1972 iudicium
331 1908 548 1988 conscriptum·
579 1927 649 1972 cum
680 1907 711 1971 in
746 1905 796 1973 hia
818 1907 961 1972 omnibus
984 1906 1084 1991 gloria
1106 1909 1304 1985 constitisset,
1333 1938 1357 1973 n

160 2010 267 2096 gloriae
291 2018 394 2076 temen
419 2011 516 2091 ipsius
540 2011 765 2077 consummatio
789 2009 857 2075 haec
879 2017 986 2076 secuta
1008 2018 1064 2075 est.

204 2118 233 2181 2.
257 2115 402 2199 Superior
438 2135 457 2179 a
494 2116 632 2195 proximo
670 2114 810 2196 psalmus
848 2116 888 2180 ad
926 2115 1046 2180 laudern
1083 2135 1141 2182 nos
1179 2116 1228 2180 dei
1265 2118 1304 2188 ob

160 2220 350 2285 creationum
384 2218 651 2301 magnificentiam
684 2220 858 2294 aduocauit;
898 2220 954 2285 sed
989 2228 1058 2299 post
1091 2219 1198 2285 cantici
1234 2222 1305 2285 noui

160 2323 312 2408 hymnum
337 2325 413 2389 deus
438 2342 497 2387 non
520 2322 624 2389 adhuc
642 2324 673 2388 in
690 2324 834 2404 operibus
857 2320 1040 2399 laudandus,
1063 2326 1118 2389 sed
1134 2324 1305 2389 laudandus

160 2429 190 2491 in
215 2428 330 2493 sanctis
354 2433 408 2504 est
440 2446 518 2510 quos
541 2434 611 2509 post
644 2427 792 2493 iudicium
823 2428 1030 2508 conscriptum
1061 2428 1093 2491 in
1123 2428 1304 2493 aternitatis
1332 2454 1357 2491 eo

161 2532 293 2615 gloriam
317 2530 513 2597 collocanerit
534 2541 565 2597 at
587 2531 822 2597 indemutabiles
845 2532 908 2597 iam
934 2532 1049 2598 oaelesti
1072 2532 1188 2598 bonore
1211 2533 1305 2597 dona·

160 2636 253 2701 uerit:
278 2656 332 2719 per
355 2637 437 2720 quod
459 2636 491 2701 in
515 2636 635 2700 uirtutis
659 2656 722 2703 euae
745 2634 917 2701 laudandus
939 2637 979 2702 sit
1001 2636 1207 2713 firmamento,
1234 2640 1306 2721 quie
1331 2660 1335 2671 ·

160 2740 390 2805 firmamentum
422 2744 547 2805 aeternee
570 2740 692 2804 uirtutis
715 2741 868 2807 inuenerit
889 2742 1035 2824 absorpta
1056 2742 1089 2807 in
1111 2744 1305 2807 contentione

161 2850 269 2921 morte,
305 2864 376 2909 curn
410 2844 640 2925 corruptionem
674 2844 860 2926 incorruptio
890 2846 1092 2911 deuorauerit.
1137 2846 1305 2911 etidcirco

160 2949 394 3013 firmamentum
416 2947 536 3013 uirtutis
567 2946 632 3013 laus
663 2949 803 3032 sequitur
836 2956 1031 3031 potestatum,
1065 2951 1138 3034 quia
1170 2956 1305 3015 mortem
1333 2974 1359 3011 aa

159 3051 363 3117 inmortalitas
387 3052 614 3133 consumpserit
637 3051 785 3129 tribuens,
821 3054 902 3137 quod
925 3054 1030 3120 oculus
1054 3074 1113 3119 uon
1137 3054 1225 3131 uidit,
1249 3073 1306 3118 nec

160 3177 213 3222 cor
236 3156 391 3240 cogitauit
414 3176 472 3222 nec
494 3156 576 3221 auris
599 3156 723 3223 audiuit.
768 3172 868 3215 *aas*
883 3159 913 3222 in
937 3159 1052 3224 sanctis
1075 3167 1106 3223 et
1128 3158 1167 3221 ad
1182 3157 1306 3223 laudem

159 3276 219 3317 *a*
242 3280 313 3325 suas
337 3276 475 3318 *mm*
499 3261 594 3327 deus
618 3264 788 3328 secundum
815 3261 988 3342 apostolum
1011 3280 1081 3327 nos
1104 3267 1175 3326 ante
1198 3261 1305 3326 mundi

161 3365 411 3430 constitutionem
447 3365 485 3429 in
521 3366 759 3432 caelastibus
794 3365 977 3446 spiritali
1014 3365 1306 3430 benedictione

160 3468 390 3545 benedixit;
415 3470 456 3534 ad
480 3470 564 3534 cuius
587 3468 687 3535 laudis
709 3468 840 3553 gloriam
866 3470 970 3533 omnia
986 3477 1016 3534 et
1031 3470 1115 3534 uocis
1132 3473 1163 3534 et
1179 3488 1305 3549 operum
1333 3492 1358 3528 ao

161 3571 264 3637 officia
286 3573 418 3638 incitant
440 3573 617 3639 diuersitate
650 3572 877 3638 habitationum
900 3579 931 3637 et
953 3572 1100 3639 claritate.
1145 3572 1306 3638 laudamus

161 3676 277 3741 idcirco
299 3678 331 3741 iu
356 3675 508 3759 cymbalis
540 3677 619 3742 bene
642 3677 840 3757 sonantibus3
869 3676 902 3741 in
932 3676 1082 3761 cymbalis
1113 3676 1307 3742 exultationis

205 3834 241 3887 28
258 3832 359 3902 Ephes.
378 3834 399 3900 1,
418 3836 442 3889 3.

207 3975 240 4025 10
257 3971 308 4025 bac
327 3973 366 4025 sic
385 3974 411 4025 R
465 3973 625 4026 continetur
643 3974 669 4025 R
724 3975 757 4027 12
775 3975 977 4027 resurrectione
994 3991 1016 4025 π
1033 3973 1200 4029 resurrectio
1219 3970 1306 4035 12(er

163 4061 196 4111 14
215 4062 243 4112 et
269 4060 329 4111 add.
358 4060 455 4112 Bened.
523 4062 589 4113 l'la
616 4062 744 4127 proximo
771 4060 796 4113 R
822 4061 951 4128 proximo
977 4062 1013 4114 nb
1076 4062 1112 4114 22
1132 4059 1307 4113 firmamento

160 4146 254 4215 ccrdpei
280 4144 486 4199 firmamentum
513 4147 549 4198 ab
576 4144 647 4213 (R.)
708 4148 742 4199 96
760 4147 991 4202 inmortalitatem
1018 4148 1043 4200 R
1101 4149 1134 4200 27
1147 4146 1308 4216 rapientibus

160 4232 214 4283 cod.
234 4231 259 4283 R
277 4233 366 4284 litteris
384 4250 473 4285 aereus
493 4235 601 4302 quinque
617 4250 726 4303 prorata
738 4232 799 4297 sere
816 4246 984 4289 euanumnr.
