3075 4967
433 277 615 327 tractatus
639 271 675 325 in
700 271 873 340 psalmum
896 271 941 324 Ll.
1198 269 1259 334 103

130 461 255 527 lenificat.
308 460 379 528 haee
413 463 440 527 si
469 463 571 544 potius
600 461 751 536 uulneret
782 461 886 527 dolum
921 461 1004 537 lecit
1038 462 1154 545 quippe
1186 480 1258 525 cum

130 575 284 645 properos
306 565 346 630 ad
370 573 512 631 ornatum
536 565 744 632 ministerium
767 585 858 631 suurn
889 565 1055 647 praebuerit
1076 566 1117 630 ad
1138 563 1258 631 uiduus

128 669 219 753 lingua
240 668 306 734 haee
330 689 406 753 ergo
430 669 521 735 huius
544 671 576 734 in
600 669 718 735 malitia
740 671 876 750 potentis
899 669 1096 753 iniquitatem
1118 667 1259 752 aglano

128 771 215 836 dolum
239 772 326 837 lecit:
358 773 391 837 id
415 779 471 852 est,
503 793 595 857 quam
625 779 735 840 natura
766 776 809 839 ad
838 773 1030 857 eloquendas
1058 773 1257 840 rationabiles

127 876 314 960 cantationes
338 876 469 942 consulti
493 878 594 942 cordis
617 884 856 959 praeparauerat
878 878 947 960 ipsa
968 878 1069 960 potius
1091 877 1257 943 inrationa-
1297 905 1311 944 s

127 979 193 1044 biles
214 980 328 1064 cogitet
348 981 542 1064 iniquitates.
587 981 718 1064 populus
742 983 826 1048 enim
849 980 910 1060 ille,
934 982 986 1065 qui
1009 982 1041 1046 in
1057 979 1143 1047 Dosa
1161 982 1258 1065 signi·

127 1083 201 1148 liceri
228 1083 460 1168 intellegendus
484 1093 539 1166 est
570 1087 610 1151 ad
641 1085 907 1170 magnificandum
930 1086 981 1151 dei
1004 1104 1116 1150 nomen
1141 1084 1258 1151 electus

127 1193 152 1249 el
171 1186 207 1250 ad
227 1185 430 1254 celebrandas
447 1188 554 1255 laudes
573 1189 670 1270 ipsius
685 1195 878 1271 praeparatus
891 1188 974 1254 huno
984 1189 1159 1266 inhonorat,
1175 1189 1258 1254 huno

127 1290 213 1366 uadit,
225 1291 313 1370 hune,
326 1295 520 1376 quantumin
533 1315 568 1360 se
580 1300 637 1372 est,
650 1299 749 1360 morte
760 1294 861 1360 crucis
876 1293 1017 1376 perimit;
1033 1300 1065 1358 et
1074 1291 1133 1358 hoo
1144 1292 1257 1378 linguae

127 1395 340 1474 suonouaeula,
353 1416 516 1479 perquam
529 1397 687 1464 clamauit:
708 1396 924 1481 crucifige,
943 1395 1159 1480 crucifige,
1183 1417 1256 1462 con·
1284 1427 1308 1462 ro

129 1505 255 1562 summat
289 1499 395 1564 dolum
407 1500 521 1584 itaque,
535 1509 693 1585 tamquam
706 1500 856 1566 nouacula
874 1508 972 1578 acuta,
991 1500 1187 1584 iniquitatem
1205 1520 1257 1566 eo-

128 1601 218 1683 gilans
232 1599 305 1667 fecit
315 1601 385 1669 haeo
396 1603 517 1688 lingua;
535 1611 566 1670 et
577 1605 746 1671 cuiusmodi
767 1605 882 1683 dolum,
898 1604 1121 1688 consequentia
1135 1606 1256 1670 duent

163 1704 188 1767 9.
210 1703 351 1788 Sequitur
375 1708 474 1772 enim:
509 1708 702 1773 dilexisti
733 1707 936 1774 malitiam
965 1728 1088 1789 super
1117 1706 1256 1793 benig·

125 1809 288 1886 uitatem,
312 1810 580 1894 iniquitatem
612 1831 872 1896 superquam
902 1812 1014 1895 loqui
1043 1811 1256 1878 iustitiam.

125 1909 177 1974 doli
198 1911 282 1978 huius
306 1915 426 1980 cumen
451 1934 489 1981 ex
512 1916 729 1996 conparatione
743 1915 779 1980 fit
801 1917 935 2000 grauius,
958 1935 1031 1982 cnm
1046 1915 1165 1982 malitia
1187 1916 1255 1982 dili·
1282 1947 1309 1983 ιο

125 2015 196 2096 gitur
217 2016 352 2084 bonitate
376 2018 531 2104 neglecte,
555 2038 626 2085 cum
650 2020 797 2106 iniquitas
827 2020 929 2104 agitur
958 2021 1169 2101 praetermisso
1191 2040 1256 2085 ser·

125 2137 204 2185 mone
224 2121 354 2186 iustitia.
401 2121 485 2189 huuc
506 2143 669 2206 propensa
684 2123 716 2188 in
735 2123 889 2188 mattiarn
902 2123 1075 2190 dilectionis
1097 2122 1256 2188 adlectum

124 2219 252 2290 dominus
280 2225 312 2291 in
344 2227 519 2311 euangeliis
549 2228 738 2294 condemnat
767 2229 892 2295 dicens:
926 2227 1001 2294 hoc
1031 2233 1094 2293 est
1123 2234 1256 2293 auteur

123 2324 315 2404 iudicium.
354 2331 448 2414 quia
485 2330 553 2398 lux
582 2332 696 2397 uenit
725 2332 763 2396 in
795 2330 900 2398 hune
929 2333 1119 2396 mundum
1142 2337 1181 2398 et
1203 2331 1255 2396 di-

123 2427 296 2498 lexerunt
332 2433 518 2501 homines
556 2436 688 2521 magis
728 2436 924 2502 tenebras
963 2455 1079 2520 quarn
1110 2435 1254 2502 lumen.
1283 2465 1308 2504 oo

122 2534 236 2614 populus
259 2538 373 2621 itaque,
396 2540 445 2605 eui
469 2541 510 2605 ad
532 2539 783 2622 redemptionem
805 2545 1003 2622 peccatorum
1030 2540 1162 2606 uerbum
1183 2559 1256 2606 caro

123 2635 225 2702 lacurn
247 2648 294 2706 est
316 2647 348 2706 et
370 2643 449 2708 dena
471 2642 566 2709 homo
589 2649 681 2709 natus
705 2651 761 2724 est,
783 2651 818 2709 ut
840 2664 897 2725 per
913 2643 989 2710 fidei
1005 2643 1255 2710 iustificationum

122 2741 274 2809 maledieto
297 2744 377 2830 legis
401 2746 481 2812 liber
504 2753 597 2828 esset,
620 2748 694 2813 dum
718 2749 750 2814 in
774 2748 1023 2833 transgressione
1045 2746 1126 2832 legis
1137 2748 1257 2813 mauult

121 2847 226 2912 soture
246 2848 420 2928 maledicto,
443 2851 544 2931 ipsum
567 2850 657 2916 illum
677 2852 767 2918 deum
792 2871 883 2918 suum
906 2851 1034 2917 tradidit
1049 2871 1160 2932 panae,
1182 2872 1254 2917 san·

121 2949 233 3028 guinem
257 2952 329 3031 eius,
352 2961 387 3018 ut
408 2961 523 3035 praetor
546 2963 630 3021 esset
652 2956 810 3033 innocens,
833 2955 866 3021 in
888 2976 923 3021 ae
945 2955 1207 3048 ipsesnsoipiens
1223 2963 1256 3021 et
1281 2983 1307 3024 n

121 3049 179 3116 haec
192 3073 285 3138 agens
300 3059 442 3124 demutat
451 3065 570 3125 naturae
590 3059 855 3125 consuetudinem.
894 3059 1044 3124 malitiam
1056 3059 1141 3124 enim
1153 3059 1256 3143 diligit

121 3173 201 3235 super
228 3157 452 3245 benignitatem
483 3169 515 3228 et
544 3183 582 3228 ex
605 3162 694 3229 bonis
717 3183 855 3229 amorem
880 3164 1032 3229 conuertit
1054 3164 1085 3228 in
1108 3163 1254 3244 pessima

121 3257 238 3343 diligere
260 3283 383 3349 quoque
406 3265 589 3332 iniustitiam
621 3287 833 3352 superquam
856 3267 941 3354 loqui
963 3268 1113 3335 iustitiam
1134 3267 1253 3334 maluit.
1304 3273 1308 3280 '

159 3384 385 3454 amma

157 3556 361 3628 tpmpantio
382 3561 409 3612 P
471 3566 502 3616 at
528 3562 631 3616 uulnus
662 3563 685 3615 P
745 3564 818 3618 ain
845 3564 943 3632 lingua
961 3564 987 3615 P
1049 3564 1200 3632 cogitando
1231 3565 1257 3618 V

119 3644 269 3710 tagiate‘
314 3646 490 3716 significatur
499 3649 705 3719 intellegendus
715 3651 795 3705 estV
838 3650 1032 3704 Seelebranda
1042 3651 1068 3702 P
1113 3650 1256 3705 llaruaiV

119 3732 286 3792 pereuitllP
338 3737 372 3788 10
389 3735 527 3789 nouacula
543 3743 625 3791 acuta
653 3753 704 3806 per
730 3753 839 3806 qname
900 3735 1032 3806 crucifige
1051 3755 1100 3790 sec.
1122 3738 1169 3790 loo.
1194 3754 1252 3807 sup.

119 3813 297 3874 tinemut!
349 3821 503 3889 llitsquae
519 3823 541 3875 l'
592 3828 675 3878 acuta
684 3831 714 3878 et
722 3823 900 3892 iniquitatem
908 3824 994 3876 PTnlr
1048 3825 1080 3878 18
1090 3823 1254 3878 dilexistis:

119 3899 245 3958 dirlextsti
263 3926 295 3960 m.
314 3907 333 3960 1
354 3907 380 3962 V
430 3911 465 3963 16
488 3909 622 3977 iniquitas
647 3928 677 3964 aa
701 3910 850 3979 iniquitate
875 3929 906 3962 m.
931 3909 952 3963 2
975 3911 1001 3964 V
1048 3911 1201 3978 praemisso
1231 3910 1256 3962 V

120 3988 146 4037 17
163 3986 231 4045 hunc
248 4009 402 4062 propensae
421 3995 546 4049 malitiae
563 3995 694 4051 affectum
707 3997 772 4050 lue
827 3999 861 4052 18
877 3997 907 4050 in
925 3995 1098 4064 euuangeliis
1117 3997 1165 4050 l’lt
1208 4000 1254 4052 est

119 4075 238 4130 emesa
254 4080 344 4148 magis
364 4080 490 4134 homines
509 4081 605 4134 RPTa
658 4076 948 4138 22dseadimspV
996 4083 1079 4137 homo
1097 4101 1128 4138 ea
1144 4082 1252 4148 homini

121 4177 147 4211 ra
158 4159 178 4213 2
189 4163 249 4218 Vult
262 4173 379 4220 naturae
397 4184 462 4221 suaa
480 4168 709 4223 consuetudinem
722 4169 756 4224 Vs
809 4171 843 4224 27
855 4174 884 4224 et
902 4186 938 4224 ex
955 4170 1036 4223 nobis
1048 4169 1074 4223 V
1121 4172 1156 4226 28
1168 4185 1253 4237 super

121 4269 147 4280 ·-
165 4249 292 4306 iustitiam
311 4271 367 4324 sup.
386 4255 430 4308 lia.
449 4271 466 4307 a
484 4273 517 4308 m.
536 4259 557 4308 2
581 4255 610 4309 l'.
