3075 4967
452 298 634 349 tractatus
659 294 694 347 in
718 295 894 362 psalmum
917 294 938 345 1.
1209 294 1251 359 27

129 482 253 563 operatio.
296 484 435 567 sequitur
458 503 606 569 namque:
631 490 669 549 et
691 485 728 548 in
754 483 846 569 lege
869 483 956 549 eius
982 484 1254 549 meditabitur

127 586 181 651 die
201 606 240 651 aa
261 593 387 652 noete.
433 588 558 653 beatum
588 588 670 653 hune
700 590 801 652 uirum
824 588 969 652 continua
990 586 1072 672 legis
1093 588 1253 653 meditatio

126 698 151 755 et
178 691 326 757 indefessa
360 698 563 757 consummat.
618 695 674 758 sed
708 693 789 758 sorte
823 693 855 757 id
889 692 1031 757 humanae
1063 692 1253 757 infirmitatis

124 800 218 859 natura
238 814 297 859 non
320 797 442 877 patitur,
474 817 530 878 per
553 816 642 881 quam
669 798 903 880 quiescendum,
933 796 1158 873 dormiendum,
1182 798 1252 862 otu»

124 900 275 964 necandum
299 907 363 979 est;
387 902 426 965 ob
449 920 519 984 quse
541 920 560 965 a
582 920 638 982 spe
669 901 897 984 consequendae
928 900 1127 965 beatitudinis
1158 902 1250 966 etiam
1292 929 1305 965 s

124 1004 289 1069 necessitate
318 1003 505 1069 naturalium
536 1004 725 1084 decidamus,
755 1025 826 1069 curn
856 1007 980 1089 quando
1009 1006 1252 1070 ameditatione

124 1107 217 1171 diurna
238 1114 329 1192 atque
353 1114 502 1175 nocturna
525 1109 641 1193 negotii
671 1108 838 1193 corporalis
861 1110 1084 1173 intercessione
1107 1110 1148 1174 sit·
1171 1110 1251 1175 desi-

124 1212 250 1275 nendum.
295 1211 397 1277 simile
421 1232 541 1297 quoqne
566 1211 638 1278 huia
662 1214 744 1277 dioto
768 1212 898 1294 apostoli
921 1213 1039 1277 dictum
1063 1219 1126 1277 est:
1162 1213 1251 1279 sine

124 1315 419 1382 intermissione
449 1322 573 1383 orate.
619 1318 705 1401 quasi
736 1338 810 1384 uero
839 1338 901 1381 non
930 1318 1109 1398 aucupanda
1137 1318 1171 1381 in
1200 1336 1251 1383 res

124 1438 184 1483 suas
204 1426 313 1485 natura
337 1426 450 1485 nostra
473 1421 644 1487 necessitas
674 1422 773 1502 possit
803 1422 870 1485 sine
898 1420 1145 1502 interpellatione
1175 1427 1252 1486 tern-
1279 1449 1304 1487 a

121 1523 192 1602 poris
212 1542 330 1605 semper
352 1544 450 1590 orare.
496 1526 657 1591 meditatio
680 1526 784 1609 itaque
806 1525 887 1610 legis
909 1544 969 1589 non
987 1525 1084 1589 solum
1100 1526 1131 1589 in
1150 1526 1252 1591 uerbis

121 1624 227 1710 legendi
250 1634 303 1707 est
327 1630 384 1694 sed
408 1630 439 1693 in
463 1629 564 1710 operis
586 1628 755 1713 religione;
780 1649 881 1713 neque
903 1635 937 1693 ut
959 1629 1054 1694 libros
1079 1634 1198 1694 tantum
1221 1636 1253 1694 et

120 1731 268 1813 scripturas
292 1753 520 1812 recenseamus,
544 1734 599 1799 sed
621 1739 655 1799 ut
678 1756 723 1809 ea,
747 1755 816 1817 qnae
839 1733 1000 1814 seripturis
1012 1754 1048 1798 ae
1070 1732 1157 1799 libris
1180 1753 1253 1797 eon·

119 1834 248 1915 tinentur,
282 1838 380 1921 gestis
411 1838 568 1921 rebusque
601 1840 799 1916 meditemur,
834 1844 865 1903 et
899 1838 1009 1902 diurne
1042 1844 1252 1921 nocturnaque

118 1958 201 2018 opera
221 1939 322 2025 legem
346 1960 470 2023 semper
492 1948 665 2021 exerceant,
695 1942 825 2008 utillud
858 1941 986 2024 apostoli
1019 1951 1081 2005 est:
1117 1942 1251 2006 omnia
1279 1969 1304 2005 a

119 2062 364 2129 quecumque
387 2046 558 2111 iacietis
581 2048 620 2111 in
637 2046 810 2132 gloriam
834 2046 907 2121 dei,
930 2046 1017 2111 sine
1041 2065 1125 2110 enm
1151 2066 1251 2109 man·

118 2147 274 2226 ducatis,
309 2150 398 2215 siue
432 2170 516 2215 enm
551 2150 707 2223 bibitis,
743 2152 830 2215 siue
864 2149 1086 2214 cumaliud
1109 2149 1251 2233 agitis.

116 2272 166 2331 par
193 2251 247 2318 hoo
270 2254 354 2319 enim
378 2254 520 2335 efficitur,
542 2262 576 2319 ut
598 2256 664 2321 sine
687 2255 917 2319 intermissione
940 2274 1072 2333 dremne,
1103 2274 1173 2319 aum
1196 2274 1253 2335 per

117 2377 200 2439 opera
231 2360 288 2425 deo
311 2359 427 2440 placita
449 2366 481 2425 et
502 2360 532 2423 in
558 2358 687 2443 gloriam
718 2360 785 2425 eius
808 2378 934 2439 semper
965 2358 1132 2423 exercitata
1155 2358 1253 2422 saneti

118 2462 251 2548 cuiusque
273 2466 332 2529 uiri
351 2465 416 2529 uita
431 2464 532 2529 omnis
548 2463 644 2528 oratio
668 2465 724 2543 sit;
747 2484 784 2527 ae
800 2462 846 2528 sio
861 2464 1033 2528 seeundum
1044 2462 1147 2547 legem
1159 2468 1250 2527 noctu
1278 2486 1304 2525 ao

116 2568 216 2651 dieque
235 2569 369 2635 uiuendo
392 2570 455 2633 uite
477 2568 544 2648 ipse
567 2574 716 2633 nocturna
738 2566 818 2651 legis
842 2568 901 2632 erit
916 2567 1068 2632 etdiurna
1081 2567 1248 2631 meditatio.

154 2706 198 2771 13.
219 2707 280 2772 Sed
304 2712 518 2773 consummata
547 2706 606 2771 uiri
637 2706 728 2771 huius
763 2705 964 2783 beatitudine,
1000 2705 1051 2789 qui
1086 2706 1250 2787 impiorum

115 2810 238 2876 oonsiliis
261 2818 291 2877 et
314 2818 512 2893 peecatorum
535 2811 595 2876 uiis
618 2816 649 2877 et
670 2809 856 2893 pestilentiae
879 2809 1028 2875 cathedra
1044 2830 1078 2874 se
1091 2810 1251 2875 abstinens

151 2934 167 2986 8
184 2932 195 2985 l
212 2932 305 2987 Thess.
325 2936 350 3001 ὃ,
371 2936 411 2988 17.
450 2934 513 2987 151
533 2934 594 2987 Cor.
615 2935 655 3001 10,
674 2935 716 2987 31.

152 3140 313 3197 dintirmita
331 3157 365 3187 -:-.
386 3156 419 3187 ’Ξ
437 3142 473 3196 tis
492 3144 517 3195 11
588 3144 709 3210 susque
728 3158 744 3194 a
762 3158 815 3210 spe
832 3142 855 3194 l'
906 3140 1117 3209 eonsequendse
1136 3160 1165 3193 er
1184 3158 1250 3194 unn-

115 3233 250 3295 ssqnentae
268 3231 293 3283 ll
347 3233 446 3284 doum
471 3228 651 3297 aliquandos
704 3231 720 3282 7
748 3228 838 3296 adque
871 3228 897 3281 V
946 3227 1055 3334 ⁸2¹¹¹¹i⁰
1085 3225 1160 3281 dieto
1187 3227 1252 3281 illut

114 3350 220 3414 apostoli
246 3350 352 3403 dietum
381 3354 423 3403 est
456 3350 480 3402 1⁷
547 3354 564 3405 9
591 3356 702 3403 orantes
733 3350 769 3403 lie
841 3353 874 3404 10
900 3354 1000 3403 nostre
1027 3367 1094 3402 corr.
1122 3368 1154 3402 m.
1184 3349 1203 3400 2
1231 3350 1255 3402 l'

117 3436 141 3486 ll
169 3435 221 3503 legi
239 3450 272 3479 Ξ
290 3451 356 3490 Ξε
382 3436 406 3485 R
486 3438 520 3491 12
551 3436 670 3506 legentis
705 3437 755 3491 Ed.
791 3436 874 3489 Busil.
905 3446 929 3489 st
959 3436 1046 3489 Puris.
1080 3435 1206 3504 legendis
1233 3438 1251 3491 b

114 3520 154 3572 sed
180 3526 206 3575 et
231 3523 260 3576 in
287 3524 409 3593 operias
480 3526 513 3578 13
537 3540 729 3578 recenseamus
756 3524 806 3576 ssd
832 3528 864 3577 nt
890 3539 923 3577 eu
950 3540 1020 3590 quse
1047 3522 1193 3576 scribturis
1220 3542 1251 3577 er

112 3622 290 3663 recenseamus
314 3609 363 3663 sed
387 3614 419 3664 ut
443 3626 538 3664 eamne
564 3611 612 3663 sed
637 3614 669 3663 ut
693 3626 725 3663 ea
749 3626 820 3677 quas
845 3609 994 3663 scribturis
1012 3628 1046 3661 m.
1072 3608 1092 3661 2
1116 3610 1141 3659 V
1155 3626 1251 3665 recen·

113 3744 209 3783 scamus
230 3679 395 3791 ugedqffih
412 3690 555 3814 semptbris
583 3730 623 3797 (in
641 3734 736 3785 diuers.
755 3733 797 3801 lio.
817 3750 850 3785 m.
879 3730 912 3797 2)
931 3732 957 3784 11
1020 3732 1053 3785 15
1072 3689 1171 3801 operap
1186 3732 1251 3799 lege

113 3866 211 3919 semper
233 3870 304 3934 se-:z
332 3810 487 3907 εἶρε-,0.-
511 3811 559 3907 1111
578 3852 612 3922 (ρ
639 3872 696 3925 sup.
715 3856 759 3908 lin.
778 3872 811 3906 m.
831 3852 897 3905 2-
916 3871 934 3907 u
953 3872 1024 3923 supr.
1043 3855 1103 3906 add.
1122 3872 1155 3907 m.
1174 3854 1208 3917 3)
1226 3856 1252 3907 11

114 3937 141 3987 lil
165 3955 321 4009 qusseumq.
351 3942 376 3993 l'
399 3939 559 4009 queefiquae
585 3943 610 3993 11
672 3940 765 3994 fseitis
793 3941 848 3993 RE
921 3941 950 3994 in
978 3939 1068 4008 gloria
1095 3940 1140 3994 dei
1174 3943 1198 3994 V
1222 3942 1251 3995 in

112 4020 218 4088 gloriam
244 4026 288 4080 dei
314 4024 385 4097 (sup.
410 4030 455 4081 lin.
483 4046 515 4080 m.
541 4026 561 4079 2
587 4029 648 4080 add.
676 4026 773 4091 facite)
799 4028 825 4079 11
847 4027 876 4080 in
904 4027 1023 4096 glorium
1049 4027 1095 4081 dei
1122 4026 1206 4081 iaeits
1225 4030 1254 4081 Ε

114 4105 224 4175 (arialdi.
236 4114 279 4166 IV
290 4133 318 4184 p.
336 4114 387 4179 80)
442 4117 474 4169 18
492 4118 525 4168 ut
543 4132 600 4183 sup.
620 4115 664 4165 lia.
678 4114 742 4167 md
758 4115 781 4167 V
832 4116 916 4168 orem’
935 4112 977 4178 (io
995 4132 1094 4183 muro:
1113 4115 1251 4181 quomodo

114 4198 178 4250 omni
203 4203 326 4269 tempore
354 4206 449 4255 oratur
479 4220 512 4255 m.
542 4201 571 4265 1)
598 4202 624 4253 R
685 4204 717 4255 19
744 4200 774 4253 in
801 4200 892 4269 gloria
926 4202 973 4253 111
1044 4201 1168 4254 exercita
1202 4204 1252 4256 l'E

114 4282 143 4332 20
166 4286 323 4355 cuiusquam
347 4288 371 4340 1γ
426 4286 459 4341 fit
485 4306 515 4341 ar
541 4285 578 4341 sit
605 4306 636 4339 m.
665 4286 685 4339 2
710 4289 733 4339 ll
804 4290 835 4339 21
857 4288 960 4355 diuque
985 4288 1008 4340 l'
1067 4290 1102 4340 22>
1130 4287 1188 4355 hurj
1217 4290 1249 4341 R.
