3075 4967
372 279 554 330 tractatus
572 274 606 326 in
625 274 797 342 psalmum
817 275 948 328 cxxxlr.
1170 272 1232 338 687

98 470 185 533 deus
208 475 299 532 tuus
320 467 409 531 oleo
432 463 735 530 exsultationis.
770 464 873 528 unctio
889 455 948 528 ista
964 469 1086 529 terrena
1102 483 1162 528 non
1179 472 1233 539 cst,
1288 521 1291 530 ,

95 572 268 652 incorporea
289 576 345 649 est,
368 568 533 636 inuisibilis
556 576 618 634 est:
652 587 713 632 non
737 569 777 634 de
800 566 866 632 oleo
889 581 923 632 ut
946 570 1089 633 sacerdos
1110 573 1142 633 et
1165 587 1234 651 pro·

95 675 188 757 pheta,
212 695 272 740 nou
296 693 392 740 cornu
413 682 450 740 ut
471 695 534 751 rex,
558 675 615 739 sed
637 672 704 738 oleo
736 671 948 738 exsultationis
978 673 1111 756 ungitur.
1156 691 1234 754 opus

95 781 170 846 istud
191 781 306 845 latitia
329 779 475 861 spiritatis
498 785 546 843 est
568 783 602 842 et
623 779 663 843 ad
686 782 915 842 sacramentum
931 775 1064 842 calestia
1079 778 1233 842 unctionis

95 883 299 950 exsultationis
336 883 453 948 imatus
490 882 671 959 adhibetur3
710 899 771 946 non
809 882 956 946 materies
994 889 1143 946 creaturae
1178 893 1232 948 est.
1274 909 1286 943 a

93 990 159 1071 quia
181 987 351 1070 corporalia
372 986 581 1068 corporalibus
603 986 796 1070 indigebant,
820 987 925 1050 Aaron
956 1005 1046 1070 myro
1079 985 1232 1051 confusio-

93 1094 137 1156 nis
158 1093 301 1176 ungitur3
325 1093 379 1157 scd
402 1092 443 1167 iu,
467 1091 548 1174 quod
568 1089 725 1171 corporale
741 1095 798 1164 cst,
823 1107 880 1170 per
894 1088 1096 1155 efficientiam
1111 1090 1233 1156 uirtutis

92 1197 233 1276 spiritalis
257 1196 411 1262 imbutum
433 1195 568 1277 speciem
586 1193 644 1258 olei
668 1192 801 1259 caelestia
824 1193 968 1259 imitatur.
1014 1195 1149 1278 denique
1164 1203 1235 1276 post

91 1299 165 1366 hauc
187 1303 367 1366 unctionem
390 1301 496 1365 Aaron
531 1300 702 1365 secundum
737 1298 841 1382 legam
871 1297 1013 1363 Christus
1044 1305 1091 1364 est
1118 1319 1234 1365 nuncu·

90 1413 182 1486 patus,
206 1411 369 1488 postquam
391 1403 544 1470 unctionis
566 1403 703 1469 contusio
727 1402 846 1484 perid,
869 1404 954 1486 quod
971 1423 989 1468 a
1004 1404 1063 1468 deo
1087 1401 1232 1468 confundi
1261 1427 1286 1462 ιο

90 1510 299 1576 demonstrata
328 1515 383 1588 est
413 1510 446 1574 in
480 1510 618 1590 speciem
647 1508 802 1573 unctionis
833 1507 997 1572 inuisibilis
1011 1525 1012 1532 ¹
1028 1514 1232 1573 cousecratur.

89 1614 237 1698 utigitur
259 1612 318 1678 boc
347 1632 471 1698 mymm
493 1631 602 1677 omues
626 1612 771 1678 faetantes
795 1613 904 1676 odores
927 1617 958 1676 et
981 1612 1145 1677 inmundos
1168 1631 1234 1677 cor·

89 1718 171 1782 dium
194 1719 330 1798 spiritus.
365 1735 560 1802 quocumque
593 1716 731 1782 infusum
765 1716 864 1800 fuerit,
899 1714 1050 1799 extinguit
1084 1717 1233 1800 usquein

88 1823 195 1898 omnia,
228 1824 260 1887 in
283 1841 352 1905 quae
375 1822 514 1896 insertur,
549 1822 625 1887 odor
657 1819 708 1886 bic
741 1821 903 1885 suauitatis
933 1820 1074 1895 infundit,
1105 1821 1148 1886 ita
1177 1841 1233 1902 per

87 1924 143 1990 hoc
165 1932 399 1992 sacramentum
422 1926 576 1991 unctionis
598 1924 707 1990 infusa
730 1931 761 1990 et
777 1943 832 2005 per
847 1943 914 1990 eam
929 1925 1016 1989 omni
1039 1930 1232 1990 terrenorum
1261 1947 1285 1983 ιο

87 2049 120 2094 ac
152 2031 346 2096 sordentium
380 2031 523 2094 uitiomm
570 2036 746 2094 noetromm
782 2027 889 2094 faetore
924 2031 1044 2094 deterso
1079 2029 1137 2093 deo
1169 2030 1230 2094 iam

87 2135 166 2216 quod
188 2141 240 2199 est
269 2155 361 2200 suaue
396 2134 559 2215 spiramus.
605 2134 689 2199 nouit
723 2133 806 2198 hunc
841 2131 1056 2199 suaueolentiae
1090 2134 1231 2214 spiritum

87 2237 190 2327 boatus
222 2238 377 2320 apostolus
401 2237 513 2303 Paulus
547 2239 654 2303 dicens
688 2240 747 2303 ita:
783 2236 942 2303 Ohristi
976 2238 1103 2303 bonus
1136 2239 1234 2302 odor

86 2361 221 2408 sumus
245 2344 317 2407 deo
338 2344 378 2408 in
401 2344 507 2407 omni
530 2343 678 2420 looo‚in
703 2341 775 2418 his,
797 2342 862 2426 qui
887 2340 1109 2420 saluantur,
1135 2349 1172 2408 et
1194 2344 1232 2408 in

86 2445 155 2523 his,
180 2448 247 2530 qui
272 2455 460 2528 pereunt3
488 2455 526 2512 et
548 2448 586 2511 iu
610 2447 706 2512 istis
731 2447 893 2530 quidem
916 2445 1013 2510 odor
1035 2463 1079 2510 ex
1103 2452 1231 2512 morte
1259 2465 1284 2502 eo

86 2550 122 2612 in
144 2558 326 2628 mortem,
358 2551 455 2616 istis
487 2557 621 2616 autem
653 2552 751 2616 odor
786 2569 831 2615 cx
859 2552 943 2615 uita
972 2551 1011 2614 in
1036 2551 1175 2615 uitam:
1199 2559 1233 2616 ut

85 2655 213 2720 odorem
235 2656 308 2720 uitae
330 2673 387 2719 nos
409 2674 480 2720 esse
502 2654 688 2732 uiuentibus,
718 2656 761 2719 ita
791 2656 919 2720 odorem
953 2673 1023 2720 esse
1045 2653 1152 2720 mortis
1175 2655 1232 2728 his,

85 2760 191 2840 quiin
214 2759 352 2840 peccatis
375 2760 439 2824 suis
455 2769 656 2835 morerentur,
681 2758 856 2824 ostendens.
900 2759 967 2839 ipse
994 2767 1095 2823 autem
1116 2757 1232 2826 curisti

84 2861 159 2927 odor
181 2882 220 2928 ex
243 2863 335 2928 nobis
358 2864 458 2928 bouus
481 2863 539 2928 deo
562 2868 618 2928 est.
664 2868 699 2927 ut
721 2863 816 2946 igitur
838 2862 985 2944 placitum
999 2862 1062 2929 hoc
1077 2863 1107 2928 in
1123 2865 1232 2945 primo,

84 2966 114 3029 id
137 2975 185 3032 cst
207 2967 322 3043 Aaron,
357 2967 517 3032 sacerdota
539 2973 731 3051 unguentum
762 2967 820 3032 deo
851 2968 958 3044 extitit,
989 2986 1050 3050 quo
1074 2969 1105 3032 iu
1129 2987 1233 3034 exem·
1260 2984 1286 3022 ²⁶

83 3067 170 3148 plum
193 3070 251 3135 olei
276 3071 486 3136 exsultationis
508 3073 738 3155 perungebatur
771 3077 894 3154 gratum
917 3073 975 3138 deo
999 3091 1036 3136 ex
1059 3089 1092 3137 se
1114 3071 1188 3136 fidei
1203 3080 1235 3139 et

84 3173 268 3240 innocentiae
290 3174 415 3239 odorem
438 3175 590 3255 praebena
627 3176 670 3240 ita
691 3176 808 3240 bouum
832 3181 863 3240 et
884 3177 1050 3240 iucundum
1075 3182 1123 3240 est
1145 3175 1233 3242 habi-

85 3284 149 3342 tare
174 3277 287 3343 iratres
310 3278 342 3342 in
364 3297 471 3359 unum,
494 3299 549 3359 per
572 3280 654 3362 quod
677 3280 864 3344 unanimitas
895 3279 1059 3344 uoluntatis
1093 3280 1231 3345 eiusdem

84 3381 194 3460 primis
217 3387 249 3446 et
272 3383 417 3447 maximis
448 3384 649 3448 sacramentis
673 3384 825 3449 bonorum
849 3383 1016 3448 caeiestium
1042 3389 1232 3464 conparatur.

127 3483 157 3549 5.
184 3485 354 3551 Descendit
387 3497 489 3552 autem
511 3493 704 3572 unguentum
727 3509 746 3552 a
768 3488 867 3569 capite
897 3487 927 3551 in
951 3487 1089 3552 barbam.
1136 3487 1232 3552 barba
1259 3503 1284 3538 ³⁰

84 3589 181 3656 uirilis
203 3591 305 3656 etatis
328 3598 454 3656 ornatus
477 3598 533 3658 cst.
579 3612 680 3676 neque
714 3593 798 3660 enim
834 3610 889 3668 noe
922 3591 1065 3672 paruulos
1080 3676 1082 3686 ‚
1100 3611 1169 3662 esse
1200 3591 1231 3656 in

127 3714 162 3767 18
180 3713 208 3766 Π
226 3713 287 3767 Gor.
305 3716 331 3781 2,
355 3715 387 3768 lo
405 3731 447 3782 sq.

128 3819 141 3870 l
162 3815 231 3870 deus
246 3821 313 3871 tuus
333 3817 370 3871 Pe
396 3820 432 3889 cs.
450 3820 626 3884 incartet-11,
644 3819 684 3874 92
702 3819 771 3875 deus
789 3819 856 3873 deus
876 3825 941 3873 tuus
961 3819 999 3872 Tb
1053 3819 1121 3872 fide
1141 3835 1189 3871 mn.
1209 3819 1234 3870 T

84 3905 148 3957 3ut
168 3919 249 3972 reges
267 3905 444 3973 ungebantur
469 3907 505 3959 Vr
556 3906 618 3960 oleo
635 3906 760 3961 laetitiae
783 3907 822 3960 Vr
874 3906 990 3974 ungitur
1011 3907 1039 3958 E
1055 3905 1189 3974 unguitur
1208 3905 1233 3956 T

85 3993 209 4057 ungetur
234 3991 262 4044 P
285 3996 385 4045 unctus
414 3998 456 4046 cst
480 3991 517 4046 Vr
580 3995 710 4062 bmyrro
729 3995 774 4046 Ta
837 3995 852 4045 7
877 3993 1011 4061 unguitur
1041 3994 1066 4045 Τ
1091 3987 1185 4060 ungatk
1208 3993 1237 4044 P

84 4079 167 4129 baro
193 4077 272 4131 Vbic
298 4081 377 4132 daun.
401 4081 455 4132 cod.
482 4079 505 4133 V
574 4083 606 4134 la
633 4082 736 4134 mirum
760 4081 787 4133 P
809 4096 933 4147 myrram
960 4081 1002 4132 Τα
1026 4087 1200 4148 unguentum
1217 4099 1233 4130 r

86 4165 117 4215 l't
136 4165 293 4232 speram’P
342 4167 611 4221 metz-ziam
660 4169 816 4236 aegrorum
827 4169 1056 4236 P'l'atgretume
1109 4168 1232 4234 &iprae-

84 4249 152 4304 bens
163 4251 191 4303 T
200 4252 312 4319 praebe
330 4253 356 4305 P
371 4254 487 4321 praebet
506 4272 526 4307 e.
