3075 4967
416 270 596 319 tractatus
614 266 648 318 in
667 265 838 333 psalmum
862 266 883 319 1.
1184 266 1222 329 31

169 450 353 520 idithum
392 460 493 520 subm
529 454 638 540 ligni
677 454 796 519 huius
829 474 905 520 non
952 454 1117 520 defluet.
1168 473 1226 519 neo

119 554 214 619 miron
232 558 253 622 si
272 558 337 624 folia
360 560 426 625 eius
448 580 508 625 non
534 558 681 637 defluunt,
705 560 790 624 ouius
813 558 930 624 fruotua
946 559 1101 623 dabuntur
1116 558 1226 640 potius,

117 663 1225 747 qmwmwmmmmmfflmmmmmwm,

113 762 167 827 sed
183 766 315 833 rationalis
337 768 431 835 officii
462 770 694 851 dispensatione
724 768 874 833 demensi.
919 774 949 833 st
980 768 1054 851 quid
1083 768 1114 831 in
1145 766 1225 832 foliis

113 867 249 953 signifieat,
281 892 315 937 ox
345 875 562 954 conparatione
595 892 700 939 rerum
734 872 938 953 eorporalium
973 871 1145 937 absolutio]
1168 880 1224 936 est
1264 899 1277 937 s

108 994 219 1059 namque
250 974 327 1042 hane
350 997 420 1043 esse
443 983 585 1043 naturam
607 976 747 1041 foliorum
772 982 962 1054 mutuemur,
994 982 1027 1040 ut
1056 977 1096 1041 ad
1124 984 1226 1041 eusto-

107 1079 171 1143 dian
192 1080 335 1145 fruetuum
358 1083 508 1147 fructibus
542 1082 618 1164 ipsis
641 1082 840 1147 oiroumiseta
862 1086 1071 1162 prorumpant,
1095 1087 1128 1145 ut
1150 1098 1224 1163 quo

105 1183 165 1247 dom
183 1176 383 1251 uallo'tensra
416 1204 575 1267 pomorum
599 1187 686 1251 initia
716 1185 935 1251 communiant.
981 1184 1121 1251 doctrina
1149 1204 1224 1268 ergo

104 1289 245 1353 uerbomm
274 1290 331 1369 dei,
355 1310 422 1374 quas
446 1290 615 1371 promissos
645 1290 735 1355 nobis
766 1291 881 1355 fruetus
912 1290 1072 1363 eonuestit
1105 1287 1225 1372 signifi-

105 1398 180 1456 estur
207 1393 235 1457 in
265 1394 353 1460 foliis.
400 1393 450 1460 his
484 1395 566 1460 euim
599 1395 703 1461 uerbis
737 1413 810 1478 spes
844 1400 957 1459 nostra
997 1392 1225 1469 inumbrantur,
1252 1419 1276 1453 ιο

101 1494 195 1560 iorum
225 1498 302 1564 inter
335 1498 395 1563 has
430 1498 534 1565 saeouli
568 1504 768 1580 tempestates
803 1498 975 1563 munimine
1008 1502 1224 1581 conteguntur.

101 1620 152 1663 non
182 1602 309 1668 defluent
343 1604 438 1687 igitur
470 1603 538 1669 haee
572 1602 655 1682 folia,
690 1604 722 1667 id
757 1612 805 1668 est
828 1602 877 1667 dei
910 1602 1023 1680 uerba;
1058 1600 1132 1684 quia
1166 1618 1224 1681 par

99 1704 236 1769 dominum
270 1708 385 1773 dietum
421 1714 483 1773 est:
525 1706 662 1774 eaelum
709 1714 747 1773 et
792 1713 905 1772 terra
942 1704 1223 1789 praeteribuut,

99 1808 205 1874 uerba
236 1822 364 1877 autern
400 1832 486 1877 maa
519 1832 592 1877 non
628 1812 910 1893 praeteribunt.
963 1808 1042 1875 nihil
1075 1809 1157 1874 enim
1187 1828 1224 1873 sx

97 1910 146 1991 bis,
168 1934 230 1997 quae
252 1936 270 1979 a
293 1916 351 1982 deo
374 1916 457 1983 diota
480 1924 559 1993 sunt,
583 1916 736 1981 dilabetur
758 1921 811 1980 aut
833 1916 964 1981 daeidot.
1252 1936 1276 1973 a

134 2016 1223 2105 memmmmmfflmfflmm

98 2120 225 2187 alutaris
257 2126 410 2209 gentibue,
447 2132 572 2191 sanetus
604 2123 761 2189 Iohannes
796 2124 827 2188 iu
867 2120 1055 2205 Apocalypsi
1095 2126 1224 2184 testatur

97 2226 202 2291 dieens:
231 2238 267 2294 et
289 2231 474 2295 ostendit
496 2229 596 2295 mihi
619 2228 771 2294 l'lumen
795 2248 905 2311 aquae
928 2223 1223 2306 uitae,splendi·

96 2327 1224 2420 mmtamquamerymassum,emensdethmmodeim

96 2437 184 2519 agni
217 2437 254 2501 iu
289 2438 420 2504 medio
454 2438 599 2519 plateae
634 2438 722 2503 eius
756 2442 794 2501 et
829 2456 873 2501 ex
902 2444 1074 2518 utraque
1105 2438 1222 2514 parte
1249 2458 1275 2494 s

96 2538 264 2607 Huminm
288 2542 701 2627 arboren1uitae,quae
733 2541 837 2607 inest
870 2540 1044 2605 fruotum
1079 2537 1223 2602 duode-

95 2646 371 2730 measingufis
395 2646 808 2712 mensibusreddens
842 2644 1018 2708 fructum
1043 2644 1224 2719 suum‚et

95 2748 181 2814 mbo
216 2752 377 2816 arborm
416 2750 534 2816 ilHus
572 2757 665 2815 sunt
696 2752 743 2815 ad
779 2749 1001 2814 sandalum
1032 2745 1223 2829 genffiunn

95 2853 199 2919 caeleste
222 2862 449 2921 sauromentum
483 2857 526 2920 ita
559 2877 615 2937 par
638 2854 811 2935 corporales
846 2852 966 2934 speeies
1001 2850 1168 2931 exponitur,
1190 2854 1224 2912 ut

94 2960 228 3024 rationem
261 2960 433 3042 spiritalem
468 2961 639 3041 corporalia
671 2960 741 3041 ipsa
780 2977 970 3042 quamquam
1008 2954 1126 3035 inplere
1162 2972 1223 3016 non
1250 2979 1275 3015 2⁶

94 3065 204 3141 posim,
235 3072 338 3129 tamen
362 3065 403 3129 ad
426 3084 589 3145 corporum
612 3064 762 3128 rationem
787 3061 897 3127 mutila
919 3060 990 3125 sint.
1037 3062 1223 3123 conuenerat

94 3169 160 3231 emm
192 3169 317 3246 dixisse,
352 3187 391 3233 ex
424 3174 553 3252 utraque
585 3174 673 3249 parte
703 3166 840 3232 fluminis
871 3163 1073 3230 demonstrati
1096 3161 1222 3225 arbores

96 3290 161 3351 esse,
182 3294 240 3337 non
264 3274 416 3338 arborem.
462 3273 515 3338 sed
540 3274 613 3356 quio
636 3272 708 3337 uitae
732 3271 824 3337 arbor
838 3269 955 3352 ubique
977 3270 1008 3332 in
1025 3270 1221 3332 sacramento

127 3382 155 3431 13
171 3378 268 3432 Mattb.
286 3378 385 3447 XXIV,
404 3380 446 3433 35.
484 3380 517 3433 18
535 3380 620 3446 Apso.
639 3378 725 3444 XXII,
746 3381 768 3431 1.

127 3483 244 3537 ldefluet
256 3503 286 3536 au
299 3482 421 3537 defluent
437 3482 497 3535 ηιξ)
511 3484 534 3535 Γ
567 3500 618 3536 noo
629 3481 772 3535 mirum—
780 3480 903 3534 defluent
915 3478 980 3543 (sic)
992 3477 1122 3544 infnudd.
1133 3493 1166 3526 m.
1175 3474 1225 3525 91*

91 3569 278 3625 tdeuidentur
302 3570 328 3622 R
390 3570 474 3624 doous
487 3590 521 3620 -Ξ
534 3568 558 3622 si
577 3571 602 3622 n
627 3569 736 3622 deoursi
762 3569 786 3619 Γ
853 3569 870 3617 4
895 3564 1014 3619 dimensi
1044 3564 1079 3615 l'e
1103 3560 1221 3615 demessi

90 3660 142 3709 toral
166 3658 260 3711 Bened.
339 3658 356 3711 6
383 3656 513 3709 foliorum
541 3676 570 3709 eo:
597 3654 718 3709 filiorum
745 3674 778 3707 m.
807 3653 827 3705 2
860 3654 885 3706 Γ
943 3656 975 3704 ut
1001 3652 1061 3703 odd.
1089 3667 1122 3702 m.
1150 3646 1170 3699 2
1202 3646 1225 3698 Γ

90 3745 102 3795 7
124 3744 297 3799 circumtecta
324 3744 350 3796 R
404 3746 433 3796 ll
464 3743 493 3795 in
520 3742 569 3796 has
604 3743 627 3796 V
678 3744 710 3795 12
737 3759 793 3795 non
820 3739 950 3793 deoidant
981 3738 1005 3791 Γ
1054 3736 1098 3789 dei
1126 3752 1174 3786 om.
1201 3734 1225 3785 Γ

92 3831 116 3882 13
136 3832 287 3887 transibunt
306 3832 333 3884 R
388 3833 419 3884 15
445 3846 514 3898 quae
539 3830 573 3883 ab
598 3846 629 3882 eo
655 3828 680 3881 Γ
729 3828 874 3882 delabetur
898 3826 922 3879 Γ
973 3826 1006 3878 19
1033 3823 1068 3876 de
1093 3826 1175 3875 trono
1200 3821 1222 3872 Γ

90 3916 117 3969 de
136 3919 228 3973 trhono
247 3921 272 3973 R
345 3919 380 3971 20
403 3916 469 3986 agni
487 3935 518 3971 er
534 3916 599 3985 angi
618 3918 643 3968 ll
712 3918 747 3969 22
774 3914 896 3967 inactum
923 3929 1003 3965 auum
1026 3929 1056 3962 ea
1078 3908 1221 3961 fruetuum

90 4020 155 4059 suum
172 4008 240 4060 na?
264 4008 290 4059 V
359 4006 393 4057 25
411 4002 569 4073 corporalia
595 4022 625 4055 ex
643 4002 829 4071 corporalium
856 4020 889 4053 m.
909 4000 928 4051 2
952 4000 975 4053 V
1036 3999 1070 4050 26
1097 3996 1132 4049 ad
1159 4011 1220 4047 oor·

90 4108 170 4158 porum
187 4095 323 4149 rationem
342 4090 441 4145 mutila
459 4090 515 4144 sint
532 4091 632 4159 scripsi,
650 4090 686 4159 eff.
706 4091 778 4143 Stud.
801 4088 872 4140 Ib'db'
888 4106 916 4156 p.
935 4084 993 4138 338
1020 4084 1055 4137 ad
1074 4085 1221 4150 oorporeta

90 4194 134 4231 non
156 4183 280 4236 mutilant
300 4182 346 4234 na
374 4178 408 4232 sd
435 4182 581 4245 corporata
607 4194 664 4229 non
682 4176 847 4230 mutilentur
872 4175 936 4227 ΓνΙ)
1006 4174 1040 4225 27
1058 4171 1171 4223 arborea
1191 4186 1221 4219 ea

92 4266 197 4323 arboreas
215 4270 281 4321 nul
308 4268 333 4321 V
384 4264 418 4317 28
437 4266 511 4318 uitae
528 4264 609 4318 orbos
635 4264 662 4319 Γ.
