3075 4967
296 261 357 325 572
635 262 751 314 sancti
775 261 910 315 Hilarii
934 261 1096 331 episcopi

294 459 453 518 stantes
478 457 596 518 erant
626 453 750 534 pedes
785 453 915 516 nostri
946 451 984 516 in
1014 453 1136 517 atriis
1168 453 1424 520 Hierusalem.

294 577 353 622 uon
377 558 494 622 incerta
518 557 666 634 nuntiant,
690 575 750 620 non
775 557 934 640 incognita
957 554 1150 636 pollicentur.
1195 557 1277 624 banc
1311 559 1425 624 domum

295 660 532 726 desiderabilem
556 667 587 725 et
610 659 753 725 dilectam
778 680 796 723 a
819 658 922 726 multis
949 661 1142 744 agnouimus.
1187 682 1262 726 narn
1284 663 1425 742 script-nra
1522 712 1526 723 .

293 765 351 828 ait:
375 784 490 828 unam
513 765 613 845 petii
637 785 655 828 a
678 765 847 836 domino,
880 763 982 829 hanc
1011 767 1227 849 requiram,
1262 774 1303 831 ut
1324 765 1424 830 inha-

255 869 418 933 rbitenr
450 869 488 932 in
512 868 625 932 domo
648 869 800 933 domini
824 869 1011 934 omnibus
1042 869 1188 934 diebus
1210 871 1306 934 uitae
1336 891 1425 943 rues,

293 979 333 1037 ut
354 973 512 1038 uideam
537 973 792 1038 uoluntatem
816 973 968 1038 domini
992 979 1031 1038 et
1052 973 1219 1039 nisitem
1241 974 1423 1055 templum

293 1079 389 1154 eius,
413 1084 444 1142 et
467 1097 606 1142 rursum:
630 1077 800 1153 domine,
824 1075 951 1142 dilexi
987 1078 1174 1142 decorem
1197 1078 1337 1143 domus
1361 1085 1424 1143 tus.

293 1187 331 1245 et
364 1180 492 1246 locum
528 1181 787 1246 tabernaculi
823 1180 964 1265 glorias
995 1187 1077 1246 tuae.
1122 1180 1191 1248 haec
1221 1183 1424 1248 domusdesi·

292 1285 449 1362 durabilis,
472 1284 523 1350 bic
546 1286 666 1349 auditus
689 1284 840 1378 laetabilis
871 1285 1070 1350 fundamento
1099 1285 1263 1351 duodecim
1291 1287 1423 1352 niuarnm

243 1411 266 1448 ro
293 1409 488 1472 gemmarum
519 1409 588 1455 esse
617 1390 705 1454 uiuos
735 1388 854 1470 lapides
885 1396 1048 1464 extructos,
1079 1391 1197 1455 excisos
1227 1391 1363 1471 primurn
1389 1391 1423 1454 sd

292 1513 367 1573 opus
396 1493 609 1558 edificationis
632 1514 650 1558 a
673 1493 783 1577 Moyse
804 1494 836 1557 in
859 1492 939 1577 lege,
963 1513 981 1557 a
1002 1493 1161 1575 prophetis
1183 1494 1216 1559 in
1238 1495 1423 1576 passionibus

292 1598 364 1674 suis,
388 1617 406 1660 a
428 1597 552 1662 domino
576 1599 607 1662 in
632 1617 766 1678 corpore,
802 1597 840 1661 ab
864 1597 1009 1678 apostolis
1031 1597 1062 1662 in
1087 1599 1252 1679 martyriis,
1283 1605 1422 1664 assueto

292 1701 400 1782 spiritu
422 1701 454 1764 in
477 1702 648 1766 uirtutibus.
693 1701 725 1764 hi
748 1699 960 1776 aediticatores,
982 1699 1052 1766 haec
1067 1701 1206 1780 aedificia,
1229 1702 1297 1768 bec
1313 1703 1422 1768 ciuitas.

291 1805 364 1870 hinc
387 1810 503 1870 stantes
527 1806 623 1886 pedes
646 1806 676 1870 in
702 1805 766 1870 eius
791 1805 884 1882 atriis,
908 1806 1052 1870 custodes
1074 1805 1201 1885 scilicet,
1225 1807 1336 1889 quibus
1352 1807 1422 1872 dats

240 1930 264 1968 rs
291 1914 361 1974 sunt
383 1909 485 1976 claues
509 1911 619 1974 domus
642 1909 731 1974 buius
756 1946 796 1956 —
821 1909 936 1974 dictum
967 1918 1014 1974 est
1047 1910 1144 1974 enim:
1179 1911 1294 1976 uobis
1329 1911 1422 1976 dabo

290 2012 427 2078 claues
451 2013 566 2097 regni
590 2012 841 2089 caelorum—,
856 2013 992 2092 speciem
1006 2014 1115 2078 domus
1127 2013 1340 2098 ignorantibus
1353 2035 1421 2079 nun·

290 2117 400 2182 tiautes
426 2117 505 2182 beati
530 2119 624 2200 pedes
648 2123 680 2182 et
702 2139 720 2181 a
743 2116 894 2198 propbeta
918 2117 1028 2181 merito
1050 2116 1181 2182 laudati:
1212 2138 1329 2201 qnam
1351 2116 1422 2200 pul·

289 2219 486 2286 cherrimi
509 2223 634 2303 pedes
658 2221 1036 2305 euangelizantium
1059 2241 1206 2301 pacem.

332 2343 360 2407 4.
386 2347 432 2407 Ac
463 2363 502 2408 ne
533 2344 697 2408 conuenire
727 2343 894 2426 quicquam
924 2340 1036 2406 horum
1067 2343 1098 2406 in
1132 2363 1202 2408 earn
1225 2343 1422 2417 Hierusalem,

238 2471 262 2508 aa
289 2470 358 2535 quae
382 2455 504 2514 terrens
526 2448 590 2522 fuit,
614 2446 851 2528 existimaretur,
875 2449 906 2512 id
930 2452 1129 2511 consecutum
1153 2452 1217 2512 est:
1241 2447 1421 2513 Hierusa-

287 2555 372 2632 lem,
408 2573 489 2636 quae
523 2550 755 2616 aedificatur
789 2557 828 2615 ut
862 2551 1021 2615 ciuitas.
1069 2570 1129 2615 non
1152 2551 1271 2626 ciuitas,
1306 2553 1361 2617 sed
1392 2557 1422 2615 nt

288 2659 411 2736 ciuitas3
435 2657 506 2740 quia
529 2655 581 2720 illa
604 2662 734 2720 terranae
757 2655 890 2720 ciuitatis
913 2653 1075 2719 aedificatio
1098 2667 1129 2720 et
1150 2654 1253 2736 templi
1279 2653 1421 2720 extructio

289 2770 319 2829 et
341 2761 529 2828 tabernaculi
553 2761 703 2825 institutio
726 2759 863 2840 speciem
887 2759 967 2824 illius
996 2764 1122 2824 aeternae
1145 2765 1177 2824 et
1199 2758 1332 2825 caelestis
1354 2760 1421 2825 ciui·

289 2867 359 2931 tatis
382 2864 609 2949 praefigurabat.
655 2870 686 2930 et
708 2865 781 2948 quia
803 2864 835 2929 in
858 2883 952 2928 omne
972 2868 1094 2944 tempus
1110 2869 1141 2928 et
1154 2883 1254 2946 usque
1268 2864 1309 2928 ad
1324 2860 1421 2929 saeculi

330 3031 407 3086 uns.
426 3031 522 3096 XXVI,
541 3033 565 3084 4.
600 3031 679 3084 8Ps.
698 3029 782 3098 XXV,
801 3033 826 3082 8.
865 3031 897 3083 15
914 3028 1013 3083 Matth.
1030 3028 1101 3094 XVI,
1119 3031 1144 3083 a.
1183 3031 1215 3083 17
1233 3028 1308 3084 Esai.
1326 3029 1382 3086 LII.
1399 3031 1420 3080 7.

329 3189 428 3240 {lnam
446 3186 584 3255 scriptura
602 3185 641 3238 ait
661 3185 710 3237 ΡΤ
726 3201 790 3237 nam
810 3201 874 3238 curn
892 3183 1031 3253 scriptura
1053 3183 1093 3237 ait
1110 3184 1136 3236 R
1153 3201 1219 3238 narn
1243 3184 1313 3238 dicit
1339 3183 1419 3250 scrip

284 3275 385 3329 turaE
400 3278 435 3326 na
453 3273 482 3326 iu
500 3272 555 3327 alio
573 3273 678 3341 psalmo
697 3271 777 3326 aitV
833 3270 892 3340 peti
916 3270 941 3324 V
990 3273 1043 3324 da
1060 3270 1095 3324 do
1122 3271 1145 3324 V
1194 3271 1266 3324 hanc
1284 3272 1419 3339 requiram

285 3379 333 3414 om.
352 3361 378 3414 R
431 3360 592 3414 bomnibus
621 3359 716 3412 diebus
740 3359 765 3412 V
788 3359 823 3426 cs.
850 3359 971 3420 mutarier
998 3357 1036 3423 II,
1060 3355 1102 3410 52
1128 3374 1224 3412 omues
1247 3358 1307 3412 dies
1325 3355 1422 3411 RPTE
1526 3330 1527 3411 l

284 3453 301 3503 c
319 3449 490 3501 normarum
509 3445 544 3498 P¹
562 3447 596 3514 cf.
619 3429 738 3498 rotare?
756 3446 773 3498 r.
792 3462 812 3498 c.
832 3444 996 3498 directiones
1013 3462 1084 3514 apr.
1102 3461 1152 3497 scr.
1170 3461 1204 3498 m,
1222 3445 1243 3496 2
1263 3445 1290 3498 r>
1305 3445 1419 3499 uerea-

283 3535 374 3588 tiones
400 3533 481 3587 RTE
539 3531 747 3587 Stabernaculi
766 3532 817 3584 PT
840 3531 1019 3598 (σκηνώματος
1053 3530 1143 3596 LXX)
1168 3530 1346 3586 habitationis
1372 3529 1422 3584 RE
1526 3548 1527 3603 J

283 3620 475 3676 desiderabilis
494 3625 537 3674 est
562 3620 584 3672 1'
635 3619 716 3673 ahie
735 3646 768 3656 —
786 3618 925 3673 laetabilis
943 3637 992 3672 om.
1018 3618 1040 3672 V
1091 3618 1202 3672 auditus
1221 3619 1277 3672 RE
1293 3615 1421 3672 adium?

283 3707 377 3762 aditur
396 3708 422 3760 P
474 3709 505 3760 10
524 3711 666 3791 extructos
685 3705 708 3768 (s
727 3708 754 3758 in
772 3704 862 3759 ras..3
881 3706 940 3770 litt.)
961 3707 986 3758 ll
1037 3705 1067 3758 id
1085 3722 1153 3774 opus
1179 3706 1203 3758 Γ
1255 3709 1285 3760 ll
1304 3723 1320 3758 a
1338 3702 1420 3772 moysi
1526 3740 1527 3745 η

289 3813 310 3865 l’
328 3830 344 3865 a
362 3828 474 3881 moysen
494 3812 520 3864 P
572 3813 604 3864 12
622 3810 652 3862 in
675 3809 894 3878 martyribusV
945 3811 978 3864 18
995 3809 1036 3862 hii
1059 3808 1108 3862 VT
1159 3809 1379 3864 aedificatoribus
1401 3806 1423 3857 V

284 3904 317 3954 14
334 3900 399 3954 hinc
417 3899 530 3953 llPhic
554 3898 671 3952 VbiiT
688 3899 758 3951 hiE
807 3898 892 3966 pedes
916 3898 1018 3951 VPTE
1032 3897 1150 3966 pedibus
1170 3898 1259 3951 Rsed
1274 3899 1308 3966 ct.
1326 3899 1371 3949 lisa
1388 3893 1418 3947 17

282 3998 305 4041 et
318 3989 399 4041 Accd.
410 4006 438 4058 p.
451 3986 496 4054 31,
508 3987 572 4056 infr.
584 3985 651 4050 573,
667 3985 706 4040 26
759 3985 886 4039 custodes
910 3985 986 4037 VRT
1001 3985 1123 4038 custodis
1142 3985 1168 4038 P
1221 3988 1253 4040 17
1270 3981 1418 4053 pulchrill

285 4077 315 4128 19
333 4075 385 4127 bac
403 4091 438 4127 ne
455 4073 492 4126 R¹
511 4091 545 4126 an
565 4074 615 4125 PT
667 4071 1101 4140 incompotestbierusclernl’s
1145 4073 1260 4141 bonnae
1270 4075 1416 4125 terrena-

280 4161 447 4214 hierusalem
464 4177 513 4212 our.
532 4160 582 4212 ΡΤ
632 4161 666 4214 93
684 4159 855 4213 tabernaculi
872 4157 1021 4211 instructio
1034 4157 1084 4210 PT
1135 4162 1264 4212 aeternae
1281 4157 1356 4210 illius
1371 4156 1418 4208 ΡΤ

280 4249 315 4310 24
334 4247 399 4314 qnia
415 4245 454 4312 (et
472 4244 531 4312 om.)
550 4247 583 4300 R.
