3075 4967
286 271 348 337 506
631 271 748 324 sancti
767 269 901 324 Hilarii
920 268 1082 338 episcopi

287 461 414 527 exsistit.
461 465 599 526 ceterum
622 479 713 525 nemo
736 460 849 540 poterit
877 460 1019 544 ignorata
1053 459 1168 524 mirari.
1213 456 1283 523 haec
1315 458 1415 522 idcirco

286 570 377 632 autea
400 571 643 630 commemorata
665 569 744 642 sunt,
774 572 808 629 ut
838 562 1016 648 diligentius
1047 562 1120 628 dicti
1150 561 1323 645 prophetici
1351 562 1418 626 ratio

285 675 483 754 quaereretur.
530 675 636 736 contra
670 668 848 751 opinionem
884 668 969 734 enim
1003 667 1158 752 generabo
1181 686 1292 732 sensus
1315 667 1420 732 diuisa

283 773 351 838 haec
403 773 614 840 existimatur:
660 773 872 838 mirabilia
928 771 1169 838 testimonia
1214 778 1295 850 tua;
1340 771 1421 836 ideo

245 885 469 944 sscrutata
507 885 567 943 cst
604 879 736 942 anima
773 896 866 942 mea.
918 896 991 940 uam
1029 896 1100 941 cum
1137 876 1224 957 prius
1257 875 1422 942 secuudum

283 981 452 1046 humanam
487 983 744 1048 consuetudinem
777 987 920 1065 oporteat
952 978 1138 1062 perscrutari
1171 980 1371 1060 strepente,
1398 985 1424 1044 et

284 1093 407 1169 reperta
430 1086 552 1151 mirari:
583 1086 655 1152 huic
678 1085 856 1151 testimonia
886 1085 1000 1149 domini
1031 1091 1103 1150 aute
1132 1083 1329 1150 admirabilia
1358 1094 1424 1149 sunt

285 1197 315 1256 et
338 1189 377 1254 ob
400 1190 432 1255 id
454 1190 698 1271 perscrutatione
721 1196 794 1255 sunt
816 1188 920 1272 digna
965 1188 1039 1254 dicti
1063 1193 1167 1253 autem
1191 1187 1282 1252 huius
1302 1187 1423 1268 perlecti
1522 1224 1526 1237 ·

285 1301 315 1359 et
337 1293 537 1375 pulcherrimi
561 1313 596 1359 ca
618 1295 696 1360 ratio
720 1301 775 1360 est
820 1293 997 1360 testimonia
1028 1292 1144 1358 etenim
1167 1292 1226 1369 dei,
1260 1292 1292 1356 id
1317 1297 1365 1357 est
1385 1312 1423 1368 aa

233 1424 257 1460 ιο
286 1417 354 1480 quae
377 1397 435 1464 sub
460 1399 589 1464 testibus
613 1399 726 1478 scripta
749 1408 829 1473 sunt
859 1397 981 1462 etiamsi
1010 1416 1067 1479 per
1095 1397 1328 1461 obseruantiam
1350 1395 1423 1480 legis

284 1501 455 1567 humanam
488 1501 699 1568 infirmitatem
734 1503 774 1566 ad
807 1501 1016 1585 cognitionem
1048 1507 1079 1566 et
1109 1498 1287 1564 famulatum
1310 1500 1361 1565 dei
1382 1500 1421 1563 in·

285 1605 389 1684 buant,
420 1607 532 1688 quippe
562 1606 615 1672 ubi
647 1606 782 1683 castitas,
824 1605 929 1686 pietas,
967 1605 1121 1685 pudicitia,
1151 1603 1274 1682 caritas,
1304 1605 1422 1679 ueritas

285 1710 468 1789 innocentia,
507 1709 667 1794 frugalitas
706 1716 737 1774 et
773 1709 882 1792 religio
920 1710 1083 1774 mandatur
1120 1716 1152 1774 et
1188 1728 1244 1789 per
1276 1707 1421 1792 quasdam

285 1813 472 1898 religionum
488 1815 724 1880 consuetudines
736 1812 970 1896 hostiammque
983 1812 1179 1878 diuersitates
1191 1812 1287 1877 diuini
1302 1811 1421 1878 honoris

234 1942 260 1979 aa
287 1917 424 1984 officium
446 1918 630 1999 praecipitur,
652 1919 685 1982 in
708 1918 820 2002 quibus
854 1937 924 1983 cum
958 1916 1121 1982 admiratio
1155 1935 1272 2000 magua
1304 1917 1346 1981 sit
1372 1935 1420 1997 pro

286 2023 419 2103 peccatis
443 2021 545 2087 oblata
566 2020 668 2088 hostia
691 2030 721 2086 ot
745 2022 852 2086 datum
874 2041 930 2105 pro
953 2021 1166 2101 redemptione
1188 2020 1301 2084 animae
1317 2038 1420 2085 munus

286 2135 316 2192 et
339 2145 438 2210 agnus
460 2127 492 2191 in
515 2133 709 2191 sacramento
731 2124 857 2206 paschae
880 2125 1014 2190 occisus:
1046 2132 1150 2190 amen
1172 2125 1204 2188 iu
1227 2123 1277 2189 his
1299 2124 1367 2205 plus
1388 2143 1420 2188 er

284 2231 456 2296 futurorum
491 2249 546 2313 spe
581 2237 673 2312 atque
712 2230 851 2294 doctriua
887 2228 1099 2294 admirationis
1136 2229 1317 2294 continetur.
1361 2226 1422 2292 hac

286 2336 389 2419 itaque
408 2331 567 2418 prophetae
583 2333 657 2399 huic
672 2333 869 2398 admirabilia
884 2339 966 2398 suut.
1012 2333 1067 2398 sed
1084 2333 1157 2417 quia
1170 2351 1226 2413 pcr
1241 2341 1420 2414 praesentem

235 2465 260 2502 2⁰
287 2437 524 2504 admirationem
552 2438 724 2503 futurorum
748 2444 841 2521 atque
863 2445 1048 2503 aetemcrum
1072 2438 1222 2502 bonorum
1244 2434 1421 2520 exemplari·

287 2543 343 2608 bus
359 2540 553 2608 admirabilia
571 2550 650 2620 sunt,
666 2548 877 2623 perscrutatur
892 2562 938 2606 aa.
983 2560 1043 2606 non
1060 2541 1191 2624 inquirit
1205 2539 1421 2615 tantummodo,

284 2647 316 2711 in
341 2665 400 2730 quo
424 2655 471 2711 est
493 2665 597 2712 rerum
620 2646 869 2711 absconditarum
900 2644 1036 2729 diligens
1065 2644 1243 2728 exquisitim
1278 2645 1337 2710 sed
1358 2663 1422 2724 por-

286 2756 439 2815 scrutatur
462 2743 563 2828 etiam,
597 2771 653 2831 per
675 2751 882 2815 adiectionem
912 2748 1032 2814 scilicet
1061 2747 1269 2832 diligentioris
1292 2747 1420 2832 exquisi-

286 2855 377 2919 tionis
410 2852 548 2919 laborem
583 2873 673 2919 suum
708 2854 739 2918 in
773 2853 1019 2935 perscrutatione
1053 2853 1281 2918 demonstrans.
1325 2870 1420 2935 nequo

234 2981 259 3019 aa
287 2957 500 3023 antummodo
522 2965 739 3039 perscrutatur,
763 2959 818 3022 sed
841 2963 1053 3038 perscrutatur
1076 2957 1244 3032 exanima
1268 2957 1307 3021 ad
1324 2954 1422 3020 uolun-

287 3063 357 3126 tatis
381 3061 517 3128 officium
540 3062 651 3126 animae
674 3063 845 3128 intentione
868 3062 994 3126 sociata.

329 3191 428 3242 2ante
448 3191 470 3242 C'
520 3189 649 3258 prosatici
668 3208 698 3242 ex
715 3189 818 3258 profati
836 3208 868 3244 m.
888 3188 908 3242 2
932 3189 956 3242 V
1004 3188 1109 3246 dhaec
1126 3206 1176 3241 om.
1193 3187 1221 3242 V
1269 3187 1423 3242 testimonia

286 3283 334 3330 tua
352 3274 463 3329 domine
478 3277 528 3346 pE
555 3275 614 3340 (sed
634 3275 744 3330 domine
763 3287 791 3330 at
808 3279 835 3329 r'n
853 3279 906 3330 cod.
930 3276 1004 3329 VRC
1019 3278 1056 3329 ito
1073 3277 1101 3328 ia
1120 3286 1180 3329 test.
1198 3293 1267 3328 socr.
1283 3293 1324 3344 pr.
1342 3285 1365 3328 et
1380 3275 1421 3325 raa

286 3361 367 3428 abeat)
422 3363 578 3416 5scrutata
605 3369 647 3417 est
673 3379 741 3433 sap
768 3368 943 3431 perscrutata
971 3367 1013 3416 est
1040 3379 1073 3415 sa
1099 3363 1129 3414 E
1179 3361 1355 3431 drepperire
1377 3359 1420 3413 VR

287 3449 335 3520 (cs.
354 3451 429 3503 Neue
446 3449 576 3502 Formanl.
594 3449 634 3516 ΙΙ,
648 3447 715 3516 473)
769 3449 869 3503 ἹΙιιιίο
888 3466 936 3502 cm.
952 3468 987 3520 pe
1039 3453 1121 3502 autea
1138 3448 1316 3502 mirabiliaC
1362 3444 1422 3500 sid

287 3539 314 3589 io
332 3555 398 3590 aera.
418 3546 521 3590 morata
539 3538 598 3590 odd.
618 3555 650 3588 m.
668 3534 689 3589 3
706 3537 732 3589 R
786 3542 851 3590 sunt
874 3537 959 3605 digua
985 3554 1016 3589 es
1041 3540 1106 3589 sunt
1132 3540 1162 3590 st
1187 3535 1234 3590 obi
1260 3534 1344 3604 digua
1359 3550 1421 3586 cor-r·

286 3641 318 3676 m.
338 3623 401 3678 2V
450 3624 484 3678 lo
501 3623 552 3676 sub
570 3623 688 3676 testibus
706 3641 736 3676 aa
754 3623 804 3676 sub
822 3621 981 3676 testimonia
998 3640 1064 3676 corr.
1074 3619 1178 3676 m.2V
1228 3623 1260 3676 11
1279 3621 1420 3674 humanam

287 3729 316 3764 err
333 3710 470 3764 humanas
489 3729 520 3762 m.
540 3707 560 3761 2
583 3709 608 3761 V
658 3707 790 3763 firmitate
814 3709 840 3764 V
889 3710 923 3762 12
940 3708 1030 3779 pictas
1056 3710 1117 3762 odd.
1144 3727 1177 3762 m.
1205 3707 1224 3761 1
1252 3708 1279 3760 V
1325 3705 1421 3760 caritas

287 3815 335 3851 om.
351 3815 386 3868 pe
439 3799 472 3850 18
489 3795 677 3850 mandatust*
727 3801 755 3850 et
773 3813 821 3849 om.
846 3795 872 3848 V
903 3812 953 3864 per
971 3815 1000 3849 ea
1018 3799 1048 3849 et
1065 3793 1137 3848 aa?
1160 3795 1186 3848 V
1237 3797 1269 3850 16
1287 3811 1347 3848 omn
1363 3791 1421 3844 add.

287 3901 319 3936 m.
339 3883 359 3936 2
376 3883 402 3937 V
452 3885 484 3937 16
503 3883 635 3936 donatum
654 3901 683 3935 er
701 3883 853 3937 donuctum
868 3883 892 3935 V
944 3884 976 3936 17
995 3898 1030 3936 ex
1047 3880 1204 3936 futurorum
1223 3900 1255 3935 aa:
1271 3897 1306 3936 ex
1321 3880 1422 3933 futuro·

287 3970 377 4038 adque
396 3987 461 4022 corr.
480 3987 513 4022 m.
530 3968 550 4022 2
571 3969 644 4022 Vde
662 3969 819 4023 futurorum
833 3971 861 4020 Ε
913 3970 945 4023 18
964 3985 1040 4038 spem
1058 3967 1148 4037 adque
1166 3968 1321 4023 doctrinam
1337 3965 1421 4031 adque

287 4088 350 4155 (del.
369 4089 402 4156 2)
421 4090 612 4145 admirationis
635 4090 660 4144 V
711 4094 744 4145 19
767 4109 818 4160 psr
844 4109 892 4145 om.
914 4109 949 4162 ps
1001 4094 1160 4160 praesentes
1183 4089 1376 4144 admiratione!
1389 4100 1423 4153 pe

286 4179 318 4231 21
338 4183 529 4246 perscrutatur
548 4197 577 4232 er
594 4177 812 4246 pericscrutstur
830 4197 862 4232 m.
882 4179 899 4231 1
922 4179 947 4231 V
997 4179 1031 4231 23
1050 4177 1074 4231 ἁ
1092 4176 1201 4231 scilicet
1215 4181 1238 4229 (¹
1287 4177 1424 4230 adarca

287 4268 370 4334 sudp
422 4265 457 4318 25
476 4263 523 4318 sed
541 4268 732 4333 perscrutatur
751 4267 811 4319 cdd.
830 4263 902 4319 aa?
925 4265 950 4317 V
1000 4280 1034 4318 ex
1052 4263 1143 4317 animo
1167 4263 1196 4318 V.
