3075 4967
386 325 568 376 tractatus
591 321 626 375 in
643 322 816 392 psalmum
834 319 945 376 van.
1174 319 1237 386 309

108 513 196 596 petris
217 514 255 578 sit
277 551 317 562 —
340 513 637 580 consummationem
668 513 819 593 temporis
842 511 934 576 huius
957 518 1081 596 exoptet
1113 512 1235 577 dicens:

109 619 172 684 deo
204 638 326 703 regna
363 625 498 682 terrae:
537 623 701 682 cantate
738 616 820 695 deo,
856 616 1029 700 psallite
1063 616 1236 682 domino.

107 742 206 787 omnes
237 722 353 788 scilicet
387 723 427 787 ed
459 723 633 787 cudendum
657 722 715 787 deo
750 741 788 786 so
817 719 1011 803 psallendum
1045 721 1235 798 adhortatur,

106 826 149 891 uel
180 825 248 910 quis
281 827 379 893 salute
413 828 549 892 omnium
583 824 763 907 prophetica
797 825 1002 891 sollieitudine
1025 824 1151 902 laetetur,
1184 824 1235 890 uel

105 931 203 1015 regnis
228 932 371 997 omnibus
402 931 492 995 deurn
523 929 786 1014 cognoscentibus
815 930 905 1014 regni
934 929 1066 995 celestis
1086 928 1236 1016 ,euomuit
1273 952 1287 992 s

107 1035 257 1100 sternite-s.

145 1139 192 1204 34.
215 1141 315 1223 Atque
337 1146 372 1204 ut
394 1139 425 1202 in
449 1137 560 1204 ceteris
583 1137 670 1219 solet,
693 1157 776 1203 nnnc
801 1157 930 1222 quoque,
946 1138 995 1203 cui
1018 1139 1077 1204 deo
1094 1138 1233 1202 domino-

107 1262 159 1324 que
180 1244 365 1309 canendum
382 1241 638 1326 psallendumque
655 1248 747 1321 esset,
764 1243 900 1308 ostendit
914 1243 1039 1308 dicens:
1061 1241 1234 1326 psallite

107 1346 176 1424 deo,
200 1348 263 1431 qui
286 1347 476 1414 escendit
507 1366 628 1427 super
661 1346 783 1412 creles
816 1345 906 1411 oceli
938 1347 987 1411 ed
1017 1345 1233 1425 orientem3

106 1449 188 1516 eoc‘e
210 1451 323 1516 debit
344 1470 482 1516 nocem
506 1470 623 1528 susm,
646 1470 785 1516 uocem
807 1450 988 1515 uirtutis.
1032 1456 1234 1533 conpetenter
1260 1474 1285 1511 ro

105 1573 176 1619 nunc
198 1555 391 1620 ascendentis
426 1574 548 1636 super
581 1554 716 1619 celum
753 1553 843 1620 creii
878 1555 924 1618 ed
953 1554 1152 1620 orientem
1181 1555 1232 1621 dei

106 1655 192 1722 honor
224 1660 375 1740 poscitur:
409 1665 451 1736 nt,
486 1658 558 1742 quie
591 1659 731 1742 superius
769 1659 943 1744 significate
976 1658 1134 1723 humilitus
1167 1657 1232 1724 eius

105 1760 208 1840 suisset
241 1782 311 1827 cum
345 1762 396 1828 uel
429 1782 523 1843 super
555 1782 700 1828 occasum
723 1763 862 1828 ascendit
895 1761 945 1826 uel
977 1762 1091 1828 exitum
1124 1763 1233 1828 mortis

104 1867 256 1948 egreditur,
272 1887 364 1945 nunc,
380 1867 431 1931 nbi
448 1886 510 1931 non
525 1866 643 1944 caelnm,
663 1867 720 1932 sed
744 1866 883 1932 oaelum
907 1867 994 1932 caeli
1018 1881 1233 1951 transgressus

105 1987 162 2034 csse
182 1971 318 2048 notescit,
351 1970 520 2035 diuinitatis
543 1989 579 2036 ec
603 1970 842 2055 magnificentiae
865 1971 931 2036 eius
956 1991 1016 2035 non
1038 1971 1233 2056 ignoraretur
1260 1992 1286 2030 1⁵

105 2076 252 2140 eternitas.
298 2077 345 2140 sd
377 2075 578 2140 orientem
613 2095 686 2140 uero
716 2075 840 2152 idcireo,
871 2076 943 2160 quie
972 2076 1039 2156 ipse
1061 2078 1232 2142 secundum

106 2178 269 2259 prophetam
294 2179 432 2245 oriens
467 2200 510 2244 ex
543 2177 625 2243 alto
657 2179 718 2258 sit,
748 2189 782 2243 ut
804 2199 966 2263 regressus
990 2200 1032 2257 eo,
1062 2180 1145 2245 unde
1179 2180 1232 2245 de·

105 2286 252 2348 scenderut
285 2283 397 2360 oriens,
431 2289 608 2348 nosceretur
641 2281 769 2366 ipseque
805 2284 845 2347 sit
879 2283 1057 2348 hominibus
1087 2285 1119 2348 in
1149 2283 1232 2348 huuc

105 2385 219 2452 celestis
242 2387 326 2452 sedis
349 2406 512 2452 ascensum
535 2405 659 2451 rursum
683 2393 788 2452 errctor
810 2387 941 2454 oriundi.

140 2491 185 2556 35.
207 2491 287 2556 Nem
323 2492 456 2574 idipsum
490 2510 624 2575 sequens
658 2510 759 2556 sermo
794 2490 958 2576 significet,
996 2511 1066 2557 curn
1104 2493 1230 2557 dicitur:
1259 2511 1284 2548 20

105 2613 184 2660 ecce
207 2595 320 2660 dubit
342 2615 480 2660 uocem
504 2615 622 2673 suurn,
645 2615 781 2661 uocem
806 2597 987 2660 uirtutis.
1032 2599 1062 2660 in
1086 2596 1232 2662 omnibus

106 2699 224 2780 quidem,
247 2719 452 2784 quaeeumque
473 2700 505 2764 in
529 2718 657 2780 corpore
689 2719 819 2764 manens
842 2701 948 2784 gessit
976 2701 1098 2766 uirtutis
1120 2720 1232 2766 uocem

106 2801 191 2882 dedit;
214 2823 285 2870 oum
302 2803 472 2888 paralytico
489 2803 577 2868 dicit:
601 2822 724 2887 surge
748 2810 785 2869 et
808 2803 976 2883 ambulo,
991 2823 1062 2870 cum
1078 2804 1230 2870 Lucerum

140 2993 166 3048 u
182 2995 263 3049 zeon.
282 2995 330 3064 111,
349 2994 446 3061 e;,v1‚
466 2997 514 3060 123
533 2995 600 3048 nuo.
620 2994 641 3063 r,
660 2995 703 3049 rs.
739 2997 775 3050 se
792 2995 890 3048 Meton.
911 2996 958 3062 rx,
977 2995 994 3047 s
1011 3013 1051 3063 sq.

141 3169 403 3224 lcondrmationem
431 3187 461 3222 ec
488 3169 754 3223 consummationem
782 3188 814 3222 m.
841 3168 862 3222 2
885 3169 910 3223 1'
959 3171 1029 3224 udo
1051 3180 1110 3240 poet
1135 3170 1229 3223 diocns

106 3257 200 3309 eron
252 3255 432 3325 &psallites
485 3257 610 3310 3omnis
627 3257 667 3308 Va
721 3273 752 3310 ec
772 3275 801 3310 cr
818 3256 870 3310 hoe
889 3257 915 3309 R
966 3257 1090 3310 dsslute
1109 3256 1135 3309 P
1184 3257 1231 3311 uel

106 3391 158 3456 quis
173 3395 263 3462 regnis
283 3397 312 3448 E
363 3395 477 3464 bregni
502 3355 665 3478 caelestioius
690 3397 714 3450 V
735 3414 784 3449 om.
809 3397 834 3448 R
886 3346 1082 3450 succederetV
1132 3397 1231 3448 icum

106 3543 173 3602 deoc
223 3549 398 3604 Beautondu
425 3569 455 3603 cr
481 3549 593 3605 canuti
621 3571 653 3604 m.
681 3551 701 3604 2
725 3553 750 3604 V
784 3509 1009 3619 psedendumque
1034 3551 1058 3605 Γ
1107 3551 1231 3606 ostendit

105 3635 153 3687 odd.
169 3653 200 3688 m.
219 3636 238 3688 2
257 3637 280 3690 i'
330 3636 417 3690 9deo
435 3641 488 3689 nio
507 3639 554 3705 qui
571 3639 596 3691 R
648 3655 731 3708 snper
749 3639 856 3692 coelum
876 3638 977 3691 coelic
1031 3641 1063 3693 10
1081 3642 1230 3707 conpeten-

105 3774 279 3830 ier-uocem
288 3774 401 3828 uirtutis
411 3777 475 3846 irffr.
489 3777 533 3828 lin.
547 3773 584 3828 21
597 3776 689 3829 onr.V
740 3767 774 3830 12
790 3723 873 3830 honor
890 3795 957 3830 corr.
977 3796 1008 3830 m.
1035 3776 1095 3830 IR
1148 3795 1229 3847 supe·
1258 3800 1261 3809 ·

105 3858 189 3912 rius—
199 3862 316 3916 oumuel
326 3879 374 3915 om.
388 3863 415 3916 P
467 3863 500 3918 13
514 3873 574 3933 post
584 3865 689 3917 exitum
699 3862 718 3915 3
728 3864 783 3917 litt.
793 3883 859 3918 cros.
870 3865 895 3917 n
950 3867 984 3918 14
1000 3881 1050 3933 egr
1060 3885 1094 3914 ⁷-
1104 3863 1196 3918 editur
1206 3865 1233 3917 P

107 3945 132 3996 15
150 3949 269 4003 notescit.
289 3947 316 4001 P
330 3949 365 4018 cf.
381 3951 445 4020 ptis.
466 3951 528 4003 Abit.
547 3951 564 4002 I
570 3951 593 4004 V
604 3969 632 4021 p.
652 3949 691 4004 63
709 3952 865 4005 notescitur
882 3952 908 4005 R
925 3951 1080 4004 noscitare
1136 3953 1168 4005 17
1195 3967 1230 4004 ex

106 4031 151 4085 ulto
167 4035 218 4088 sint
241 4051 382 4104 regressus
400 4037 426 4089 R
481 4037 513 4091 18
530 4037 623 4090 oriens
639 4047 698 4106 post
714 4036 897 4092 descenderet
913 4056 962 4091 om.
975 4038 1014 4091 Pd
1067 4043 1229 4093 nosceretur

106 4133 130 4170 a
143 4127 294 4176 moeretur
321 4140 354 4178 m.
383 4122 400 4174 1
419 4123 444 4176 R
496 4124 654 4178 hominibus
682 4143 713 4178 ec
739 4125 867 4178 omnibus
894 4143 928 4178 m.
955 4126 972 4178 1
994 4126 1019 4178 R
1046 4125 1173 4179 omnibus
1192 4126 1229 4178 Pe

107 4205 133 4256 19
156 4224 273 4262 ascensus
301 4208 328 4261 P
389 4227 483 4263 rursus
511 4211 564 4262 PE
623 4213 654 4263 21
684 4228 761 4264 sunm
788 4238 823 4248 -
848 4211 879 4264 in
908 4212 1035 4265 omnibus
1065 4214 1092 4264 in
1122 4231 1174 4266 rur.
1205 4212 1232 4266 P

106 4290 134 4344 23
149 4293 210 4348 dicit
227 4313 273 4349 om.
292 4295 324 4350 P.
