3075 4967
295 279 358 344 290
636 280 754 334 sancti
773 279 910 334 Hilarii
928 281 1093 369 episcopi

296 505 337 515 -
360 468 417 534 hos
441 471 471 535 in
495 469 618 536 Selmon
640 485 733 554 reges
757 490 852 549 super
874 471 1002 535 domum
1025 489 1124 547 suam,
1148 490 1204 550 per
1227 490 1304 554 quos
1327 470 1425 535 diuisis

201 633 205 638 .
296 572 401 652 spoliis
423 574 590 652 omnbitur,
621 573 778 639 exalbatos
808 573 879 638 niue
913 574 1057 654 disponet
1089 575 1120 638 in
1154 593 1255 659 reges.
1299 575 1426 640 fectus

296 684 357 742 est
379 678 542 743 enimin
569 698 663 759 poce
685 677 799 743 locus
823 679 910 742 eius
933 683 964 742 et
993 677 1243 758 phoenicium
1266 679 1424 744 secuudum

298 779 423 847 lisoium
439 788 480 847 ut
501 782 568 846 nix
582 781 851 848 dealbabitur.
875 782 930 846 sed
941 801 1032 866 reges
1045 802 1172 848 neeesse
1184 791 1239 859 est,
1252 802 1347 863 penes
1358 802 1427 867 quoe

257 911 269 945 e
296 885 336 950 sit
359 887 469 952 domus
492 885 697 968 pulchritudo,
720 885 802 951 ultre
825 887 993 951 candorem
1014 886 1096 951 niuis
1119 906 1189 952 esse
1212 887 1361 970 praestari.
1383 885 1429 950 lux

296 989 379 1054 enim
402 991 511 1055 muudi
534 997 621 1068 suut;
645 998 675 1056 et
698 990 830 1074 quisque
852 990 967 1074 dignus
992 990 1051 1054 erit
1065 1009 1137 1056 cum
1154 991 1279 1056 domino
1302 997 1429 1055 montem

297 1094 385 1177 regni
409 1093 539 1160 eoelestis
562 1094 753 1169 inscendere,
777 1115 872 1174 super
894 1094 999 1159 niuem
1022 1093 1231 1161 dealbabitur:
1263 1096 1337 1178 quia
1364 1114 1430 1160 cum
1527 1136 1528 1139 =

296 1217 330 1264 ee
354 1198 499 1278 apostolis
521 1200 552 1264 in
583 1198 700 1279 babitu,
731 1219 792 1282 quo
822 1218 895 1264 cum
925 1198 1042 1266 sanctis
1071 1206 1319 1282 conregnaturus
1348 1210 1431 1274 esset
1527 1266 1528 1269 ,

296 1303 438 1378 ostendit,
460 1303 647 1370 uestimenta
670 1303 735 1368 eius
758 1322 852 1383 super
874 1303 980 1368 niuem
1002 1300 1074 1368 alba
1089 1309 1161 1368 eunt
1175 1303 1252 1368 uisa.
1299 1302 1349 1368 bic
1363 1321 1432 1385 ergo

245 1433 269 1467 ιο
296 1427 387 1472 mone
410 1413 440 1472 et
462 1407 520 1472 lroc
542 1427 674 1490 regnum
698 1409 755 1472 deo
779 1406 864 1486 pacis
887 1418 943 1471 eet.

343 1511 392 1576 15.
415 1511 477 1576 Sed
499 1511 638 1595 plerique
662 1517 741 1588 sunt,
764 1512 817 1595 qui
842 1510 979 1576 ecclesiae
1002 1529 1114 1592 pacem
1138 1511 1195 1576 sub
1223 1510 1432 1577 haereticomm

296 1616 447 1682 consortio
478 1617 673 1692 mentiuntur,
703 1615 909 1681 dissoluentes
942 1616 1013 1680 noui
1047 1634 1084 1680 ec
1113 1615 1228 1681 ueteris
1262 1614 1433 1681 testamenti

296 1738 443 1786 conexam
480 1720 539 1784 sibi
574 1720 830 1803 coniunctamque
863 1719 1026 1794 rationem,
1061 1721 1136 1785 dum
1169 1717 1311 1803 plerique
1345 1719 1433 1783 elium

297 1823 538 1908 euangeliorum,
563 1822 658 1888 alium
682 1825 775 1888 deum
799 1823 878 1908 legis
901 1823 1064 1906 effingunt.
1109 1823 1247 1889 nonnulli
1278 1843 1353 1889 uero
1385 1823 1433 1887 ad·

246 1949 269 1986 1⁶
296 1948 423 1993 uersum
446 1927 595 2012 unigeniti
620 1927 668 1992 dei
693 1939 838 1992 naturam
861 1947 1037 2011 nomenque
1059 1928 1219 1994 uenientes
1241 1947 1279 1993 ex
1302 1937 1434 2007 temporo

297 2038 401 2097 natum
436 2030 535 2097 solum
569 2031 729 2097 hominem
762 2031 954 2109 confitentur,
988 2051 1091 2114 neque
1125 2053 1162 2097 er
1195 2032 1296 2097 torma
1327 2031 1376 2097 dei
1405 2031 1434 2094 in

297 2133 429 2201 formem
452 2136 533 2202 serui
557 2155 626 2202 esse
650 2136 826 2209 deductum,
849 2138 906 2201 sed
928 2157 965 2200 er
988 2136 1088 2201 forme
1115 2137 1198 2202 serui
1222 2145 1342 2202 tantum
1371 2155 1436 2202 esse
1527 2192 1528 2197 ,

296 2239 426 2320 copioso
450 2238 639 2324 confingunt.
685 2238 791 2320 plures
813 2249 918 2305 autem
941 2259 1001 2305 non
1035 2261 1118 2305 uerae
1142 2240 1315 2306 diuinitatis
1348 2241 1437 2305 deum

297 2363 398 2426 neque
437 2365 474 2408 ex
519 2353 655 2424 paternae
701 2344 872 2409 maiestatis
916 2349 1099 2427 naturaeque
1143 2344 1332 2427 proprietate
1369 2344 1436 2410 sub

245 2467 269 2504 os
297 2447 406 2514 sistere
429 2447 600 2512 disserunt:
624 2448 680 2513 sed
704 2456 839 2512 extemae
862 2448 1043 2513 substentiae
1067 2447 1188 2532 deoque
1203 2449 1347 2526 diuersa,
1370 2467 1435 2530 quae

297 2552 327 2615 in
358 2551 554 2633 adoptionem
588 2551 642 2617 lilii
678 2551 776 2618 electu
808 2551 857 2628 sit
890 2554 984 2618 modo
1017 2562 1228 2617 creaturarum
1263 2573 1301 2616 ex
1335 2551 1436 2618 nibilo.

296 2655 408 2738 quibus
438 2654 520 2720 nullo
550 2656 637 2740 origo
668 2655 802 2722 anterior
835 2656 883 2733 sit,
918 2656 1097 2722 constiterit.
1142 2655 1247 2736 plures
1281 2657 1376 2721 etium
1407 2654 1436 2718 in

296 2778 406 2839 corpus
431 2765 523 2842 atque
546 2781 582 2825 er
606 2780 640 2824 se
666 2765 844 2840 protensum
860 2765 1161 2843 permanentemque
1177 2768 1296 2840 patrem
1314 2759 1438 2843 loquen-

296 2875 353 2935 tur,
377 2871 411 2927 ut
434 2863 609 2944 adsumptio
631 2863 681 2928 illo
706 2864 809 2929 cernis
832 2883 868 2927 ex
892 2863 1013 2948 uirgine
1043 2862 1098 2928 tilii
1130 2884 1241 2929 nomen
1277 2863 1438 2945 acceperit,

245 2986 269 3022 oe
298 2987 358 3031 non
380 2967 432 3051 qui
456 2974 548 3032 antee
570 2975 636 3034 erat
658 2968 707 3033 dei
732 2967 824 3046 lilius,
848 2968 931 3033 idem
955 2967 1090 3032 hominis
1121 2967 1203 3032 lilius
1233 2969 1273 3033 sit
1296 2974 1387 3032 natus
1409 2968 1436 3030 in

297 3089 431 3151 corpore.
476 3081 506 3136 et
529 3073 654 3154 quidem
677 3072 782 3136 omnia
806 3071 874 3137 haec
896 3071 934 3136 od
954 3072 1090 3152 speciem
1109 3071 1253 3136 humanae
1269 3071 1437 3152 prudentior

338 3205 355 3254 ‘A
374 3202 415 3256 Pe.
434 3201 542 3270 LXXV,
562 3205 585 3256 3.
621 3207 638 3257 3
657 3202 729 3256 Esai.
748 3204 769 3270 1,
791 3205 831 3258 18.

1100 3325 1114 3352 λ

340 3368 446 3437 lregis
464 3367 490 3420 V
539 3363 636 3420 diuisis
661 3386 691 3420 cx
714 3368 787 3421 diuis
806 3387 839 3420 cn.
858 3367 878 3420 :2
896 3368 923 3420 Ρ
972 3367 1154 3422 Vernabitur
1172 3368 1198 3419 Τ
1249 3367 1407 3421 ΒοεῐΞΒ
1422 3364 1437 3416 ὃ

294 3472 366 3524 supr.
384 3472 433 3508 eor.
453 3454 479 3507 P
528 3453 649 3508 foenicid
667 3454 712 3520 (ex
730 3455 861 3508 leuioium
881 3473 912 3506 m.
926 3456 942 3507 l
956 3453 994 3517 R)
1019 3454 1068 3507 VR
1085 3453 1190 3507 fenieid
1208 3454 1235 3506 P
1265 3451 1439 3508 4eseiamV

296 3541 391 3594 isaiam
416 3541 506 3594 RPTb
559 3557 659 3611 paones
683 3540 825 3610 Vpoenes
844 3542 870 3594 12
921 3540 1054 3595 bdomus
1072 3543 1133 3593 add.
1151 3559 1184 3594 m.
1204 3538 1267 3592 211
1316 3539 1438 3608 dquirq.

301 3627 613 3696 anieqanisqu'
665 3627 861 3682 ‘linacendere
880 3647 910 3680 ez
928 3627 1060 3681 scendere
1078 3627 1105 3679 P
1119 3627 1269 3681 ascendere
1278 3627 1334 3679 TE
1379 3641 1438 3679 cum

296 3731 325 3768 re
343 3715 377 3769 ab
396 3715 526 3783 apostolis
540 3715 593 3768 ΗΡ
608 3731 671 3769 eum
689 3731 718 3769 se
735 3716 771 3770 eb
789 3716 921 3783 apostolia
935 3715 961 3766 V
1013 3717 1042 3768 ll
1062 3713 1179 3768 eclesiae
1193 3715 1218 3764 V
1270 3716 1304 3768 12
1320 3713 1438 3766 metiun-

295 3806 342 3856 tur
370 3803 393 3856 V
446 3805 477 3856 13
495 3818 648 3858 connexam
667 3802 720 3854 ΤΕ
773 3805 806 3856 14
823 3801 1032 3870 euangeliorum
1057 3820 1086 3854 ea
1110 3801 1343 3870 euangeliorum.
1368 3797 1388 3852 2
1418 3797 1441 3850 V

296 3888 343 3944 dm
370 3887 429 3955 (om.
457 3887 551 3956 alium)
576 3889 600 3941 V
652 3889 683 3941 ld
702 3906 791 3956 neque
809 3907 839 3941 ec
856 3905 945 3956 neque
963 3887 1081 3950 enimV
1132 3891 1292 3942 rubentum
1313 3891 1437 3940 extante

297 3993 328 4027 m.
349 3973 370 4027 2
392 3975 417 4029 V
468 3978 500 4030 18
518 3975 625 4044 cepisse
641 3975 666 4027 P
690 3973 852 4040 confingunt
878 3993 907 4027 ea
931 3973 1091 4043 confingant
1117 3993 1149 4026 m.
1177 3972 1198 4026 2
1221 3974 1246 4026 V
1295 3991 1362 4028 nere
1393 3972 1437 4024 Vll

296 4063 331 4116 90
348 4079 418 4130 quac
436 4064 496 4115 odd.
514 4081 548 4115 m,
576 4061 595 4114 2
618 4062 643 4114 V
693 4063 725 4115 21
748 4059 789 4114 fili
808 4061 897 4115 electe
924 4061 1017 4144 Vtilii⁸
1033 4061 1106 4146 glatie
1132 4057 1168 4126 (ie
1196 4071 1219 4113 et
1242 4078 1259 4113 a
1283 4063 1308 4112 io
1327 4059 1437 4126 roilli

296 4181 330 4220 ex
339 4165 426 4220 nihilo
435 4165 516 4220 modo
525 4173 717 4220 creaturarum
729 4167 752 4217 'I'
805 4166 1024 4234 23progenitum
1034 4165 1273 4233 permuntemq.V
1322 4165 1437 4232 loquun-

296 4259 343 4305 tur
361 4251 425 4305 PTd
478 4253 512 4306 25
530 4259 595 4306 aut-e
614 4253 666 4304 PE
716 4253 753 4305 sit
770 4271 841 4321 supr.
860 4271 910 4306 scr.
928 4271 961 4306 m.
984 4251 1042 4304 lR
1093 4254 1128 4306 26
1147 4251 1259 4319 quidem
1278 4250 1337 4317 (cnr.
1355 4250 1393 4315 et)
1409 4249 1435 4301 l'.
