3075 4967
296 268 358 335 786
634 271 752 324 sancti
777 272 914 326 Hilarii
938 273 1100 342 episcopi

296 459 417 526 conlata
439 461 520 526 lama
536 460 575 525 ab
592 460 641 526 bis
657 460 749 526 iurati
764 461 902 542 corporis
921 463 1115 527 nenderstur.
1139 464 1248 528 sedeo
1265 465 1429 542 incorpore

297 583 402 630 rursus
425 566 567 630 adstante
590 565 691 630 inanis
725 564 793 630 haec
825 565 929 646 impiae
962 566 1157 649 cogitationis
1190 559 1354 632 meditatio
1370 564 1428 628 fuit.

297 688 357 734 non
381 668 506 734 relictus
529 670 743 750 peecatoribus
766 668 920 734 exaltandi
943 689 977 734 se
999 669 1084 736 locus
1106 669 1185 736 ullos
1209 677 1272 736 est:
1306 667 1430 750 inpletur

297 773 468 854 prophetia.
515 774 631 853 pendet
652 773 683 837 in
707 771 793 856 ligno
815 773 880 838 uita
902 794 1015 852 eornm,
1045 780 1132 840 aceto
1155 795 1191 840 ac
1213 774 1287 840 selle
1309 779 1429 856 potatur,

257 901 270 940 s
300 877 404 942 anima
427 877 493 942 aius
516 897 534 941 a
556 877 674 942 framea
705 876 858 956 liberatur,
888 897 923 942 os
954 898 1015 943 non
1044 879 1220 955 conteritur,
1250 898 1318 944 sors
1345 895 1429 957 snper

297 986 417 1046 uestem
448 981 586 1059 mittitur,
616 979 694 1046 nihil
715 1002 732 1046 s
756 981 920 1046 desideriis
949 982 1102 1066 unigeniti
1124 983 1180 1048 filii
1208 983 1259 1050 dei
1285 979 1428 1064 peccatori

296 1085 433 1158 traditur,
468 1085 558 1150 tertia
592 1085 642 1150 dio
676 1086 819 1170 resurgit,
853 1105 914 1150 non
948 1087 1130 1170 relinquitur
1162 1087 1193 1150 in
1224 1087 1346 1152 inferno
1377 1103 1429 1149 nec

297 1189 525 1271 corruptionem
548 1196 673 1255 sanetus
696 1189 795 1254 uidet:
819 1197 851 1254 et
872 1191 985 1269 omnia,
1007 1211 1077 1274 quae
1093 1197 1243 1276 geruntur
1257 1191 1287 1254 in
1305 1189 1427 1262 domino,

298 1295 336 1358 ad
361 1292 593 1358 confundendas
617 1298 648 1358 ot
666 1295 908 1360 consternandas
923 1293 1089 1375 impiomm
1104 1295 1307 1378 cogitationes
1321 1293 1429 1358 habent

245 1421 269 1457 ιο
297 1403 328 1462 et
360 1416 462 1463 rerum
496 1398 694 1477 presentium
729 1397 943 1463 admirabilem
977 1398 1178 1464 efficientiam
1208 1405 1239 1463 et
1267 1395 1427 1479 prophetia

297 1500 550 1567 indemutabilem
572 1501 742 1567 ueritatem.

342 1605 391 1670 14.
417 1605 539 1671 llahinc
568 1605 721 1688 sequitur:
756 1612 877 1686 caput
909 1605 1113 1672 circuitus
1147 1626 1289 1684 eorum,
1324 1604 1427 1670 labor

298 1708 500 1774 labiorum
530 1709 708 1789 ipsorum
741 1710 900 1790 operiet
929 1729 1004 1776 eos
1050 1711 1199 1776 cadent
1227 1730 1346 1792 super
1367 1725 1426 1772 eos

297 1814 498 1878 carbones
534 1813 653 1897 ignis,
692 1820 729 1878 et
766 1814 925 1879 deicies
963 1834 1039 1892 eos,
1073 1815 1111 1878 in
1145 1815 1327 1880 miseriis
1359 1829 1425 1876 non

245 1938 270 1976 ιι
297 1916 537 1983 subsistent.
582 1929 652 1998 post
683 1917 874 1998 superiorem
907 1937 1093 1998 sermonem,
1128 1919 1159 1983 in
1193 1938 1254 2002 qno
1276 1918 1373 1983 omnis
1392 1915 1427 1979 sd

298 2022 392 2086 deum
415 2021 511 2087 dese
541 2020 641 2086 suerat
670 2021 774 2099 oratio,
809 2041 890 2087 nnnc
923 2022 1016 2088 etiam
1049 2023 1224 2088 interuentu
1258 2019 1427 2103 diapsalma

297 2125 467 2191 demutauit
510 2125 649 2190 ordinem
691 2145 811 2190 sensus.
871 2126 988 2192 rettulit
1024 2126 1108 2192 enim
1145 2125 1206 2192 hac
1242 2131 1426 2207 peccatorum

296 2229 498 2294 iustissimam
531 2248 664 2309 posnam,
698 2249 777 2314 quos
809 2230 942 2310 primum
975 2230 1079 2311 ipsum
1101 2230 1177 2295 illud
1200 2236 1365 2296 conuentus
1384 2226 1426 2292 sui

299 2339 397 2413 caput,
431 2333 545 2398 deinde
578 2331 666 2398 labor
698 2332 849 2398 labiorum
883 2353 1007 2400 suorum
1031 2340 1063 2400 ot
1090 2355 1183 2400 omne
1214 2330 1426 2399 maledictionis

245 2457 270 2496 ro
298 2457 375 2519 opus
398 2437 524 2521 operiet.
568 2443 601 2502 ut
624 2437 707 2502 enim
730 2437 874 2503 omnibus
896 2439 1012 2503 sanctis
1034 2444 1126 2518 caput
1149 2437 1291 2504 Christus
1313 2443 1364 2515 ast
1387 2435 1426 2500 its

298 2541 442 2607 omnibus
464 2541 579 2624 iniquis
602 2547 694 2622 caput
715 2539 856 2606 diabolus
879 2548 935 2607 est.
981 2548 1110 2608 testatur
1135 2549 1239 2608 autom
1261 2542 1424 2625 frequenter

297 2645 373 2711 istos
394 2645 506 2726 impios
528 2664 604 2728 erga
627 2665 661 2710 se
684 2645 830 2711 circuitus
853 2646 1006 2721 dominus,
1030 2667 1102 2712 cum
1132 2647 1189 2712 ait:
1221 2643 1423 2712 circumdo

299 2750 445 2814 derunt
467 2768 523 2814 ms
546 2749 725 2832 gemitus
748 2750 891 2815 mortis
914 2756 946 2815 et
967 2770 1105 2815 mrsum:
1132 2750 1241 2816 tauri
1263 2751 1420 2833 pingues

298 2853 546 2918 obsederunt
582 2873 641 2918 mo
686 2858 716 2919 et
752 2853 881 2919 iterum:
923 2855 1228 2922 circumdantes
1272 2854 1420 2919 circnm-

246 2975 272 3014 ss
300 2957 504 3022 dederunt
537 2977 595 3022 me
630 2962 659 3022 et
692 2958 811 3022 statim:
846 2959 1211 3026 circumdederunt
1243 2978 1297 3022 me
1327 2956 1419 3021 sicut

297 3079 401 3141 apes.
447 3061 529 3144 quod
552 3067 650 3125 autem
676 3061 817 3142 principe
840 3061 963 3128 diabolo
985 3061 1054 3127 hac
1076 3069 1166 3145 gesta
1187 3063 1258 3140 sint,
1288 3063 1418 3127 testantur

298 3163 470 3249 euangelia,
494 3184 562 3229 cum
586 3165 706 3230 dicunt:
741 3173 781 3230 et
814 3165 975 3232 inmisit
1007 3186 1049 3232 se
1084 3165 1273 3232 diabolus
1300 3165 1336 3228 in
1361 3178 1415 3226 cor

298 3268 413 3346 ludae,
436 3276 476 3334 ut
499 3269 686 3335 traderet
716 3289 811 3334 eum.
856 3269 1027 3336 laboratum
1050 3277 1098 3336 est
1119 3277 1224 3336 aulem
1246 3269 1338 3335 multa
1357 3281 1414 3330 uoce

298 3372 410 3455 populi,
430 3393 502 3439 oum
517 3372 722 3438 adclamatum
740 3380 803 3439 est:
827 3374 1042 3459 crucifige,
1065 3375 1277 3460 crucifige.
1319 3368 1414 3456 operiet

339 3549 373 3601 22
391 3547 434 3602 Pe.
444 3547 529 3616 XVII,
538 3549 563 3602 ὅ.
599 3549 632 3600 23
652 3549 695 3602 Ps.
706 3549 778 3616 XXI,
791 3550 831 3602 13.
866 3548 1175 3617 24Ps.cxvn,11sq.
1211 3543 1412 3610 strennuis

296 3637 331 3689 29
349 3635 416 3688 Luc.
435 3635 535 3701 XXIII,
553 3637 595 3688 21.

394 3765 409 3793 u

340 3808 414 3863 deis
435 3808 461 3861 G
513 3809 582 3863 fide
601 3807 746 3862 desideriis
765 3809 792 3861 R
809 3807 954 3862 desideriis
972 3827 992 3858 α
1044 3807 1183 3862 9habent
1199 3812 1229 3862 et
1247 3807 1272 3861 G
1287 3797 1413 3858 namatio

297 3912 325 3948 se
353 3899 381 3949 st
407 3896 462 3948 RE
513 3897 546 3949 12
565 3895 655 3963 capud
684 3895 736 3948 GR
791 3897 824 3948 14
842 3894 943 3948 deieies
973 3893 999 3947 G
1025 3893 1128 3948 deiciet
1145 3895 1172 3948 R
1226 3897 1258 3949 15
1275 3893 1307 3946 ad
1330 3889 1370 3943 dm
1392 3883 1412 3935 G

297 3981 439 4036 adsumit
494 3983 526 4036 16
545 3981 713 4050 diapsalma*
734 3980 956 4050 GdiapsalmiR
974 3980 1190 4049 diapsalmatiss
1242 3983 1274 4035 17
1290 3978 1356 4032 enim
1370 3971 1411 4024 Μ

296 4070 387 4138 scripsi
413 4068 487 4122 enim
510 4085 542 4122 ao
563 4068 588 4121 G
611 4068 685 4122 enirn
714 4085 742 4121 rs
769 4068 804 4121 ad
831 4068 872 4121 Ru
900 4068 975 4121 enim
1001 4086 1015 4120 e
1040 4069 1075 4137 eff.
1102 4069 1231 4122 Addeade
1281 4067 1311 4119 18
1335 4062 1408 4128 ipsum

297 4153 367 4209 illud
387 4155 412 4206 G
429 4154 644 4223 ipsum-zillud
663 4153 739 4222 (eros.
758 4155 787 4220 d)
803 4155 829 4208 R
882 4157 915 4209 19
933 4155 1023 4223 capud
1041 4153 1093 4207 GR
1110 4156 1280 4222 arrisisse.
1324 4147 1354 4200 29
1367 4141 1405 4194 ¹⁶·

297 4241 445 4295 olsmatnm
463 4245 507 4296 est
527 4243 552 4296 G
570 4241 719 4296 clamatum
737 4246 780 4296 est
798 4243 859 4296 RE.
