3075 4967
364 291 546 341 tractatus
569 287 604 340 in
622 289 794 356 psalmum
814 287 987 342 CXXXVIII.
1184 287 1247 354 773

99 476 250 558 spiritalis
272 477 382 561 gratias
405 477 601 555 senserimus,
633 477 701 542 sine
723 477 902 562 cuiusquam
927 477 1115 544 contumelia
1136 485 1249 544 traete·

100 581 218 646 blmus

143 685 197 750 40.
223 684 452 751 Promissionos
475 686 551 752 duas
576 685 712 751 Abrahae
743 686 839 752 fnisse
861 687 894 750 in
917 684 1032 751 Genesi
1065 687 1245 769 accipimus.

97 809 196 854 unam
236 796 306 854 ante
344 788 457 854 Ismaol
501 790 735 874 generationem
774 789 831 855 deo
876 791 1013 856 dicente:
1058 791 1247 874 qnoniam

96 913 255 958 omnem
280 903 439 972 terram,
463 913 578 978 quarn
612 901 651 960 tu
685 893 812 972 uides,
842 893 919 958 tibi
953 894 1056 960 daho
1089 914 1174 960 earu
1207 901 1247 960 et
1287 922 1299 958 s

95 997 249 1062 semini
274 1003 339 1061 tuo
361 997 399 1061 in
425 1003 615 1062 aeternum
639 998 843 1064 etfaciam
866 1017 1001 1064 semen
1024 1004 1131 1064 tunm
1155 1005 1246 1064 tam-

95 1121 218 1185 quam
241 1100 429 1166 harenam
464 1102 596 1168 maris.
641 1101 675 1167 si
709 1108 849 1183 potest
882 1102 972 1186 quis
1006 1122 1247 1169 enumerare

93 1204 293 1270 harenam
318 1206 451 1282 maris,
474 1206 531 1271 ita
553 1215 590 1271 et
613 1225 750 1274 semen
776 1212 885 1272 tunm
908 1206 1247 1287 dinumerabitur,

93 1315 170 1374 nato
206 1327 281 1374 uero
315 1309 404 1374 Isaac
438 1317 469 1374 et
502 1310 534 1374 iu
565 1309 793 1385 holocaustum,
829 1317 980 1394 quantum
1013 1314 1054 1378 ad
1084 1311 1247 1378 Abraham

93 1419 229 1494 spectat,
265 1411 368 1478 oblato
401 1412 470 1480 haec
503 1433 638 1499 sequens
670 1415 873 1496 repromissio
906 1415 979 1480 fnit:
1012 1416 1096 1481 nisi
1130 1417 1246 1482 bene·
1274 1441 1299 1478 1o

92 1517 242 1582 diesne
278 1516 516 1583 benedicam
552 1517 626 1583 tibi
661 1524 699 1584 et
733 1518 1019 1600 multiplicans
1052 1519 1245 1601 multipli-

91 1623 197 1687 cabo
245 1640 382 1687 semen
428 1629 534 1687 tuum
580 1625 690 1688 sicut
732 1623 882 1688 stellas
920 1623 1009 1689 caeli
1062 1631 1101 1689 et
1138 1625 1247 1690 sicut

91 1725 302 1803 harenam,
337 1746 422 1809 quae
456 1733 519 1792 est
551 1729 597 1792 ad
633 1746 741 1792 oram
777 1727 910 1792 maris.
955 1733 987 1794 et
1016 1727 1042 1793 si
1076 1730 1245 1794 secundnm

90 1829 274 1910 apostolum
305 1828 374 1894 haec
397 1831 458 1894 dno
482 1837 666 1896 testamenta
696 1837 777 1910 sunt,
806 1851 903 1896 nuum
937 1833 1107 1897 secundum
1130 1831 1246 1898 Ismael

90 1935 123 1998 in
149 1936 336 1999 seruitutem
370 1954 534 2017 generans,
567 1934 650 2000 aliud
685 1937 857 2001 secundum
880 1935 971 2002 Isaac
1003 1937 1035 2000 in
1070 1935 1245 2002 libertatem
1274 1958 1298 1996 1⁶

90 2037 207 2103 metris
231 2047 347 2103 nostre
370 2038 576 2117 Hierusalem,
614 2059 683 2123 quae
718 2039 750 2104 in
774 2039 857 2106 caelis
891 2046 948 2118 est,
982 2041 1245 2118 succensurum

89 2162 231 2208 necesse
255 2147 303 2208 est
324 2144 475 2208 seminum
502 2144 532 2208 in
557 2143 655 2208 stellis
679 2150 709 2209 et
730 2144 762 2208 in
787 2143 915 2210 harenis
942 2146 1146 2210 numerositas
1168 2165 1245 2226 prae-

90 2249 227 2314 dicelur.
274 2267 348 2331 crgo
372 2247 462 2312 amici
487 2248 538 2312 dei
560 2268 653 2328 super
688 2247 838 2314 herenam
872 2248 969 2314 maris
1002 2249 1244 2315 dinumerantur.

89 2351 164 2434 quis
189 2349 276 2415 enim
303 2351 448 2434 ambiget
471 2353 641 2417 secundum
666 2350 829 2418 ecclesiam
842 2358 907 2418 toto
917 2353 950 2417 in
963 2351 1036 2418 orbe
1048 2372 1242 2418 numerosam

89 2455 328 2520 multitudinem
361 2455 464 2538 gentis
487 2455 600 2521 Iudaeae
623 2456 710 2538 eopia
734 2457 763 2520 in
788 2455 912 2521 Christo
943 2457 1135 2522 credentium
1165 2475 1242 2538 pree
1271 2477 1297 2514 2⁰

87 2558 223 2624 ueniri?
279 2565 372 2642 atque
410 2560 480 2625 ideo
519 2579 613 2640 super
652 2559 802 2624 harenam
839 2559 1133 2642 multiplicabuntur,
1172 2561 1244 2644 quia

89 2663 287 2744 copiosiores
310 2661 359 2726 bis
382 2669 480 2740 erunt,
503 2663 555 2747 qui
580 2683 616 2728 ex
639 2662 719 2748 legis
741 2664 837 2744 impio
860 2664 972 2746 populo
988 2665 1101 2731 terreni
1119 2672 1150 2730 et
1165 2665 1243 2730 aridi

86 2767 315 2850 significantur
339 2765 372 2830 in
396 2766 530 2832 harenis.

134 2871 191 2935 41.
220 2869 341 2935 Dehinc
366 2871 519 2954 seqnitur:
544 2873 760 2936 exsurrexi
784 2878 819 2936 et
841 2872 973 2938 adhuc
996 2880 1126 2938 tecum
1149 2894 1243 2940 sum.

86 2974 258 3040 surrexi
296 2976 336 3040 ad
373 2976 608 3041 resurrectionis
645 2974 777 3060 gloriam
814 2984 940 3058 spectat
979 2978 1036 3044 sed
1073 2978 1242 3044 secundum
1270 2998 1296 3034 a

85 3077 324 3162 praescientiam
348 3079 398 3143 dei
421 3079 463 3154 id,
487 3082 571 3163 quod
594 3079 731 3144 futurum
766 3088 821 3158 est
855 3088 1016 3165 tamquam
1051 3083 1243 3163 praeteritum

86 3182 240 3266 loquitur.
261 3182 332 3265 quia
352 3183 411 3248 deo
434 3184 473 3248 ob
490 3184 651 3249 solentiam
671 3191 763 3267 atque
782 3186 937 3268 uirtutem,
957 3205 1026 3269 quae
1044 3186 1147 3251 futura
1162 3193 1241 3266 sunt,

85 3287 176 3352 sacta
192 3297 273 3363 sunt,
289 3294 322 3350 nt
334 3287 428 3351 etiam
445 3287 626 3368 nosmetipsi
645 3287 727 3353 facte
739 3307 810 3353 esse
822 3289 1044 3367 existimamus,
1055 3309 1125 3374 quae
1141 3289 1243 3355 futura

131 3459 242 3514 4Gen.
260 3459 334 3527 XIII,
355 3461 387 3514 15
405 3477 445 3528 sq.
483 3463 516 3514 10
534 3459 602 3514 Gen.
620 3461 707 3529 XXII,
727 3464 766 3515 17.
804 3465 838 3515 14
855 3460 914 3515 Gal.
933 3462 980 3528 IV,
998 3464 1041 3516 24.

131 3601 152 3651 4
172 3601 239 3651 ante
260 3597 326 3651 GRb
344 3615 393 3651 om.
412 3617 425 3651 c
478 3598 576 3652 ismael
597 3599 637 3651 Gb
655 3598 772 3653 ismahel
791 3600 817 3652 R
834 3599 975 3655 ismahelis
994 3601 1048 3664 (his
1060 3599 1242 3668 mahelisalc

85 3684 227 3754 quoniam
247 3683 273 3736 G
291 3685 356 3752 qnia
374 3685 429 3738 RE
481 3687 513 3739 18
531 3655 566 3739 ab
594 3703 642 3740 orn
666 3687 692 3739 R
746 3689 780 3740 14
797 3687 895 3740 ismael
923 3687 949 3739 G
976 3687 1092 3742 ismahel
1110 3689 1137 3742 R
1154 3690 1240 3743 Isma-

84 3771 184 3826 helem
205 3771 234 3822 Ε
285 3773 318 3824 16
336 3771 421 3824 dunm
441 3771 482 3825 Ro
500 3771 566 3826 dum
585 3793 603 3822 α
658 3774 690 3824 17
708 3773 739 3826 in
756 3773 847 3828 stellis
866 3774 921 3826 RE
944 3774 975 3828 in
998 3775 1077 3829 sidiis
1095 3773 1129 3843 ll)
1150 3775 1176 3828 G
1194 3776 1240 3838 (an

84 3861 116 3913 in
147 3857 319 3922 sideribusll
374 3861 407 3912 19
425 3859 549 3927 ambiget
575 3859 601 3912 R
627 3860 769 3929 ambigas*
792 3860 816 3913 G
843 3861 967 3931 ambigat
985 3861 1014 3914 Ε
1064 3862 1195 3917 eclesiam
1215 3863 1241 3916 G

83 3949 122 4000 20
142 3943 247 3998 iudeae
273 3943 299 3997 R
359 3946 391 3997 al
412 3945 547 4013 edqneG
599 3945 662 4022 ideo
690 3964 738 3999 om,
767 3947 812 4002 G?
872 3949 907 4001 24
925 3948 1026 4003 dehinc
1055 3949 1081 4002 G
1106 3948 1171 4002 dein
1202 3949 1240 4003 Rb

83 4032 157 4086 hinc
182 4049 196 4084 c
276 4031 420 4085 exsurrexi
449 4032 474 4085 G
501 4037 529 4086 et
556 4033 666 4086 surrexi
694 4034 738 4086 Rc
765 4034 873 4088 surrexi
899 4055 913 4086 1
989 4037 1025 4091 aa
1051 4040 1160 4105 spectat
1187 4037 1242 4090 RE

877 4121 911 4160 sel

880 4193 895 4228 Θ

84 4169 263 4240 expectstG
316 4169 363 4223 sed
374 4187 422 4223 11111.
436 4171 488 4224 GR
531 4173 565 4226 26
574 4129 777 4239 praescientiam
791 4175 816 4225 G
828 4191 879 4242 pra
896 4174 1000 4228 entiam
1013 4175 1039 4228 R
1090 4177 1125 4229 27
1144 4133 1239 4244 qh‘sl)

84 4259 123 4312 do
147 4257 182 4309 G.
