<?xml version="1.0" encoding="UTF-8"?>
<!DOCTYPE html PUBLIC "-//W3C//DTD XHTML 1.0 Transitional//EN"
    "http://www.w3.org/TR/xhtml1/DTD/xhtml1-transitional.dtd">
<html xmlns="http://www.w3.org/1999/xhtml" xml:lang="en" lang="en">
 <head>
  <title>
</title>
<meta http-equiv="Content-Type" content="text/html;charset=utf-8" />
  <meta name='ocr-system' content='tesseract 3.04.00' />
  <meta name='ocr-capabilities' content='ocr_page ocr_carea ocr_par ocr_line ocrx_word'/>
</head>
<body>
  <div class='ocr_page' id='page_1' title='image "./corpusscriptoru23wiengoog_0104.png"; bbox 0 0 3075 4967; ppageno 0'>
   <div class='ocr_carea' id='block_1_1' title="bbox 294 255 1100 324">
    <p class='ocr_par' dir='ltr' id='par_1_1' title="bbox 294 255 1100 324">
     <span class='ocr_line' id='line_1_1' title="bbox 294 255 1100 324; baseline -0.01 -9"><span class='ocrx_word' id='word_1_1' title='bbox 294 259 339 322; x_wconf 60' lang='lat'><strong>74*</strong></span> <span class='ocrx_word' id='word_1_2' title='bbox 634 257 751 310; x_wconf 88' lang='lat' dir='ltr'><strong>sancti</strong></span> <span class='ocrx_word' id='word_1_3' title='bbox 776 255 913 310; x_wconf 83' lang='lat' dir='ltr'><strong>Hilarii</strong></span> <span class='ocrx_word' id='word_1_4' title='bbox 937 256 1100 324; x_wconf 75' lang='lat' dir='ltr'><strong>episcopi</strong></span> 
     </span>
    </p>
   </div>
   <div class='ocr_carea' id='block_1_2' title="bbox 254 443 1447 1135">
    <p class='ocr_par' dir='ltr' id='par_1_2' title="bbox 292 443 1447 842">
     <span class='ocr_line' id='line_1_2' title="bbox 294 443 1447 531; baseline -0.002 -19"><span class='ocrx_word' id='word_1_5' title='bbox 294 466 355 531; x_wconf 90' lang='lat' dir='ltr'><strong>qno</strong></span> <span class='ocrx_word' id='word_1_6' title='bbox 379 446 404 510; x_wconf 91' lang='lat' dir='ltr'><strong>si</strong></span> <span class='ocrx_word' id='word_1_7' title='bbox 429 465 489 510; x_wconf 90' lang='lat' dir='ltr'><strong>non</strong></span> <span class='ocrx_word' id='word_1_8' title='bbox 514 444 742 526; x_wconf 79' lang='lat' dir='ltr'><strong>adprehensam</strong></span> <span class='ocrx_word' id='word_1_9' title='bbox 765 445 896 509; x_wconf 89' lang='lat' dir='ltr'><strong>anobis</strong></span> <span class='ocrx_word' id='word_1_10' title='bbox 926 443 1123 526; x_wconf 76' lang='lat' dir='ltr'><strong>disciplinam</strong></span> <span class='ocrx_word' id='word_1_11' title='bbox 1155 443 1339 520; x_wconf 77' lang='lat' dir='ltr'><strong>tenebimus,</strong></span> <span class='ocrx_word' id='word_1_12' title='bbox 1373 466 1447 526; x_wconf 85' lang='lat' dir='ltr'><strong>per·</strong></span> 
     </span>
     <span class='ocr_line' id='line_1_3' title="bbox 293 548 1447 633; baseline -0.001 -18"><span class='ocrx_word' id='word_1_13' title='bbox 293 551 348 615; x_wconf 91' lang='lat' dir='ltr'><strong>diti</strong></span> <span class='ocrx_word' id='word_1_14' title='bbox 372 571 391 616; x_wconf 88' lang='lat' dir='ltr'><strong>a</strong></span> <span class='ocrx_word' id='word_1_15' title='bbox 412 550 493 615; x_wconf 88' lang='lat' dir='ltr'><strong>iusta</strong></span> <span class='ocrx_word' id='word_1_16' title='bbox 521 549 572 614; x_wconf 88' lang='lat' dir='ltr'><strong>uia</strong></span> <span class='ocrx_word' id='word_1_17' title='bbox 602 549 726 614; x_wconf 90' lang='lat' dir='ltr'><strong>erimus.</strong></span> <span class='ocrx_word' id='word_1_18' title='bbox 770 549 935 632; x_wconf 86' lang='lat' dir='ltr'><strong>unicuique</strong></span> <span class='ocrx_word' id='word_1_19' title='bbox 969 550 1053 614; x_wconf 89' lang='lat' dir='ltr'><strong>enim</strong></span> <span class='ocrx_word' id='word_1_20' title='bbox 1086 548 1133 614; x_wconf 90' lang='lat' dir='ltr'><strong>rei</strong></span> <span class='ocrx_word' id='word_1_21' title='bbox 1166 549 1254 629; x_wconf 79' lang='lat' dir='ltr'><strong>perit,</strong></span> <span class='ocrx_word' id='word_1_22' title='bbox 1290 550 1447 633; x_wconf 89' lang='lat' dir='ltr'><strong>quidquid</strong></span> 
     </span>
     <span class='ocr_line' id='line_1_4' title="bbox 292 653 1446 737; baseline -0.003 -18"><span class='ocrx_word' id='word_1_23' title='bbox 292 655 445 733; x_wconf 80' lang='lat' dir='ltr'><strong>aufertur3</strong></span> <span class='ocrx_word' id='word_1_24' title='bbox 475 660 506 720; x_wconf 87' lang='lat' dir='ltr'><strong>et</strong></span> <span class='ocrx_word' id='word_1_25' title='bbox 528 655 611 737; x_wconf 88' lang='lat' dir='ltr'><strong>quod</strong></span> <span class='ocrx_word' id='word_1_26' title='bbox 625 731 628 736; x_wconf 15' lang='grc' dir='ltr'><strong>Δ</strong></span> <span class='ocrx_word' id='word_1_27' title='bbox 641 653 737 730; x_wconf 82' lang='lat' dir='ltr'><strong>deest,</strong></span> <span class='ocrx_word' id='word_1_28' title='bbox 768 654 805 731; x_wconf 88' lang='lat' dir='ltr'><strong>ei,</strong></span> <span class='ocrx_word' id='word_1_29' title='bbox 836 655 886 718; x_wconf 88' lang='lat' dir='ltr'><strong>cui</strong></span> <span class='ocrx_word' id='word_1_30' title='bbox 914 653 1010 728; x_wconf 71' lang='lat' dir='ltr'><strong>deest,</strong></span> <span class='ocrx_word' id='word_1_31' title='bbox 1040 654 1104 717; x_wconf 90' lang='lat' dir='ltr'><strong>iam</strong></span> <span class='ocrx_word' id='word_1_32' title='bbox 1135 654 1257 718; x_wconf 87' lang='lat' dir='ltr'><strong>uidetur</strong></span> <span class='ocrx_word' id='word_1_33' title='bbox 1279 653 1446 718; x_wconf 76' lang='lat' dir='ltr'><strong>emisam.</strong></span> 
     </span>
     <span class='ocr_line' id='line_1_5' title="bbox 293 756 1445 842; baseline -0.003 -18"><span class='ocrx_word' id='word_1_34' title='bbox 293 779 366 824; x_wconf 89' lang='lat' dir='ltr'><strong>nam</strong></span> <span class='ocrx_word' id='word_1_35' title='bbox 381 759 506 842; x_wconf 90' lang='lat' dir='ltr'><strong>tametsi</strong></span> <span class='ocrx_word' id='word_1_36' title='bbox 521 778 577 841; x_wconf 88' lang='lat' dir='ltr'><strong>per</strong></span> <span class='ocrx_word' id='word_1_37' title='bbox 599 763 742 822; x_wconf 85' lang='lat' dir='ltr'><strong>naturam</strong></span> <span class='ocrx_word' id='word_1_38' title='bbox 765 777 854 822; x_wconf 85' lang='lat' dir='ltr'><strong>suum</strong></span> <span class='ocrx_word' id='word_1_39' title='bbox 873 765 987 834; x_wconf 87' lang='lat' dir='ltr'><strong>manet,</strong></span> <span class='ocrx_word' id='word_1_40' title='bbox 1012 758 1040 822; x_wconf 92' lang='lat' dir='ltr'><strong>ei</strong></span> <span class='ocrx_word' id='word_1_41' title='bbox 1063 763 1178 835; x_wconf 82' lang='lat' dir='ltr'><strong>tamen,</strong></span> <span class='ocrx_word' id='word_1_42' title='bbox 1202 758 1251 822; x_wconf 88' lang='lat' dir='ltr'><strong>cui</strong></span> <span class='ocrx_word' id='word_1_43' title='bbox 1265 756 1365 834; x_wconf 73' lang='lat' dir='ltr'><strong>abest,</strong></span> <span class='ocrx_word' id='word_1_44' title='bbox 1379 777 1445 821; x_wconf 89' lang='lat' dir='ltr'><strong>uon</strong></span> 
     </span>
    </p>

    <p class='ocr_par' dir='ltr' id='par_1_3' title="bbox 254 861 1446 1135">
     <span class='ocr_line' id='line_1_6' title="bbox 254 861 1446 945; baseline -0.002 -18"><span class='ocrx_word' id='word_1_45' title='bbox 254 891 266 928; x_wconf 81' lang='lat' dir='ltr'><strong>a</strong></span> <span class='ocrx_word' id='word_1_46' title='bbox 293 867 407 927; x_wconf 86' lang='lat' dir='ltr'><strong>manat.</strong></span> <span class='ocrx_word' id='word_1_47' title='bbox 453 862 618 927; x_wconf 87' lang='lat' dir='ltr'><strong>etidcirco</strong></span> <span class='ocrx_word' id='word_1_48' title='bbox 651 863 690 926; x_wconf 90' lang='lat' dir='ltr'><strong>de</strong></span> <span class='ocrx_word' id='word_1_49' title='bbox 713 861 763 926; x_wconf 87' lang='lat' dir='ltr'><strong>uia</strong></span> <span class='ocrx_word' id='word_1_50' title='bbox 786 863 868 925; x_wconf 90' lang='lat' dir='ltr'><strong>iusta</strong></span> <span class='ocrx_word' id='word_1_51' title='bbox 889 862 976 942; x_wconf 90' lang='lat' dir='ltr'><strong>impii</strong></span> <span class='ocrx_word' id='word_1_52' title='bbox 998 867 1138 945; x_wconf 86' lang='lat' dir='ltr'><strong>pereunt,</strong></span> <span class='ocrx_word' id='word_1_53' title='bbox 1169 862 1242 944; x_wconf 89' lang='lat' dir='ltr'><strong>quia</strong></span> <span class='ocrx_word' id='word_1_54' title='bbox 1263 861 1296 925; x_wconf 92' lang='lat' dir='ltr'><strong>in</strong></span> <span class='ocrx_word' id='word_1_55' title='bbox 1318 881 1358 925; x_wconf 88' lang='lat' dir='ltr'><strong>ea</strong></span> <span class='ocrx_word' id='word_1_56' title='bbox 1378 879 1446 925; x_wconf 90' lang='lat' dir='ltr'><strong>nou</strong></span> 
     </span>
     <span class='ocr_line' id='line_1_7' title="bbox 294 965 1446 1047; baseline -0.002 -15"><span class='ocrx_word' id='word_1_57' title='bbox 294 975 392 1032; x_wconf 83' lang='lat' dir='ltr'><strong>erunt.</strong></span> <span class='ocrx_word' id='word_1_58' title='bbox 416 971 546 1047; x_wconf 88' lang='lat' dir='ltr'><strong>pereunt</strong></span> <span class='ocrx_word' id='word_1_59' title='bbox 568 972 670 1031; x_wconf 90' lang='lat' dir='ltr'><strong>autem</strong></span> <span class='ocrx_word' id='word_1_60' title='bbox 693 967 731 1030; x_wconf 88' lang='lat' dir='ltr'><strong>de</strong></span> <span class='ocrx_word' id='word_1_61' title='bbox 747 966 901 1044; x_wconf 85' lang='lat' dir='ltr'><strong>uiainsta,</strong></span> <span class='ocrx_word' id='word_1_62' title='bbox 924 985 1009 1030; x_wconf 87' lang='lat' dir='ltr'><strong>curn</strong></span> <span class='ocrx_word' id='word_1_63' title='bbox 1031 966 1242 1031; x_wconf 79' lang='lat' dir='ltr'><strong>exarserit</strong></span> <span class='ocrx_word' id='word_1_64' title='bbox 1261 966 1301 1028; x_wconf 88' lang='lat' dir='ltr'><strong>in</strong></span> <span class='ocrx_word' id='word_1_65' title='bbox 1323 965 1446 1031; x_wconf 89' lang='lat' dir='ltr'><strong>breui</strong></span> 
     </span>
     <span class='ocr_line' id='line_1_8' title="bbox 293 1091 471 1135; baseline 0.006 -1"><span class='ocrx_word' id='word_1_66' title='bbox 293 1091 354 1134; x_wconf 87' lang='lat' dir='ltr'><strong>rra</strong></span> <span class='ocrx_word' id='word_1_67' title='bbox 377 1091 471 1135; x_wconf 83' lang='lat' dir='ltr'><strong>arua.</strong></span> 
     </span>
    </p>
   </div>
   <div class='ocr_carea' id='block_1_3' title="bbox 240 1189 1448 2519">
    <p class='ocr_par' dir='ltr' id='par_1_4' title="bbox 240 1189 1448 2418">
     <span class='ocr_line' id='line_1_9' title="bbox 336 1189 1447 1274; baseline 0 -18"><span class='ocrx_word' id='word_1_68' title='bbox 336 1191 387 1256; x_wconf 78' lang='lat'><strong>49.</strong></span> <span class='ocrx_word' id='word_1_69' title='bbox 411 1190 481 1256; x_wconf 90' lang='lat' dir='ltr'><strong>Non</strong></span> <span class='ocrx_word' id='word_1_70' title='bbox 498 1211 621 1256; x_wconf 88' lang='lat' dir='ltr'><strong>morosa</strong></span> <span class='ocrx_word' id='word_1_71' title='bbox 636 1189 705 1256; x_wconf 78' lang='lat' dir='ltr'><strong>haec</strong></span> <span class='ocrx_word' id='word_1_72' title='bbox 719 1191 765 1255; x_wconf 84' lang='lat' dir='ltr'><strong>ira</strong></span> <span class='ocrx_word' id='word_1_73' title='bbox 781 1197 838 1268; x_wconf 90' lang='lat' dir='ltr'><strong>est,</strong></span> <span class='ocrx_word' id='word_1_74' title='bbox 860 1210 1023 1274; x_wconf 85' lang='lat' dir='ltr'><strong>perquam</strong></span> <span class='ocrx_word' id='word_1_75' title='bbox 1039 1212 1058 1255; x_wconf 92' lang='lat' dir='ltr'><strong>a</strong></span> <span class='ocrx_word' id='word_1_76' title='bbox 1073 1191 1153 1255; x_wconf 88' lang='lat' dir='ltr'><strong>insta</strong></span> <span class='ocrx_word' id='word_1_77' title='bbox 1166 1192 1217 1256; x_wconf 82' lang='lat' dir='ltr'><strong>uia</strong></span> <span class='ocrx_word' id='word_1_78' title='bbox 1239 1196 1377 1271; x_wconf 74' lang='lat' dir='ltr'><strong>pereunt,</strong></span> <span class='ocrx_word' id='word_1_79' title='bbox 1404 1211 1447 1256; x_wconf 89' lang='lat' dir='ltr'><strong>ne</strong></span> 
     </span>
     <span class='ocr_line' id='line_1_10' title="bbox 293 1292 1446 1378; baseline -0.002 -18"><span class='ocrx_word' id='word_1_80' title='bbox 293 1297 362 1378; x_wconf 91' lang='lat' dir='ltr'><strong>quis</strong></span> <span class='ocrx_word' id='word_1_81' title='bbox 396 1296 455 1361; x_wconf 92' lang='lat' dir='ltr'><strong>sibi</strong></span> <span class='ocrx_word' id='word_1_82' title='bbox 487 1296 614 1361; x_wconf 89' lang='lat' dir='ltr'><strong>interim</strong></span> <span class='ocrx_word' id='word_1_83' title='bbox 643 1315 743 1378; x_wconf 83' lang='lat' dir='ltr'><strong>poenae</strong></span> <span class='ocrx_word' id='word_1_84' title='bbox 774 1293 857 1360; x_wconf 86' lang='lat' dir='ltr'><strong>lucro</strong></span> <span class='ocrx_word' id='word_1_85' title='bbox 887 1296 968 1359; x_wconf 89' lang='lat' dir='ltr'><strong>inter</strong></span> <span class='ocrx_word' id='word_1_86' title='bbox 1001 1314 1105 1359; x_wconf 84' lang='lat' dir='ltr'><strong>moras</strong></span> <span class='ocrx_word' id='word_1_87' title='bbox 1126 1295 1232 1359; x_wconf 89' lang='lat' dir='ltr'><strong>iudicii</strong></span> <span class='ocrx_word' id='word_1_88' title='bbox 1253 1292 1446 1359; x_wconf 85' lang='lat' dir='ltr'><strong>blandiatur.</strong></span> 
     </span>
     <span class='ocr_line' id='line_1_11' title="bbox 241 1397 1448 1482; baseline 0 -20"><span class='ocrx_word' id='word_1_89' title='bbox 241 1427 265 1466; x_wconf 76' lang='grc' dir='ltr'><strong>ιο</strong></span> <span class='ocrx_word' id='word_1_90' title='bbox 292 1399 323 1463; x_wconf 91' lang='lat' dir='ltr'><strong>in</strong></span> <span class='ocrx_word' id='word_1_91' title='bbox 346 1399 432 1464; x_wconf 85' lang='lat' dir='ltr'><strong>breui</strong></span> <span class='ocrx_word' id='word_1_92' title='bbox 455 1418 591 1482; x_wconf 91' lang='lat' dir='ltr'><strong>namque</strong></span> <span class='ocrx_word' id='word_1_93' title='bbox 615 1399 789 1464; x_wconf 77' lang='lat' dir='ltr'><strong>exardescit</strong></span> <span class='ocrx_word' id='word_1_94' title='bbox 811 1400 866 1463; x_wconf 85' lang='lat' dir='ltr'><strong>ira.</strong></span> <span class='ocrx_word' id='word_1_95' title='bbox 912 1400 1024 1479; x_wconf 88' lang='lat' dir='ltr'><strong>excipit</strong></span> <span class='ocrx_word' id='word_1_96' title='bbox 1042 1401 1127 1463; x_wconf 90' lang='lat' dir='ltr'><strong>enim</strong></span> <span class='ocrx_word' id='word_1_97' title='bbox 1149 1417 1206 1462; x_wconf 88' lang='lat' dir='ltr'><strong>nos</strong></span> <span class='ocrx_word' id='word_1_98' title='bbox 1229 1399 1336 1464; x_wconf 85' lang='lat' dir='ltr'><strong>statim</strong></span> <span class='ocrx_word' id='word_1_99' title='bbox 1359 1397 1448 1462; x_wconf 86' lang='lat' dir='ltr'><strong>ultor</strong></span> 
     </span>
     <span class='ocr_line' id='line_1_12' title="bbox 292 1502 1446 1584; baseline -0.002 -16"><span class='ocrx_word' id='word_1_100' title='bbox 292 1503 445 1568; x_wconf 86' lang='lat' dir='ltr'><strong>infernus:</strong></span> <span class='ocrx_word' id='word_1_101' title='bbox 470 1509 500 1568; x_wconf 90' lang='lat' dir='ltr'><strong>et</strong></span> <span class='ocrx_word' id='word_1_102' title='bbox 522 1503 700 1568; x_wconf 81' lang='lat' dir='ltr'><strong>decidentes</strong></span> <span class='ocrx_word' id='word_1_103' title='bbox 724 1504 762 1568; x_wconf 91' lang='lat' dir='ltr'><strong>de</strong></span> <span class='ocrx_word' id='word_1_104' title='bbox 786 1522 922 1584; x_wconf 88' lang='lat' dir='ltr'><strong>corpore,</strong></span> <span class='ocrx_word' id='word_1_105' title='bbox 944 1503 969 1568; x_wconf 91' lang='lat' dir='ltr'><strong>si</strong></span> <span class='ocrx_word' id='word_1_106' title='bbox 993 1504 1036 1568; x_wconf 88' lang='lat' dir='ltr'><strong>ita</strong></span> <span class='ocrx_word' id='word_1_107' title='bbox 1064 1502 1243 1581; x_wconf 81' lang='lat' dir='ltr'><strong>dixerimus,</strong></span> <span class='ocrx_word' id='word_1_108' title='bbox 1273 1503 1446 1567; x_wconf 85' lang='lat' dir='ltr'><strong>confestim</strong></span> 
     </span>
     <span class='ocr_line' id='line_1_13' title="bbox 292 1605 1447 1690; baseline -0.001 -19"><span class='ocrx_word' id='word_1_109' title='bbox 292 1607 350 1671; x_wconf 82' lang='lat' dir='ltr'><strong>uiae</strong></span> <span class='ocrx_word' id='word_1_110' title='bbox 383 1613 475 1672; x_wconf 81' lang='lat' dir='ltr'><strong>rectae</strong></span> <span class='ocrx_word' id='word_1_111' title='bbox 505 1608 651 1687; x_wconf 88' lang='lat' dir='ltr'><strong>parimus.</strong></span> <span class='ocrx_word' id='word_1_112' title='bbox 699 1613 794 1672; x_wconf 88' lang='lat' dir='ltr'><strong>testes</strong></span> <span class='ocrx_word' id='word_1_113' title='bbox 827 1607 917 1672; x_wconf 87' lang='lat' dir='ltr'><strong>nobis</strong></span> <span class='ocrx_word' id='word_1_114' title='bbox 951 1613 1024 1671; x_wconf 87' lang='lat' dir='ltr'><strong>sunt</strong></span> <span class='ocrx_word' id='word_1_115' title='bbox 1057 1605 1255 1690; x_wconf 84' lang='lat' dir='ltr'><strong>euangelicos</strong></span> <span class='ocrx_word' id='word_1_116' title='bbox 1289 1605 1379 1670; x_wconf 89' lang='lat' dir='ltr'><strong>diues</strong></span> <span class='ocrx_word' id='word_1_117' title='bbox 1411 1612 1447 1671; x_wconf 87' lang='lat' dir='ltr'><strong>ot</strong></span> 
     </span>
     <span class='ocr_line' id='line_1_14' title="bbox 292 1709 1448 1793; baseline -0.001 -19"><span class='ocrx_word' id='word_1_118' title='bbox 292 1713 424 1791; x_wconf 85' lang='lat' dir='ltr'><strong>pauper:</strong></span> <span class='ocrx_word' id='word_1_119' title='bbox 448 1730 578 1793; x_wconf 89' lang='lat' dir='ltr'><strong>quorum</strong></span> <span class='ocrx_word' id='word_1_120' title='bbox 601 1731 696 1776; x_wconf 91' lang='lat' dir='ltr'><strong>unum</strong></span> <span class='ocrx_word' id='word_1_121' title='bbox 720 1709 828 1791; x_wconf 74' lang='lat' dir='ltr'><strong>angeli</strong></span> <span class='ocrx_word' id='word_1_122' title='bbox 843 1712 873 1776; x_wconf 92' lang='lat' dir='ltr'><strong>in</strong></span> <span class='ocrx_word' id='word_1_123' title='bbox 890 1710 1015 1775; x_wconf 88' lang='lat' dir='ltr'><strong>sedibus</strong></span> <span class='ocrx_word' id='word_1_124' title='bbox 1031 1711 1194 1775; x_wconf 89' lang='lat' dir='ltr'><strong>beatorum</strong></span> <span class='ocrx_word' id='word_1_125' title='bbox 1209 1716 1241 1775; x_wconf 89' lang='lat' dir='ltr'><strong>et</strong></span> <span class='ocrx_word' id='word_1_126' title='bbox 1254 1709 1286 1774; x_wconf 89' lang='lat' dir='ltr'><strong>io</strong></span> <span class='ocrx_word' id='word_1_127' title='bbox 1299 1709 1448 1774; x_wconf 81' lang='lat' dir='ltr'><strong>Abrahae</strong></span> 
     </span>
     <span class='ocr_line' id='line_1_15' title="bbox 293 1813 1447 1898; baseline 0.001 -19"><span class='ocrx_word' id='word_1_128' title='bbox 293 1814 411 1879; x_wconf 90' lang='lat' dir='ltr'><strong>sinibus</strong></span> <span class='ocrx_word' id='word_1_129' title='bbox 440 1813 626 1892; x_wconf 87' lang='lat' dir='ltr'><strong>locauerunt,</strong></span> <span class='ocrx_word' id='word_1_130' title='bbox 657 1814 752 1879; x_wconf 90' lang='lat' dir='ltr'><strong>aliurn</strong></span> <span class='ocrx_word' id='word_1_131' title='bbox 783 1816 888 1880; x_wconf 88' lang='lat' dir='ltr'><strong>statim</strong></span> <span class='ocrx_word' id='word_1_132' title='bbox 919 1833 1019 1898; x_wconf 70' lang='lat' dir='ltr'><strong>prenae</strong></span> <span class='ocrx_word' id='word_1_133' title='bbox 1049 1815 1136 1897; x_wconf 85' lang='lat' dir='ltr'><strong>regio</strong></span> <span class='ocrx_word' id='word_1_134' title='bbox 1169 1815 1314 1896; x_wconf 78' lang='lat' dir='ltr'><strong>suscepit.</strong></span> <span class='ocrx_word' id='word_1_135' title='bbox 1360 1815 1447 1880; x_wconf 88' lang='lat' dir='ltr'><strong>adeo</strong></span> 
     </span>
     <span class='ocr_line' id='line_1_16' title="bbox 240 1917 1446 2000; baseline 0.001 -18"><span class='ocrx_word' id='word_1_136' title='bbox 240 1923 396 1982; x_wconf 77' lang='lat' dir='ltr'><strong>nautam</strong></span> <span class='ocrx_word' id='word_1_137' title='bbox 430 1919 536 1984; x_wconf 83' lang='lat' dir='ltr'><strong>statim</strong></span> <span class='ocrx_word' id='word_1_138' title='bbox 571 1938 663 2000; x_wconf 83' lang='lat' dir='ltr'><strong>poena</strong></span> <span class='ocrx_word' id='word_1_139' title='bbox 696 1924 853 1983; x_wconf 90' lang='lat' dir='ltr'><strong>mortuum</strong></span> <span class='ocrx_word' id='word_1_140' title='bbox 887 1918 1014 1999; x_wconf 82' lang='lat' dir='ltr'><strong>excepit,</strong></span> <span class='ocrx_word' id='word_1_141' title='bbox 1044 1926 1079 1982; x_wconf 87' lang='lat' dir='ltr'><strong>ut</strong></span> <span class='ocrx_word' id='word_1_142' title='bbox 1109 1918 1204 1982; x_wconf 88' lang='lat' dir='ltr'><strong>etiam</strong></span> <span class='ocrx_word' id='word_1_143' title='bbox 1234 1917 1349 1982; x_wconf 81' lang='lat' dir='ltr'><strong>fratres</strong></span> <span class='ocrx_word' id='word_1_144' title='bbox 1371 1918 1446 1983; x_wconf 84' lang='lat' dir='ltr'><strong>eius</strong></span> 
     </span>
     <span class='ocr_line' id='line_1_17' title="bbox 291 2020 1448 2104; baseline 0.002 -20"><span class='ocrx_word' id='word_1_145' title='bbox 291 2021 393 2087; x_wconf 89' lang='lat' dir='ltr'><strong>adbuc</strong></span> <span class='ocrx_word' id='word_1_146' title='bbox 415 2023 446 2086; x_wconf 90' lang='lat' dir='ltr'><strong>iu</strong></span> <span class='ocrx_word' id='word_1_147' title='bbox 477 2023 618 2104; x_wconf 86' lang='lat' dir='ltr'><strong>supernis</strong></span> <span class='ocrx_word' id='word_1_148' title='bbox 649 2028 823 2088; x_wconf 87' lang='lat' dir='ltr'><strong>manerent.</strong></span> <span class='ocrx_word' id='word_1_149' title='bbox 866 2020 946 2086; x_wconf 88' lang='lat' dir='ltr'><strong>nibil</strong></span> <span class='ocrx_word' id='word_1_150' title='bbox 983 2021 1047 2086; x_wconf 87' lang='lat' dir='ltr'><strong>illic</strong></span> <span class='ocrx_word' id='word_1_151' title='bbox 1077 2021 1232 2086; x_wconf 73' lang='lat' dir='ltr'><strong>dilationis</strong></span> <span class='ocrx_word' id='word_1_152' title='bbox 1262 2026 1314 2086; x_wconf 88' lang='lat' dir='ltr'><strong>aut</strong></span> <span class='ocrx_word' id='word_1_153' title='bbox 1343 2040 1448 2086; x_wconf 83' lang='lat' dir='ltr'><strong>morae</strong></span> 
     </span>
     <span class='ocr_line' id='line_1_18' title="bbox 292 2124 1447 2192; baseline 0.002 -3"><span class='ocrx_word' id='word_1_154' title='bbox 292 2133 348 2191; x_wconf 90' lang='lat' dir='ltr'><strong>est.</strong></span> <span class='ocrx_word' id='word_1_155' title='bbox 395 2126 498 2192; x_wconf 89' lang='lat' dir='ltr'><strong>iudicii</strong></span> <span class='ocrx_word' id='word_1_156' title='bbox 523 2126 607 2191; x_wconf 90' lang='lat' dir='ltr'><strong>enim</strong></span> <span class='ocrx_word' id='word_1_157' title='bbox 630 2125 697 2192; x_wconf 88' lang='lat' dir='ltr'><strong>dies</strong></span> <span class='ocrx_word' id='word_1_158' title='bbox 720 2125 771 2191; x_wconf 89' lang='lat' dir='ltr'><strong>nel</strong></span> <span class='ocrx_word' id='word_1_159' title='bbox 793 2126 995 2192; x_wconf 90' lang='lat' dir='ltr'><strong>beatitudinis</strong></span> <span class='ocrx_word' id='word_1_160' title='bbox 1019 2125 1179 2191; x_wconf 86' lang='lat' dir='ltr'><strong>retributio</strong></span> <span class='ocrx_word' id='word_1_161' title='bbox 1194 2131 1377 2190; x_wconf 84' lang='lat' dir='ltr'><strong>estaeterna</strong></span> <span class='ocrx_word' id='word_1_162' title='bbox 1393 2124 1447 2191; x_wconf 88' lang='lat' dir='ltr'><strong>uel</strong></span> 
     </span>
     <span class='ocr_line' id='line_1_19' title="bbox 291 2229 1446 2312; baseline 0 -18"><span class='ocrx_word' id='word_1_163' title='bbox 291 2247 398 2310; x_wconf 82' lang='lat' dir='ltr'><strong>poeuae.</strong></span> <span class='ocrx_word' id='word_1_164' title='bbox 445 2235 567 2310; x_wconf 85' lang='lat' dir='ltr'><strong>tempus</strong></span> <span class='ocrx_word' id='word_1_165' title='bbox 589 2251 663 2296; x_wconf 89' lang='lat' dir='ltr'><strong>uero</strong></span> <span class='ocrx_word' id='word_1_166' title='bbox 694 2231 803 2295; x_wconf 87' lang='lat' dir='ltr'><strong>mortis</strong></span> <span class='ocrx_word' id='word_1_167' title='bbox 830 2229 928 2295; x_wconf 88' lang='lat' dir='ltr'><strong>habet</strong></span> <span class='ocrx_word' id='word_1_168' title='bbox 948 2230 1073 2295; x_wconf 87' lang='lat' dir='ltr'><strong>interim</strong></span> <span class='ocrx_word' id='word_1_169' title='bbox 1095 2249 1350 2312; x_wconf 86' lang='lat' dir='ltr'><strong>unumquemque</strong></span> <span class='ocrx_word' id='word_1_170' title='bbox 1375 2231 1446 2294; x_wconf 89' lang='lat' dir='ltr'><strong>suis</strong></span> 
     </span>
     <span class='ocr_line' id='line_1_20' title="bbox 291 2331 1446 2418; baseline 0.002 -21"><span class='ocrx_word' id='word_1_171' title='bbox 291 2331 422 2415; x_wconf 79' lang='lat' dir='ltr'><strong>legibus,</strong></span> <span class='ocrx_word' id='word_1_172' title='bbox 446 2335 520 2398; x_wconf 89' lang='lat' dir='ltr'><strong>durn</strong></span> <span class='ocrx_word' id='word_1_173' title='bbox 544 2337 585 2400; x_wconf 89' lang='lat' dir='ltr'><strong>ad</strong></span> <span class='ocrx_word' id='word_1_174' title='bbox 608 2336 753 2400; x_wconf 88' lang='lat' dir='ltr'><strong>iudicium</strong></span> <span class='ocrx_word' id='word_1_175' title='bbox 777 2353 1031 2418; x_wconf 88' lang='lat' dir='ltr'><strong>unumquemque</strong></span> <span class='ocrx_word' id='word_1_176' title='bbox 1046 2332 1274 2398; x_wconf 85' lang='lat' dir='ltr'><strong>autAbrabam</strong></span> <span class='ocrx_word' id='word_1_177' title='bbox 1289 2339 1446 2410; x_wconf 73' lang='lat' dir='ltr'><strong>raseroat</strong></span> 
     </span>
    </p>

    <p class='ocr_par' dir='ltr' id='par_1_5' title="bbox 240 2443 467 2519">
     <span class='ocr_line' id='line_1_21' title="bbox 240 2443 467 2519; baseline 0.022 -20"><span class='ocrx_word' id='word_1_178' title='bbox 240 2463 265 2500; x_wconf 79' lang='lat' dir='ltr'><strong>aa</strong></span> <span class='ocrx_word' id='word_1_179' title='bbox 293 2443 345 2501; x_wconf 88' lang='lat' dir='ltr'><strong>aut</strong></span> <span class='ocrx_word' id='word_1_180' title='bbox 366 2457 467 2519; x_wconf 85' lang='lat' dir='ltr'><strong>poena.</strong></span> 
     </span>
    </p>
   </div>
   <div class='ocr_carea' id='block_1_4' title="bbox 238 2558 1447 3267">
    <p class='ocr_par' dir='ltr' id='par_1_6' title="bbox 290 2558 1447 2954">
     <span class='ocr_line' id='line_1_22' title="bbox 336 2558 1446 2641; baseline 0.002 -19"><span class='ocrx_word' id='word_1_181' title='bbox 336 2558 386 2623; x_wconf 79' lang='lat'><strong>50.</strong></span> <span class='ocrx_word' id='word_1_182' title='bbox 415 2558 453 2623; x_wconf 85' lang='lat' dir='ltr'><strong>Et</strong></span> <span class='ocrx_word' id='word_1_183' title='bbox 476 2560 592 2626; x_wconf 88' lang='lat' dir='ltr'><strong>idcirco</strong></span> <span class='ocrx_word' id='word_1_184' title='bbox 616 2561 774 2641; x_wconf 86' lang='lat' dir='ltr'><strong>copiosum</strong></span> <span class='ocrx_word' id='word_1_185' title='bbox 805 2559 888 2626; x_wconf 89' lang='lat' dir='ltr'><strong>hunc</strong></span> <span class='ocrx_word' id='word_1_186' title='bbox 918 2560 1120 2625; x_wconf 87' lang='lat' dir='ltr'><strong>sacramentis</strong></span> <span class='ocrx_word' id='word_1_187' title='bbox 1151 2558 1326 2624; x_wconf 72' lang='lat' dir='ltr'><strong>celestibus</strong></span> <span class='ocrx_word' id='word_1_188' title='bbox 1358 2559 1446 2640; x_wconf 85' lang='lat' dir='ltr'><strong>psal-</strong></span> 
     </span>
     <span class='ocr_line' id='line_1_23' title="bbox 291 2661 1447 2747; baseline 0.003 -23"><span class='ocrx_word' id='word_1_189' title='bbox 291 2681 375 2725; x_wconf 89' lang='lat' dir='ltr'><strong>mum</strong></span> <span class='ocrx_word' id='word_1_190' title='bbox 401 2661 445 2727; x_wconf 87' lang='lat' dir='ltr'><strong>sic</strong></span> <span class='ocrx_word' id='word_1_191' title='bbox 464 2661 615 2744; x_wconf 86' lang='lat' dir='ltr'><strong>propheta</strong></span> <span class='ocrx_word' id='word_1_192' title='bbox 638 2662 802 2730; x_wconf 81' lang='lat' dir='ltr'><strong>conclusit:</strong></span> <span class='ocrx_word' id='word_1_193' title='bbox 826 2664 940 2729; x_wconf 88' lang='lat' dir='ltr'><strong>beati</strong></span> <span class='ocrx_word' id='word_1_194' title='bbox 964 2663 1196 2747; x_wconf 70' lang='lat' dir='ltr'><strong>omnesqui</strong></span> <span class='ocrx_word' id='word_1_195' title='bbox 1218 2661 1447 2728; x_wconf 86' lang='lat' dir='ltr'><strong>confidunt</strong></span> 
     </span>
     <span class='ocr_line' id='line_1_24' title="bbox 290 2765 1447 2852; baseline 0 -22"><span class='ocrx_word' id='word_1_196' title='bbox 290 2765 328 2830; x_wconf 90' lang='lat' dir='ltr'><strong>iu</strong></span> <span class='ocrx_word' id='word_1_197' title='bbox 368 2785 461 2831; x_wconf 89' lang='lat' dir='ltr'><strong>eum.</strong></span> <span class='ocrx_word' id='word_1_198' title='bbox 518 2786 578 2832; x_wconf 93' lang='lat' dir='ltr'><strong>non</strong></span> <span class='ocrx_word' id='word_1_199' title='bbox 617 2769 772 2852; x_wconf 88' lang='lat' dir='ltr'><strong>trepidam</strong></span> <span class='ocrx_word' id='word_1_200' title='bbox 809 2789 897 2849; x_wconf 88' lang='lat' dir='ltr'><strong>spem</strong></span> <span class='ocrx_word' id='word_1_201' title='bbox 936 2787 1035 2852; x_wconf 90' lang='lat' dir='ltr'><strong>nequa</strong></span> <span class='ocrx_word' id='word_1_202' title='bbox 1073 2767 1250 2852; x_wconf 82' lang='lat' dir='ltr'><strong>ambiguam</strong></span> <span class='ocrx_word' id='word_1_203' title='bbox 1287 2767 1447 2848; x_wconf 82' lang='lat' dir='ltr'><strong>perfectio</strong></span> 
     </span>
     <span class='ocr_line' id='line_1_25' title="bbox 290 2867 1446 2954; baseline 0.001 -21"><span class='ocrx_word' id='word_1_204' title='bbox 290 2869 490 2935; x_wconf 85' lang='lat' dir='ltr'><strong>beatitudinis</strong></span> <span class='ocrx_word' id='word_1_205' title='bbox 514 2871 619 2954; x_wconf 83' lang='lat' dir='ltr'><strong>exigit.</strong></span> <span class='ocrx_word' id='word_1_206' title='bbox 665 2869 854 2938; x_wconf 87' lang='lat' dir='ltr'><strong>confidentia</strong></span> <span class='ocrx_word' id='word_1_207' title='bbox 887 2873 983 2937; x_wconf 90' lang='lat' dir='ltr'><strong>adid</strong></span> <span class='ocrx_word' id='word_1_208' title='bbox 1006 2892 1083 2953; x_wconf 87' lang='lat' dir='ltr'><strong>opus</strong></span> <span class='ocrx_word' id='word_1_209' title='bbox 1106 2877 1165 2952; x_wconf 86' lang='lat' dir='ltr'><strong>est,</strong></span> <span class='ocrx_word' id='word_1_210' title='bbox 1194 2869 1294 2934; x_wconf 84' lang='lat' dir='ltr'><strong>firmae</strong></span> <span class='ocrx_word' id='word_1_211' title='bbox 1317 2867 1446 2936; x_wconf 86' lang='lat' dir='ltr'><strong>scilicet</strong></span> 
     </span>
    </p>

    <p class='ocr_par' dir='ltr' id='par_1_7' title="bbox 238 2971 1445 3267">
     <span class='ocr_line' id='line_1_26' title="bbox 238 2971 1445 3059; baseline 0.002 -23"><span class='ocrx_word' id='word_1_212' title='bbox 238 2997 264 3037; x_wconf 79' lang='lat' dir='ltr'><strong>aa</strong></span> <span class='ocrx_word' id='word_1_213' title='bbox 291 2973 452 3054; x_wconf 87' lang='lat' dir='ltr'><strong>opinionis,</strong></span> <span class='ocrx_word' id='word_1_214' title='bbox 475 2980 506 3039; x_wconf 93' lang='lat' dir='ltr'><strong>et</strong></span> <span class='ocrx_word' id='word_1_215' title='bbox 539 2975 752 3041; x_wconf 86' lang='lat' dir='ltr'><strong>indemutabili</strong></span> <span class='ocrx_word' id='word_1_216' title='bbox 785 2975 957 3041; x_wconf 87' lang='lat' dir='ltr'><strong>uoluntate:</strong></span> <span class='ocrx_word' id='word_1_217' title='bbox 993 2977 1065 3059; x_wconf 85' lang='lat' dir='ltr'><strong>quia</strong></span> <span class='ocrx_word' id='word_1_218' title='bbox 1097 2975 1164 3056; x_wconf 87' lang='lat' dir='ltr'><strong>plus</strong></span> <span class='ocrx_word' id='word_1_219' title='bbox 1199 2975 1240 3040; x_wconf 87' lang='lat' dir='ltr'><strong>sit</strong></span> <span class='ocrx_word' id='word_1_220' title='bbox 1270 2971 1445 3052; x_wconf 88' lang='lat' dir='ltr'><strong>confidere,</strong></span> 
     </span>
     <span class='ocr_line' id='line_1_27' title="bbox 291 3076 1445 3164; baseline -0.001 -22"><span class='ocrx_word' id='word_1_221' title='bbox 291 3095 386 3159; x_wconf 89' lang='lat' dir='ltr'><strong>quam</strong></span> <span class='ocrx_word' id='word_1_222' title='bbox 438 3097 571 3159; x_wconf 88' lang='lat' dir='ltr'><strong>sperare.</strong></span> <span class='ocrx_word' id='word_1_223' title='bbox 638 3079 857 3146; x_wconf 89' lang='lat' dir='ltr'><strong>confidendum</strong></span> <span class='ocrx_word' id='word_1_224' title='bbox 909 3077 986 3164; x_wconf 82' lang='lat' dir='ltr'><strong>ergo</strong></span> <span class='ocrx_word' id='word_1_225' title='bbox 1037 3084 1095 3156; x_wconf 90' lang='lat' dir='ltr'><strong>est,</strong></span> <span class='ocrx_word' id='word_1_226' title='bbox 1140 3099 1180 3144; x_wconf 90' lang='lat' dir='ltr'><strong>ne</strong></span> <span class='ocrx_word' id='word_1_227' title='bbox 1223 3097 1281 3142; x_wconf 92' lang='lat' dir='ltr'><strong>nos</strong></span> <span class='ocrx_word' id='word_1_228' title='bbox 1324 3097 1345 3141; x_wconf 90' lang='lat' dir='ltr'><strong>a</strong></span> <span class='ocrx_word' id='word_1_229' title='bbox 1390 3076 1445 3144; x_wconf 88' lang='lat' dir='ltr'><strong>uia</strong></span> 
     </span>
     <span class='ocr_line' id='line_1_28' title="bbox 291 3179 1445 3267; baseline 0.002 -23"><span class='ocrx_word' id='word_1_230' title='bbox 291 3185 376 3246; x_wconf 88' lang='lat' dir='ltr'><strong>recta</strong></span> <span class='ocrx_word' id='word_1_231' title='bbox 420 3182 622 3264; x_wconf 80' lang='lat' dir='ltr'><strong>exardescens</strong></span> <span class='ocrx_word' id='word_1_232' title='bbox 662 3183 747 3250; x_wconf 88' lang='lat' dir='ltr'><strong>broni</strong></span> <span class='ocrx_word' id='word_1_233' title='bbox 793 3185 842 3249; x_wconf 90' lang='lat' dir='ltr'><strong>dei</strong></span> <span class='ocrx_word' id='word_1_234' title='bbox 887 3185 934 3248; x_wconf 88' lang='lat' dir='ltr'><strong>ira</strong></span> <span class='ocrx_word' id='word_1_235' title='bbox 979 3184 1137 3267; x_wconf 89' lang='lat' dir='ltr'><strong>deperdat.</strong></span> <span class='ocrx_word' id='word_1_236' title='bbox 1203 3179 1306 3246; x_wconf 88' lang='lat' dir='ltr'><strong>fidelis</strong></span> <span class='ocrx_word' id='word_1_237' title='bbox 1353 3182 1445 3246; x_wconf 89' lang='lat' dir='ltr'><strong>enim</strong></span> 
     </span>
    </p>
   </div>
   <div class='ocr_carea' id='block_1_5' title="bbox 289 3408 1447 3585">
    <p class='ocr_par' dir='ltr' id='par_1_8' title="bbox 289 3408 1447 3585">
     <span class='ocr_line' id='line_1_29' title="bbox 334 3408 1446 3512; baseline 0.003 -19"><span class='ocrx_word' id='word_1_238' title='bbox 334 3441 476 3495; x_wconf 78' lang='lat' dir='ltr'><strong>2aiuata</strong></span> <span class='ocrx_word' id='word_1_239' title='bbox 493 3443 540 3495; x_wconf 87' lang='lat' dir='ltr'><strong>uia</strong></span> <span class='ocrx_word' id='word_1_240' title='bbox 558 3441 585 3508; x_wconf 87' lang='lat' dir='ltr'><strong>(a</strong></span> <span class='ocrx_word' id='word_1_241' title='bbox 602 3461 673 3512; x_wconf 83' lang='lat' dir='ltr'><strong>supr.</strong></span> <span class='ocrx_word' id='word_1_242' title='bbox 691 3441 752 3511; x_wconf 79' lang='lat' dir='ltr'><strong>scr.)</strong></span> <span class='ocrx_word' id='word_1_243' title='bbox 766 3443 792 3496; x_wconf 84' lang='lat' dir='ltr'><em>R</em></span> <span class='ocrx_word' id='word_1_244' title='bbox 809 3461 826 3497; x_wconf 85' lang='lat' dir='ltr'><strong>a</strong></span> <span class='ocrx_word' id='word_1_245' title='bbox 844 3446 890 3498; x_wconf 89' lang='lat' dir='ltr'><strong>uia</strong></span> <span class='ocrx_word' id='word_1_246' title='bbox 907 3444 981 3498; x_wconf 85' lang='lat' dir='ltr'><strong>iusta</strong></span> <span class='ocrx_word' id='word_1_247' title='bbox 1004 3445 1078 3500; x_wconf 87' lang='lat' dir='ltr'><strong>Vde</strong></span> <span class='ocrx_word' id='word_1_248' title='bbox 1096 3445 1143 3498; x_wconf 84' lang='lat' dir='ltr'><strong>uia</strong></span> <span class='ocrx_word' id='word_1_249' title='bbox 1161 3445 1275 3498; x_wconf 78' lang='lat' dir='ltr'><strong>inataE</strong></span> <span class='ocrx_word' id='word_1_250' title='bbox 1323 3408 1446 3498; x_wconf 48' lang='lat' dir='ltr'><strong>ressld</strong></span> 
     </span>
     <span class='ocr_line' id='line_1_30' title="bbox 289 3529 1447 3585; baseline 0.004 -5"><span class='ocrx_word' id='word_1_251' title='bbox 289 3529 308 3580; x_wconf 79' lang='lat'>4</span> <span class='ocrx_word' id='word_1_252' title='bbox 333 3529 445 3581; x_wconf 86' lang='lat' dir='ltr'><strong>tametsi</strong></span> <span class='ocrx_word' id='word_1_253' title='bbox 471 3547 501 3581; x_wconf 75' lang='lat' dir='ltr'><strong>ex</strong></span> <span class='ocrx_word' id='word_1_254' title='bbox 526 3533 615 3582; x_wconf 84' lang='lat' dir='ltr'><strong>temet</strong></span> <span class='ocrx_word' id='word_1_255' title='bbox 642 3548 674 3582; x_wconf 77' lang='lat' dir='ltr'><strong>nt.</strong></span> <span class='ocrx_word' id='word_1_256' title='bbox 702 3531 722 3582; x_wconf 76' lang='lat'><em>2</em></span> <span class='ocrx_word' id='word_1_257' title='bbox 755 3531 780 3585; x_wconf 93' lang='lat' dir='ltr'><em>V</em></span> <span class='ocrx_word' id='word_1_258' title='bbox 828 3535 924 3585; x_wconf 85' lang='lat' dir='ltr'><strong>manet</strong></span> <span class='ocrx_word' id='word_1_259' title='bbox 949 3549 981 3585; x_wconf 77' lang='lat' dir='ltr'><strong>ec</strong></span> <span class='ocrx_word' id='word_1_260' title='bbox 1006 3536 1101 3585; x_wconf 86' lang='lat' dir='ltr'><strong>namet</strong></span> <span class='ocrx_word' id='word_1_261' title='bbox 1127 3531 1201 3585; x_wconf 71' lang='lat' dir='ltr'><strong>aa?</strong></span> <span class='ocrx_word' id='word_1_262' title='bbox 1232 3531 1257 3584; x_wconf 90' lang='lat' dir='ltr'><em>V</em></span> <span class='ocrx_word' id='word_1_263' title='bbox 1280 3535 1398 3585; x_wconf 73' lang='lat' dir='ltr'><strong>maneat</strong></span> <span class='ocrx_word' id='word_1_264' title='bbox 1415 3533 1447 3585; x_wconf 83' lang='lat' dir='ltr'><em>E</em></span> 
     </span>
    </p>
   </div>
   <div class='ocr_carea' id='block_1_6' title="bbox 204 3601 1446 4296">
    <p class='ocr_par' dir='ltr' id='par_1_9' title="bbox 204 3601 1446 4296">
     <span class='ocr_line' id='line_1_31' title="bbox 290 3601 1446 3705; baseline 0.006 -21"><span class='ocrx_word' id='word_1_265' title='bbox 290 3630 314 3684; x_wconf 76' lang='lat' dir='ltr'><strong>dt</strong></span> <span class='ocrx_word' id='word_1_266' title='bbox 332 3635 425 3685; x_wconf 84' lang='lat' dir='ltr'><strong>tamen</strong></span> <span class='ocrx_word' id='word_1_267' title='bbox 443 3633 469 3685; x_wconf 76' lang='lat' dir='ltr'><em>R</em></span> <span class='ocrx_word' id='word_1_268' title='bbox 521 3637 538 3687; x_wconf 84' lang='lat' dir='ltr'><strong>b</strong></span> <span class='ocrx_word' id='word_1_269' title='bbox 556 3632 634 3701; x_wconf 89' lang='lat' dir='ltr'><strong>impii</strong></span> <span class='ocrx_word' id='word_1_270' title='bbox 652 3639 771 3702; x_wconf 86' lang='lat' dir='ltr'><strong>pereunt</strong></span> <span class='ocrx_word' id='word_1_271' title='bbox 788 3661 823 3673; x_wconf 93' lang='lat'><em>-</em></span> <span class='ocrx_word' id='word_1_272' title='bbox 840 3635 875 3688; x_wconf 90' lang='lat' dir='ltr'><strong>de</strong></span> <span class='ocrx_word' id='word_1_273' title='bbox 898 3636 946 3689; x_wconf 82' lang='lat' dir='ltr'><strong>uia</strong></span> <span class='ocrx_word' id='word_1_274' title='bbox 969 3637 1043 3690; x_wconf 84' lang='lat' dir='ltr'><strong>iusta</strong></span> <span class='ocrx_word' id='word_1_275' title='bbox 1060 3654 1109 3689; x_wconf 89' lang='lat' dir='ltr'><strong>om.</strong></span> <span class='ocrx_word' id='word_1_276' title='bbox 1127 3636 1155 3690; x_wconf 86' lang='lat' dir='ltr'><em>R</em></span> <span class='ocrx_word' id='word_1_277' title='bbox 1210 3638 1228 3690; x_wconf 79' lang='lat'>8</span> <span class='ocrx_word' id='word_1_278' title='bbox 1253 3653 1305 3705; x_wconf 89' lang='lat' dir='ltr'><strong>per</strong></span> <span class='ocrx_word' id='word_1_279' title='bbox 1330 3601 1409 3704; x_wconf 65' lang='lat' dir='ltr'><strong>qun¹</strong></span> <span class='ocrx_word' id='word_1_280' title='bbox 1426 3655 1446 3691; x_wconf 74' lang='lat' dir='ltr'><strong>a</strong></span> 
     </span>
     <span class='ocr_line' id='line_1_32' title="bbox 289 3718 1443 3792; baseline 0.006 -22"><span class='ocrx_word' id='word_1_281' title='bbox 289 3718 363 3771; x_wconf 82' lang='lat' dir='ltr'><strong>insta</strong></span> <span class='ocrx_word' id='word_1_282' title='bbox 381 3718 470 3788; x_wconf 89' lang='lat' dir='ltr'><strong>Vper</strong></span> <span class='ocrx_word' id='word_1_283' title='bbox 487 3737 570 3788; x_wconf 87' lang='lat' dir='ltr'><strong>qnam</strong></span> <span class='ocrx_word' id='word_1_284' title='bbox 587 3721 662 3774; x_wconf 85' lang='lat' dir='ltr'><strong>iusta</strong></span> <span class='ocrx_word' id='word_1_285' title='bbox 675 3721 698 3770; x_wconf 81' lang='lat' dir='ltr'><em>R</em></span> <span class='ocrx_word' id='word_1_286' title='bbox 716 3739 766 3790; x_wconf 90' lang='lat' dir='ltr'><strong>per</strong></span> <span class='ocrx_word' id='word_1_287' title='bbox 785 3722 915 3791; x_wconf 80' lang='lat' dir='ltr'><strong>quamde</strong></span> <span class='ocrx_word' id='word_1_288' title='bbox 932 3723 1044 3776; x_wconf 83' lang='lat' dir='ltr'><strong>iustaE</strong></span> <span class='ocrx_word' id='word_1_289' title='bbox 1094 3724 1153 3777; x_wconf 71' lang='lat' dir='ltr'><strong>din</strong></span> <span class='ocrx_word' id='word_1_290' title='bbox 1164 3723 1344 3792; x_wconf 84' lang='lat' dir='ltr'><strong>poeoelucro</strong></span> <span class='ocrx_word' id='word_1_291' title='bbox 1357 3723 1443 3788; x_wconf 69' lang='lat' dir='ltr'><strong>Ro)</strong></span> 
     </span>
     <span class='ocr_line' id='line_1_33' title="bbox 291 3805 1446 3864; baseline 0.006 -7"><span class='ocrx_word' id='word_1_292' title='bbox 291 3807 324 3858; x_wconf 87' lang='grc'><strong>10</strong></span> <span class='ocrx_word' id='word_1_293' title='bbox 350 3805 379 3857; x_wconf 92' lang='lat' dir='ltr'><strong>iu</strong></span> <span class='ocrx_word' id='word_1_294' title='bbox 407 3806 486 3859; x_wconf 91' lang='lat' dir='ltr'><strong>breui</strong></span> <span class='ocrx_word' id='word_1_295' title='bbox 504 3825 535 3860; x_wconf 72' lang='lat' dir='ltr'><strong>cc</strong></span> <span class='ocrx_word' id='word_1_296' title='bbox 557 3807 587 3860; x_wconf 90' lang='lat' dir='ltr'><strong>in</strong></span> <span class='ocrx_word' id='word_1_297' title='bbox 605 3808 685 3862; x_wconf 84' lang='lat' dir='ltr'><strong>brebi</strong></span> <span class='ocrx_word' id='word_1_298' title='bbox 702 3808 774 3862; x_wconf 77' lang='lat' dir='ltr'><strong>m?</strong></span> <span class='ocrx_word' id='word_1_299' title='bbox 799 3810 821 3862; x_wconf 96' lang='lat' dir='ltr'><em>V</em></span> <span class='ocrx_word' id='word_1_300' title='bbox 873 3813 903 3863; x_wconf 86' lang='lat' dir='ltr'><strong>ll</strong></span> <span class='ocrx_word' id='word_1_301' title='bbox 923 3809 1084 3864; x_wconf 81' lang='lat' dir='ltr'><strong>decidentes</strong></span> <span class='ocrx_word' id='word_1_302' title='bbox 1101 3829 1132 3862; x_wconf 79' lang='lat' dir='ltr'><strong>ex</strong></span> <span class='ocrx_word' id='word_1_303' title='bbox 1149 3810 1303 3864; x_wconf 82' lang='lat' dir='ltr'><strong>deoidintee</strong></span> <span class='ocrx_word' id='word_1_304' title='bbox 1321 3827 1355 3863; x_wconf 86' lang='lat' dir='ltr'><strong>m.</strong></span> <span class='ocrx_word' id='word_1_305' title='bbox 1375 3811 1395 3862; x_wconf 89' lang='lat'><em>1</em></span> <span class='ocrx_word' id='word_1_306' title='bbox 1419 3811 1446 3864; x_wconf 92' lang='lat' dir='ltr'><em>V</em></span> 
     </span>
     <span class='ocr_line' id='line_1_34' title="bbox 204 3890 1443 3964; baseline 0.007 -22"><span class='ocrx_word' id='word_1_307' title='bbox 204 3954 209 3964; x_wconf 36' lang='grc' dir='ltr'>Ι</span> <span class='ocrx_word' id='word_1_308' title='bbox 290 3890 456 3945; x_wconf 87' lang='lat' dir='ltr'><strong>decedentes</strong></span> <span class='ocrx_word' id='word_1_309' title='bbox 475 3893 503 3945; x_wconf 88' lang='grc' dir='ltr'><em>Ε</em></span> <span class='ocrx_word' id='word_1_310' title='bbox 556 3896 587 3947; x_wconf 79' lang='lat' dir='ltr'><strong>tn</strong></span> <span class='ocrx_word' id='word_1_311' title='bbox 617 3894 651 3948; x_wconf 89' lang='lat' dir='ltr'><strong>de</strong></span> <span class='ocrx_word' id='word_1_312' title='bbox 681 3896 727 3949; x_wconf 88' lang='lat' dir='ltr'><strong>uia</strong></span> <span class='ocrx_word' id='word_1_313' title='bbox 755 3902 833 3949; x_wconf 87' lang='lat' dir='ltr'><strong>recta</strong></span> <span class='ocrx_word' id='word_1_314' title='bbox 863 3897 891 3948; x_wconf 85' lang='lat' dir='ltr'><em>E</em></span> <span class='ocrx_word' id='word_1_315' title='bbox 942 3901 1007 3950; x_wconf 86' lang='lat' dir='ltr'><strong>sunt</strong></span> <span class='ocrx_word' id='word_1_316' title='bbox 1036 3915 1085 3949; x_wconf 88' lang='lat' dir='ltr'><strong>om.</strong></span> <span class='ocrx_word' id='word_1_317' title='bbox 1114 3897 1129 3950; x_wconf 83' lang='lat' dir='ltr'><strong>d</strong></span> <span class='ocrx_word' id='word_1_318' title='bbox 1190 3899 1224 3952; x_wconf 80' lang='lat'><strong>13</strong></span> <span class='ocrx_word' id='word_1_319' title='bbox 1251 3896 1396 3951; x_wconf 74' lang='lat' dir='ltr'><strong>habrabee</strong></span> <span class='ocrx_word' id='word_1_320' title='bbox 1415 3897 1443 3951; x_wconf 85' lang='lat' dir='ltr'><em>R</em></span> 
     </span>
     <span class='ocr_line' id='line_1_35' title="bbox 291 3977 1442 4052; baseline 0.008 -23"><span class='ocrx_word' id='word_1_321' title='bbox 291 3978 325 4030; x_wconf 84' lang='lat'><strong>14</strong></span> <span class='ocrx_word' id='word_1_322' title='bbox 342 3977 404 4030; x_wconf 89' lang='lat' dir='ltr'><strong>sinn</strong></span> <span class='ocrx_word' id='word_1_323' title='bbox 422 3979 451 4030; x_wconf 87' lang='lat' dir='ltr'><em>E</em></span> <span class='ocrx_word' id='word_1_324' title='bbox 501 3981 535 4034; x_wconf 84' lang='grc'><strong>16</strong></span> <span class='ocrx_word' id='word_1_325' title='bbox 553 3979 642 4034; x_wconf 85' lang='lat' dir='ltr'><strong>adbuc</strong></span> <span class='ocrx_word' id='word_1_326' title='bbox 660 3999 709 4034; x_wconf 87' lang='lat' dir='ltr'><strong>om.</strong></span> <span class='ocrx_word' id='word_1_327' title='bbox 727 3982 769 4036; x_wconf 78' lang='lat' dir='ltr'><strong>Vc</strong></span> <span class='ocrx_word' id='word_1_328' title='bbox 821 3984 857 4036; x_wconf 77' lang='lat'><strong>20</strong></span> <span class='ocrx_word' id='word_1_329' title='bbox 874 3987 923 4036; x_wconf 82' lang='lat' dir='ltr'><strong>aut</strong></span> <span class='ocrx_word' id='word_1_330' title='bbox 940 4001 997 4052; x_wconf 81' lang='lat' dir='ltr'><strong>sap.</strong></span> <span class='ocrx_word' id='word_1_331' title='bbox 1015 3985 1060 4037; x_wconf 81' lang='lat' dir='ltr'><strong>lla.</strong></span> <span class='ocrx_word' id='word_1_332' title='bbox 1079 4001 1097 4036; x_wconf 90' lang='lat' dir='ltr'><strong>o</strong></span> <span class='ocrx_word' id='word_1_333' title='bbox 1114 4001 1148 4036; x_wconf 81' lang='lat' dir='ltr'><strong>m.</strong></span> <span class='ocrx_word' id='word_1_334' title='bbox 1167 3982 1230 4037; x_wconf 83' lang='lat' dir='ltr'><strong>2&#39;V</strong></span> <span class='ocrx_word' id='word_1_335' title='bbox 1287 3999 1442 4052; x_wconf 61' lang='lat' dir='ltr'><strong>menaea</strong></span> 
     </span>
     <span class='ocr_line' id='line_1_36' title="bbox 289 4064 1442 4132; baseline 0.007 -16"><span class='ocrx_word' id='word_1_336' title='bbox 289 4080 379 4132; x_wconf 86' lang='lat' dir='ltr'><strong>poena</strong></span> <span class='ocrx_word' id='word_1_337' title='bbox 396 4083 430 4118; x_wconf 89' lang='lat' dir='ltr'><strong>m.</strong></span> <span class='ocrx_word' id='word_1_338' title='bbox 447 4064 467 4118; x_wconf 87' lang='lat'><strong><em>3</em></strong></span> <span class='ocrx_word' id='word_1_339' title='bbox 485 4067 511 4119; x_wconf 84' lang='lat' dir='ltr'><em>R</em></span> <span class='ocrx_word' id='word_1_340' title='bbox 562 4069 595 4121; x_wconf 69' lang='lat' dir='ltr'><strong>dl</strong></span> <span class='ocrx_word' id='word_1_341' title='bbox 624 4069 805 4122; x_wconf 81' lang='lat' dir='ltr'><strong>sacrementis</strong></span> <span class='ocrx_word' id='word_1_342' title='bbox 831 4088 862 4122; x_wconf 78' lang='lat' dir='ltr'><strong>ex</strong></span> <span class='ocrx_word' id='word_1_343' title='bbox 887 4075 1091 4124; x_wconf 79' lang='lat' dir='ltr'><strong>sacramentum</strong></span> <span class='ocrx_word' id='word_1_344' title='bbox 1117 4069 1190 4124; x_wconf 80' lang='lat' dir='ltr'><strong>m.2</strong></span> <span class='ocrx_word' id='word_1_345' title='bbox 1212 4070 1238 4126; x_wconf 93' lang='lat' dir='ltr'><em>V</em></span> <span class='ocrx_word' id='word_1_346' title='bbox 1286 4072 1322 4124; x_wconf 71' lang='lat'><strong>84</strong></span> <span class='ocrx_word' id='word_1_347' title='bbox 1339 4068 1442 4124; x_wconf 72' lang='lat' dir='ltr'><strong>firmae</strong></span> 
     </span>
     <span class='ocr_line' id='line_1_37' title="bbox 290 4150 1445 4228; baseline 0.006 -25"><span class='ocrx_word' id='word_1_348' title='bbox 290 4150 398 4205; x_wconf 87' lang='lat' dir='ltr'><strong>scilicet</strong></span> <span class='ocrx_word' id='word_1_349' title='bbox 415 4151 523 4221; x_wconf 90' lang='lat' dir='ltr'><strong>opionis</strong></span> <span class='ocrx_word' id='word_1_350' title='bbox 541 4153 575 4207; x_wconf 85' lang='lat' dir='ltr'><strong>V¹</strong></span> <span class='ocrx_word' id='word_1_351' title='bbox 601 4153 696 4208; x_wconf 82' lang='lat' dir='ltr'><strong>firmae</strong></span> <span class='ocrx_word' id='word_1_352' title='bbox 714 4156 853 4223; x_wconf 85' lang='lat' dir='ltr'><strong>opinionis</strong></span> <span class='ocrx_word' id='word_1_353' title='bbox 871 4156 979 4210; x_wconf 85' lang='lat' dir='ltr'><strong>soilioet</strong></span> <span class='ocrx_word' id='word_1_354' title='bbox 991 4155 1020 4208; x_wconf 84' lang='lat' dir='ltr'><em>E</em></span> <span class='ocrx_word' id='word_1_355' title='bbox 1078 4158 1112 4211; x_wconf 71' lang='lat' dir='ltr'><strong>ab</strong></span> <span class='ocrx_word' id='word_1_356' title='bbox 1125 4159 1229 4228; x_wconf 82' lang='lat' dir='ltr'><strong>sitsap.</strong></span> <span class='ocrx_word' id='word_1_357' title='bbox 1242 4159 1288 4210; x_wconf 77' lang='lat' dir='ltr'><strong>lin.</strong></span> <span class='ocrx_word' id='word_1_358' title='bbox 1300 4175 1317 4210; x_wconf 89' lang='lat' dir='ltr'><strong>o</strong></span> <span class='ocrx_word' id='word_1_359' title='bbox 1329 4155 1400 4210; x_wconf 73' lang='lat' dir='ltr'><strong>nu?</strong></span> <span class='ocrx_word' id='word_1_360' title='bbox 1418 4156 1445 4210; x_wconf 78' lang='lat' dir='ltr'><em>V</em></span> 
     </span>
     <span class='ocr_line' id='line_1_38' title="bbox 289 4236 958 4296; baseline 0.007 -5"><span class='ocrx_word' id='word_1_361' title='bbox 289 4237 323 4291; x_wconf 72' lang='lat'><strong>27</strong></span> <span class='ocrx_word' id='word_1_362' title='bbox 342 4236 371 4290; x_wconf 91' lang='lat' dir='ltr'><strong>in</strong></span> <span class='ocrx_word' id='word_1_363' title='bbox 389 4238 469 4292; x_wconf 88' lang='lat' dir='ltr'><strong>breui</strong></span> <span class='ocrx_word' id='word_1_364' title='bbox 487 4257 517 4292; x_wconf 75' lang='lat' dir='ltr'><strong>eu</strong></span> <span class='ocrx_word' id='word_1_365' title='bbox 533 4239 613 4294; x_wconf 91' lang='lat' dir='ltr'><strong>breui</strong></span> <span class='ocrx_word' id='word_1_366' title='bbox 631 4259 664 4293; x_wconf 87' lang='lat' dir='ltr'><strong>m.</strong></span> <span class='ocrx_word' id='word_1_367' title='bbox 683 4240 703 4293; x_wconf 86' lang='lat'><em>2</em></span> <span class='ocrx_word' id='word_1_368' title='bbox 725 4241 750 4295; x_wconf 95' lang='lat' dir='ltr'><em>V</em></span> <span class='ocrx_word' id='word_1_369' title='bbox 800 4242 843 4295; x_wconf 90' lang='lat' dir='ltr'><strong>ira</strong></span> <span class='ocrx_word' id='word_1_370' title='bbox 859 4241 905 4296; x_wconf 89' lang='lat' dir='ltr'><strong>dei</strong></span> <span class='ocrx_word' id='word_1_371' title='bbox 924 4243 958 4296; x_wconf 86' lang='lat' dir='ltr'><strong>E.</strong></span> 
     </span>
    </p>
   </div>
   <div class='ocr_carea' id='block_1_7' title="bbox 0 0 1542 4967">
    <p class='ocr_par' dir='ltr' id='par_1_10' title="bbox 0 0 1542 4967">
     <span class='ocr_line' id='line_1_39' title="bbox 0 0 1542 4967; baseline 0 0"><span class='ocrx_word' id='word_1_372' title='bbox 0 0 1542 4967; x_wconf 95' lang='lat' dir='ltr'><strong> </strong></span> 
     </span>
    </p>
   </div>
  </div>
 </body>
</html>
