3075 4967
320 291 382 355 768
667 293 784 344 sancti
802 291 936 345 Hilarii
955 293 1116 362 episcopi

318 482 364 547 sal
398 489 495 558 terrae,
529 481 634 546 lumen
670 483 778 547 mundi
812 488 843 547 et
876 482 1033 548 lucernam
1064 484 1175 549 domus
1204 485 1238 548 in
1272 487 1444 553 candelabro

318 588 357 652 ob
381 588 511 671 egregia
533 595 564 652 et
586 585 868 666 conspicabilia-
890 588 930 651 ad
960 589 1187 668 conparationis
1217 590 1392 671 exemplum
1413 627 1447 638 —

317 691 392 757 fidei
414 711 477 756 sure
501 711 594 771 opem
623 697 843 771 nuncupasset,
876 711 1000 756 rursum
1023 711 1137 757 uocans
1160 714 1214 758 eos
1238 714 1257 758 a
1279 697 1405 760 terrenis
1423 706 1448 760 et

318 795 566 876 corruptibilibus
589 794 743 860 thesauris
766 802 797 860 et
819 815 837 859 s
859 795 962 861 seculi
986 795 1081 861 lucris
1105 817 1175 862 esse
1198 798 1302 864 oculos
1321 801 1447 880 corporis

278 927 290 963 r
318 899 393 965 dixit
415 900 472 964 ita:
508 898 676 964 lucerna
708 900 898 980 corporis
928 901 984 964 tui
1018 907 1080 966 est
1113 900 1258 967 oculus
1280 909 1380 968 tuns.
1420 904 1447 968 si

317 1004 457 1068 oculus
481 1011 573 1068 tuus
596 1003 773 1084 simplex
795 1010 866 1085 est,
902 1011 1027 1068 totum
1062 1025 1211 1086 corpus
1241 1013 1347 1070 tuum
1379 1008 1447 1072 erit

316 1106 511 1172 lucidum:
537 1108 569 1171 si
593 1113 727 1172 autem
751 1107 894 1172 oculus
918 1113 1010 1172 tuus
1034 1128 1205 1192 usquam
1236 1117 1307 1187 est,
1330 1118 1446 1175 totum

316 1231 462 1292 corpus
485 1219 592 1276 tuum
615 1214 880 1277 tenebrosum
903 1213 991 1277 erit.
1015 1212 1048 1277 si
1072 1233 1169 1296 ergo
1192 1214 1446 1297 lumenquod

314 1318 354 1381 in
377 1322 414 1382 te
437 1321 504 1394 est,
522 1316 701 1380 tenebrae
724 1324 824 1388 sunt
847 1317 945 1396 ipsse
970 1317 1447 1400 tenebraequautaesunt‘l

265 1445 288 1482 ιο
315 1427 401 1486 extra
423 1419 614 1500 corporalem
637 1419 883 1504 intellegentiam
905 1419 989 1486 locus
1012 1420 1070 1486 iste
1093 1428 1157 1498 est;
1181 1429 1212 1486 et
1235 1422 1350 1487 idcirco
1366 1423 1445 1502 spiri·

315 1525 416 1590 taliter
437 1524 666 1607 intellegendus
689 1531 743 1588 est.
789 1523 918 1604 aposloli
949 1525 1063 1608 itaque,
1093 1527 1146 1608 qui
1169 1525 1319 1602 ecclcsiae,
1351 1527 1445 1591 idest

315 1627 430 1692 Christi
461 1628 596 1709 corporis
630 1629 708 1693 oculi
743 1633 824 1703 sunt,
858 1626 951 1693 lucidi
985 1635 1017 1692 et
1039 1629 1197 1710 simplices
1220 1629 1361 1694 iubeutru
1384 1649 1443 1694 esse

314 1752 439 1813 corpore
462 1738 524 1797 toto
547 1731 647 1796 lucido
670 1731 719 1797 his
743 1732 937 1812 simplicibus
957 1753 1112 1811 mansuro,
1142 1734 1168 1797 si
1191 1741 1297 1798 autem
1319 1753 1443 1817 nequam

313 1836 435 1912 fuerint,
459 1842 521 1901 toto
544 1856 672 1917 corpore
696 1835 870 1901 necessario
893 1839 1057 1902 tenebroso
1081 1837 1196 1902 futuro:
1231 1836 1314 1902 nulla
1336 1837 1443 1902 scilicet

261 1965 285 2001 rr
313 1941 448 2005 tenebris
472 1961 526 2021 spe
556 1940 682 2005 luminis
716 1941 850 2015 residua,
885 1941 911 2006 si
935 1940 1039 2005 lumen
1063 1941 1163 2021 ipsum
1187 1942 1218 2005 iu
1243 1941 1379 2006 tenebris
1400 1940 1441 2004 sit

313 2065 432 2126 exque
462 2044 582 2127 ingenti
612 2042 746 2125 periculo
781 2046 966 2120 sacerdotes
1001 2046 1054 2128 qui
1090 2045 1230 2110 ecclesiae
1263 2045 1338 2110 oculi
1370 2056 1441 2111 suut

312 2148 444 2231 negotiis
468 2147 579 2216 saeculi.
603 2147 686 2213 curis
708 2149 847 2228 pecunie
862 2155 893 2212 et
909 2148 1107 2213 familiarium
1124 2169 1230 2214 rerum
1256 2149 1441 2214 incrementis

313 2259 342 2315 et
366 2252 576 2316 conuiu'orum
598 2251 718 2316 luxibus
742 2263 937 2332 occupantur.
984 2253 1124 2318 ecclesie
1140 2255 1224 2318 enim
1245 2255 1347 2318 lumen
1368 2262 1440 2317 suut.

311 2355 343 2418 id
366 2369 413 2420 est
435 2274 571 2436 cssporis
602 2355 690 2421 oculi.
737 2362 768 2421 et
791 2357 817 2420 si
852 2355 956 2422 lumen
979 2357 1080 2437 ipsum
1103 2359 1241 2422 auaritiae
1264 2363 1296 2422 et
1317 2355 1440 2421 lasciuia

259 2484 284 2521 πο
311 2465 398 2524 noete
433 2459 635 2534 tenebrescat,
669 2461 790 2540 corpori
823 2460 856 2526 id
879 2460 1105 2539 est-ecclesiae,
1138 2462 1187 2525 oui
1220 2481 1278 2542 per
1308 2467 1438 2526 naturam

311 2583 398 2626 suom
421 2565 557 2628 tenebrae
580 2571 659 2638 suut,
683 2571 807 2647 quantae
830 2565 957 2645 insuper
979 2567 1116 2630 tenebrae
1140 2566 1180 2629 de
1203 2563 1342 2646 exemplo
1362 2571 1436 2628 tene

310 2667 394 2731 brosi
417 2666 540 2732 luminis
563 2667 773 2733 inueheutur?
816 2667 848 2732 hi
873 2689 948 2753 ergo
973 2668 1052 2733 oculi
1082 2669 1147 2733 eius
1169 2669 1372 2748 inperfectum
1393 2665 1437 2730 dci

310 2770 460 2834 uiderunt.
505 2771 711 2851 inperfectum
741 2781 846 2836 sutem
877 2773 928 2837 dei
959 2773 1101 2849 diximus,
1136 2772 1218 2855 quod
1250 2773 1363 2837 sactum
1382 2787 1436 2832 non

310 2873 350 2937 sit
373 2879 404 2938 et
426 2885 563 2940 maneat:
599 2876 631 2941 in
654 2895 713 2958 quo
735 2877 892 2941 aeternitas
915 2876 1037 2942 iulectae
1072 2876 1243 2942 diuinitatis
1272 2874 1437 2941 ostenditur.

258 3021 283 3058 rr
354 2993 404 3058 35.
421 2995 481 3060 Sed
498 2999 598 3060 audax
614 2997 694 3061 sorte
711 3003 765 3073 est,
780 3005 813 3062 ut
827 2997 1045 3062 ininitiabilem
1067 2996 1153 3061 illam
1176 2997 1227 3061 dei
1251 2997 1346 3078 patris
1360 3001 1436 3059 ater·

308 3099 438 3164 uitatem
461 3100 560 3164 uisam
583 3101 621 3166 ab
638 3101 785 3181 apostolis
800 3101 991 3178 edomamus,
1015 3101 1151 3166 maxime
1167 3121 1238 3165 curn
1255 3103 1367 3166 dictum
1385 3097 1436 3160 sit:

309 3203 422 3267 deum
445 3223 557 3268 nemo
580 3204 685 3269 uidit
718 3225 902 3288 umquam
936 3206 1014 3270 nisi
1045 3206 1290 3289 unigenitus
1322 3201 1435 3267 silius.

309 3308 375 3388 qui
392 3315 451 3372 est
466 3308 503 3371 iu
520 3309 611 3372 sinu
626 3309 766 3390 patris.
798 3311 854 3374 sed
866 3308 944 3373 nibil
955 3318 1095 3375 nostrum
1108 3309 1252 3386 dicimus,
1261 3307 1338 3373 nibil
1348 3305 1435 3371 audax

307 3412 528 3492 predicamus
552 3413 634 3477 dicat
656 3412 716 3488 ille,
739 3415 792 3497 qui
815 3414 907 3478 dixit:
938 3413 1006 3496 qui
1031 3435 1089 3477 me
1120 3413 1242 3491 uidet,
1271 3413 1376 3476 uidet
1401 3414 1434 3469 et

255 3543 281 3582 ro
307 3522 424 3596 patre
434 3537 473 3594 m,
487 3536 547 3579 non
561 3517 662 3597 ipsum
675 3537 708 3581 se
721 3523 841 3598 patrem
854 3537 922 3583 esse
935 3517 1124 3601 significans.
1158 3538 1221 3582 non
1234 3517 1316 3583 enim
1327 3509 1432 3595 roganti

308 3619 460 3700 Philippo,
483 3627 516 3684 ut
538 3620 598 3685 sibi
619 3627 740 3701 patrem
763 3622 948 3698 ostenderet,
972 3622 1147 3702 respondit:
1179 3641 1238 3705 ego
1261 3628 1346 3702 pater
1364 3631 1432 3685 sunl.

349 3830 365 3879 s
384 3827 482 3882 March.
502 3827 548 3896 v1,
567 3830 601 3880 aa
619 3845 658 3895 sq.
694 3831 727 3881 ar
747 3828 805 3881 Iob.
824 3830 844 3896 1,
865 3831 904 3881 rs.
940 3831 975 3882 as
993 3828 1050 3882 rou.
1069 3827 1185 3897 aru-s.

349 4021 362 4071 1
384 4018 481 4071 domus
499 4039 511 4069 ε
529 4019 563 4087 cf.
583 4019 674 4071 lloltlr.
691 4019 720 4084 V,
734 4017 770 4072 15
789 4019 840 4072 dns
853 4019 896 4071 lla
915 4019 963 4071 dur
978 4018 1003 4070 G
1056 4021 1073 4072 3
1091 4024 1235 4087 nuncupat
1252 4024 1280 4071 et
1296 4025 1394 4106 mrsum
1404 4008 1429 4102 ‘i

306 4105 458 4172 6simplex
477 4109 518 4158 est
539 4107 564 4156 (J
582 4105 739 4173 simplexR
792 4108 916 4173 tneque
935 4109 977 4158 est
997 4105 1023 4158 G
1075 4105 1186 4174 9ipsae
1204 4105 1329 4158 tenebrae
1342 4104 1426 4152 ratas

306 4193 509 4244 sssstenebrae
530 4193 555 4244 G
572 4193 703 4245 tenebrae
722 4192 799 4259 ipsse
810 4193 864 4244 RE
897 4197 1016 4259 quantae
1035 4197 1099 4247 sunt
1119 4193 1173 4245 GR
1190 4198 1304 4260 quantae
1320 4188 1388 4240 erunt
1400 4179 1429 4230 Ε

307 4279 339 4330 15
357 4275 437 4345 ipssrd
456 4279 481 4330 R
504 4280 538 4331 cf.
557 4280 638 4332 Acori.
654 4297 682 4348 p.
702 4278 740 4332 98
792 4281 824 4332 21
844 4285 876 4332 ut
893 4280 1021 4352 exempl*
1038 4276 1072 4343 (l)
1094 4279 1126 4333 G.
