3075 4967
396 252 577 301 tractatus
600 247 634 301 in
652 248 821 316 psalmum
841 246 985 300 cxxxvi.
1200 247 1263 312 733

163 439 211 502 13.
238 435 485 504 commemorata
507 443 610 502 antem
638 434 832 502 Hierusalem
868 437 1045 516 eaptinitate
1074 443 1106 502 et
1128 437 1262 504 filiorum

120 541 216 606 lldom
242 543 272 606 in
294 541 506 607 exinaniendis
522 542 610 606 uobis
626 561 725 625 usque
741 541 782 605 ad
797 539 1034 618 fundamentum
1050 541 1263 608 adhortatione

119 665 310 729 oonsequens
334 653 389 723 est,
412 651 456 724 ut,
480 651 631 728 quatenus
656 647 808 712 aduersus
832 644 898 710 baeo
922 646 1012 711 nobis
1033 647 1260 727 prouidendum

118 751 162 827 sit,
187 749 339 831 propheta
361 751 562 816 demonstret.
606 757 637 814 et
660 749 853 814 demonstrat
868 749 968 830 plane.
991 769 1051 815 non
1076 751 1181 834 inopes
1205 769 1262 814 nos

117 853 1260 938 nequeinperitosrelinquens,oumait:iiliaBabylonismisera:
1301 882 1314 918 a

116 959 269 1036 beatus,
286 960 353 1042 qui
369 958 575 1024 retribuet
590 959 662 1023 tibi
678 958 994 1024 retributionem
1014 964 1128 1038 tuam,
1145 979 1260 1043 quam

116 1062 352 1129 retribuisti
388 1062 514 1128 nobis.
560 1063 714 1140 beatus,
739 1063 805 1145 qui
843 1063 1006 1129 tenebit
1039 1075 1075 1128 et
1112 1051 1260 1129 allidet

116 1165 309 1246 paruulos
343 1173 431 1232 tuos
466 1166 512 1232 ad
545 1172 711 1246 petram.
755 1165 870 1233 uellem
904 1167 1077 1248 percontari
1111 1187 1171 1240 eoa
1206 1170 1259 1252 qui

114 1272 228 1336 otiosas
251 1289 320 1336 esse
341 1270 496 1352 spiritales
511 1269 703 1352 psalmorum
718 1270 945 1356 intellegentias
961 1273 1148 1350 existimant,
1165 1292 1258 1355 quam

113 1373 162 1440 hio
188 1396 206 1439 a
229 1375 378 1456 propheta
394 1373 562 1460 Babylonis
584 1373 680 1440 filiam
698 1375 815 1442 dietam
830 1395 899 1441 esse
915 1375 1102 1460 intellegant,
1125 1383 1164 1452 et,
1187 1396 1258 1441 oum
1288 1402 1311 1436 ιο

113 1479 256 1564 superius
280 1499 371 1561 super
385 1478 550 1563 Babylonis
566 1479 695 1544 flumina
717 1499 839 1544 sessum
855 1487 947 1564 atque
962 1479 1115 1561 ploratum
1133 1481 1180 1556 sit,
1204 1500 1258 1546 eur

113 1603 195 1648 uuna
220 1583 387 1668 Babylonis
410 1583 474 1649 iilia
497 1585 613 1648 misera
636 1581 698 1648 sit?
729 1585 785 1648 sed
809 1585 881 1668 quia
904 1604 1013 1649 seusus
1036 1583 1169 1669 legentis
1190 1591 1257 1650 eor-

112 1687 208 1767 porali
243 1687 454 1772 intellegentia
491 1695 582 1764 earet,
622 1686 768 1768 spiritalis
803 1689 880 1752 ratio
914 1688 1076 1754 tractanda
1109 1695 1165 1754 est.
1218 1689 1257 1752 od

111 1791 266 1858 infelicem
289 1791 373 1858 euim
394 1791 478 1856 illam
495 1791 682 1858 confusionis
699 1797 731 1858 et
745 1793 985 1872 perturbationis
1000 1798 1114 1858 nostrae
1129 1811 1255 1858 earnem

112 1915 214 1961 sermo
237 1895 338 1961 omnis
361 1896 532 1974 reuertitur,
556 1916 625 1980 quae
650 1897 821 1962 seeundum
845 1894 982 1962 historiae
1005 1896 1101 1961 fidem
1124 1917 1162 1960 ex
1184 1916 1256 1962 oon·
1283 1922 1308 1958 n

112 1999 240 2064 lusionis
262 2000 401 2080 patribus
425 2001 528 2082 genito¹
550 2007 605 2074 est,
636 2001 708 2084 quia
730 2001 832 2065 omnis
855 2019 928 2066 earo
959 2001 1123 2081 superioris
1152 2002 1256 2066 earnis

111 2114 157 2170 est
178 2103 254 2170 filia.
301 2124 337 2169 en
360 2103 410 2169 his
433 2105 525 2180 enim,
549 2105 601 2186 qui
624 2106 761 2185 primum
784 2105 921 2170 ooufusis
937 2104 1052 2188 linguis
1067 2105 1256 2171 confusionis

110 2209 228 2286 urbem,
252 2228 321 2292 quea
343 2207 516 2290 Babylonia
539 2213 594 2288 est,
630 2209 842 2287 eondidemnt,
871 2209 1085 2274 uniuersorum
1114 2209 1254 2294 gentium

110 2314 195 2379 initis
218 2313 359 2394 dispersa
381 2318 460 2378 sunt.
505 2311 572 2378 haee
603 2332 678 2397 ergo
709 2314 825 2378 misera
849 2312 1017 2396 Babylonis
1047 2318 1096 2378 est
1116 2311 1188 2390 filia,
1223 2313 1254 2376 id

110 2423 156 2482 est
178 2436 251 2483 earo
274 2417 420 2482 omnium.
466 2417 516 2482 oui
545 2418 597 2501 qui
622 2417 771 2482 retribuet
793 2417 1008 2482 retributiones
1032 2437 1112 2494 suas,
1147 2418 1255 2482 beatus
1282 2441 1307 2476 20

109 2527 164 2598 est,
199 2520 317 2586 scilieet
347 2520 399 2605 qui
429 2540 552 2586 earnem
585 2539 672 2586 suam
698 2521 869 2586 dominatui
893 2523 1005 2586 animae
1028 2521 1200 2599 subieeerit,
1224 2528 1255 2587 et

110 2623 242 2708 quisque
275 2644 343 2690 earn
377 2625 496 2706 spiritui
531 2625 712 2691 subdiderit.
758 2623 811 2690 illa
844 2625 926 2690 enim
960 2645 1068 2690 omnes
1102 2645 1163 2701 eos,
1201 2627 1253 2708 qni

110 2728 233 2809 inperiti
249 2730 288 2794 de
305 2731 363 2794 deo
382 2737 413 2794 et
432 2728 531 2813 ignari
549 2734 644 2806 erant,
660 2730 803 2795 omnibus
819 2728 1027 2810 uoluptatibus
1043 2736 1076 2794 et
1090 2730 1253 2796 desideriis

109 2833 170 2898 suis
194 2833 361 2917 subegerat
383 2840 412 2898 et
435 2834 568 2914 eaptiuae
584 2833 681 2899 menti
697 2834 862 2899 dominans
877 2833 1059 2914 imperabat.
1104 2835 1160 2899 sed
1181 2853 1252 2925 eum

109 2957 163 3016 per
185 2937 396 3022 oognitionem
420 2937 470 3002 dei
493 2938 568 3004 uitia
590 2938 664 3013 eius,
697 2956 759 3005 non
784 2939 852 3002 dieo
874 2936 1048 3016 abolitione,
1072 2939 1127 3002 sad
1151 2946 1251 3004 morte
1278 2961 1303 2997 aa
1414 2972 1417 2985 ·

108 3041 307 3120 perimuntur,
331 3059 401 3106 oum
425 3041 542 3126 religio,
564 3042 721 3122 pudicitia,
752 3039 883 3126 largitio,
914 3041 1065 3107 sobrietas
1089 3047 1121 3106 et
1142 3043 1251 3107 oaritas

108 3145 306 3225 impietatem,
329 3144 498 3222 libidinem,
529 3146 699 3221 auaritiam,
730 3144 921 3224 ebrietatem,
951 3144 1149 3223 simultatem,
1181 3146 1251 3210 odia
1296 3215 1299 3221 ,

152 3304 447 3391 laommemoratautt
466 3301 492 3354 P
542 3302 736 3370 captiuitatem
755 3303 782 3355 P
831 3303 1060 3356 brodhor-tatione
1076 3304 1102 3355 P
1152 3304 1251 3371 Sper·

108 3423 232 3475 annotari
250 3423 293 3476 Pa
348 3426 381 3478 10
398 3425 435 3475 sic
453 3425 491 3476 Re
519 3421 583 3488 (nisi
601 3425 712 3492 qnandiu
732 3424 757 3477 R
776 3441 894 3494 qurpro
919 3423 987 3491 our),
1006 3428 1035 3476 et
1061 3429 1096 3477 ott
1122 3424 1250 3492 superius

108 3507 185 3628 suph·
196 3560 350 3630 babyllonis
369 3559 426 3615 filia
443 3561 544 3615 misera
563 3563 600 3615 sit
618 3563 666 3616 sed
685 3563 750 3631 quia
768 3573 812 3615 oar.
824 3563 890 3616 Pet
904 3562 1253 3631 quomodocumsuperius

108 3647 223 3714 superba
232 3646 290 3702 filia
299 3647 445 3715 babylonia
454 3665 528 3701 nuno
538 3649 639 3702 misere
650 3649 686 3702 sit
696 3649 742 3703 sed
753 3649 820 3718 quia
829 3660 872 3702 cet.
884 3650 923 3702 Τὸ
932 3650 966 3718 cf.
975 3650 1103 3702 Addendo
1141 3649 1250 3703 150011-

107 3785 221 3873 lusionis
238 3786 263 3854 (s
282 3789 308 3840 in
326 3805 379 3841 rua.
399 3786 473 3839 2-:1
491 3785 548 3854 tin.)
568 3789 594 3841 R
647 3791 681 3842 20
699 3789 744 3842 ani
769 3790 817 3858 qui
842 3789 979 3844 retribuet
997 3789 1052 3841 RE
1067 3788 1112 3841 aui
1131 3735 1149 3857 cl
1167 3788 1249 3843 retri-

105 3889 199 3943 buerit
217 3891 241 3942 Τ
257 3891 357 3960 auique
375 3893 530 3947 retribuere
549 3895 575 3946 P
625 3897 658 3948 sl
678 3894 786 3948 scilieet
810 3895 857 3962 qui
877 3895 941 3948 RTt
965 3894 1075 3948 seilicet
1100 3897 1165 3963 quia
1183 3897 1210 3948 P
1225 3897 1248 3949 ai

12 4019 13 4024 ,
106 3976 198 4042 quiae
248 3983 275 4031 et
294 3978 374 4048 quisq
393 3981 419 4032 R
445 3981 547 4048 quiquo
566 3981 630 4033 PTb
656 3981 782 4050 quisquis
800 3999 822 4034 a·
865 3983 900 4036 23
920 3987 1001 4034 erant
1026 3982 1077 4034 PT
1076 3983 1091 4034 b
1118 3987 1183 4036 sunt
1209 3983 1249 4036 Re

107 4115 294 4182 uoluptatibus
305 4067 328 4104 aa
336 4117 480 4172 desideriis
500 4120 526 4172 P
583 4121 617 4173 25
635 4119 680 4172 dei
700 4120 725 4176 R
743 4119 855 4172 deitatis
882 4121 960 4172 ΡΡΕ
1012 4121 1081 4174 uitia
1110 4121 1168 4174 eiua
1196 4122 1251 4174 RE

107 4218 154 4254 om.
176 4201 224 4253 PT
272 4206 306 4256 27
325 4204 497 4259 simultatem
515 4223 562 4260 orn.
583 4207 616 4260 R.
