3075 4967
383 271 564 322 tractatus
583 267 617 321 in
636 268 808 336 psalmum
827 268 998 322 CXXXVIII.
1201 267 1264 332 759

122 460 233 526 obesse
250 461 302 544 qui
318 459 444 540 spiritns
460 467 522 524 est:
547 460 618 540 qnia
632 477 693 522 neo
707 457 757 523 hie
773 456 838 521 salli
853 463 963 538 potest,
979 477 1037 522 nec
1051 456 1104 522 iile
1120 457 1263 522 deficere.

122 569 154 628 ut
176 584 248 629 cnm
271 564 328 628 ait:
352 568 418 628 ant
441 584 460 628 θ
483 562 590 627 socie
613 567 680 626 tua
703 581 778 644 quo
801 560 966 642 fugiam,
990 563 1165 642 adsumptae
1189 581 1208 626 o
1230 582 1264 626 so

119 668 312 733 infirmitatis
335 667 439 734 docuit
460 671 599 732 aetetem:
631 665 768 730 humane
798 665 883 730 enim
912 664 1077 730 infirmitas
1100 665 1191 730 faciei
1214 666 1264 730 dei

120 791 184 836 non
222 773 338 852 patitur
370 790 541 843 occursum,
584 771 656 853 quia
689 770 805 835 dictum
841 769 943 853 Moysi
978 778 1040 835 est:
1076 770 1167 852 quis
1201 776 1264 835 est

121 876 244 954 homo,
268 877 333 960 qni
356 875 518 942 uidebit
540 875 686 940 faeiem
710 894 836 939 mecm
863 872 1059 939 etuiuot?
1105 876 1265 957 quodnon
1305 899 1317 936 a

119 981 317 1054 sustinemus,
341 979 535 1064 desugimns;
559 979 631 1062 qnia
653 977 843 1043 infirmitatis
864 977 1008 1044 humsnae
1031 987 1078 1042 est
1101 998 1263 1043 occursum

119 1089 240 1148 neturae
274 1084 523 1165 inconspicabilis
557 1083 674 1166 fugere.
720 1091 750 1148 et
773 1081 855 1166 fugit
888 1083 1016 1166 quidem
1051 1088 1202 1166 quantum
1224 1084 1265 1147 ad

118 1189 335 1268 inpatientiam
358 1187 496 1253 uisionis.
541 1188 597 1252 sed
622 1187 693 1270 qnia
715 1189 887 1252 secundnm
910 1185 1095 1268 prophetem
1121 1185 1261 1252 uultus

120 1293 185 1356 dei
217 1312 338 1373 snper
368 1293 575 1356 facientes
604 1289 715 1366 mala
744 1298 864 1356 noturae
894 1310 1017 1375 qnoque
1040 1291 1185 1355 humana
1208 1295 1263 1367 est,

117 1397 270 1462 iudicium
293 1397 353 1464 dei.
377 1395 460 1480 qnod
483 1393 674 1479 significetur
690 1395 721 1459 in
735 1394 834 1466 uultu.
857 1395 967 1477 sugero
989 1414 1051 1458 non
1075 1415 1176 1476 posse.
1199 1415 1261 1461 non
1294 1418 1318 1454 a

119 1501 207 1566 enim
231 1507 389 1584 tamquam
412 1508 564 1581 peccator,
589 1501 641 1582 qui
664 1499 783 1580 peccati
806 1500 928 1564 nescim
943 1505 998 1575 est,
1014 1498 1207 1582 loquebatur,
1228 1504 1263 1562 nt

118 1603 261 1688 fugeret:
284 1607 339 1670 sed
362 1609 524 1684 paternam
547 1602 733 1668 infinitatem
756 1611 844 1668 extro
866 1603 971 1668 omnis
994 1607 1173 1668 manentem
1193 1623 1263 1668 cum

14 1721 17 1726 ·
118 1709 151 1773 in
176 1708 289 1788 spiritu
312 1713 382 1773 ante
406 1708 570 1784 docuisset,
593 1726 675 1772 nunc
700 1727 822 1790 quoque
837 1727 875 1770 er
892 1706 1027 1772 hominis
1049 1727 1190 1788 persona,
1212 1708 1264 1790 qui

118 1832 280 1896 nusquam
303 1813 396 1877 deum
419 1812 529 1894 ingere
551 1818 664 1892 posset
688 1812 833 1876 ostendit.

164 1917 218 1982 22.
243 1915 389 1999 Sequitur
411 1936 533 1999 quoque
556 1916 711 1996 parratio
735 1916 896 1992 dictorum,
913 1923 947 1980 nt
967 1920 1134 1999 utrumque
1157 1936 1195 1980 or
1218 1937 1265 1992 eo,
1292 1937 1318 1973 ιθ

119 2023 205 2104 quod
223 2027 254 2085 et
266 2019 360 2084 homo
377 2025 407 2084 θῖ
418 2021 493 2084 dous
510 2025 583 2096 erat,
595 2020 721 2085 dixerit.
753 2020 786 2084 si
809 2022 1035 2085 ascendero
1056 2020 1094 2084 in
1118 2018 1265 2097 omium,

118 2135 158 2190 tn
194 2123 288 2189 iilic
326 2144 381 2189 ee:
419 2124 480 2189 hoc
513 2124 683 2189 diuinitatis
718 2131 765 2188 eet
799 2125 967 2205 proprium.
1012 2143 1126 2189 nemo
1161 2124 1263 2188 enim

118 2228 315 2294 ascendit
351 2229 390 2292 in
429 2229 573 2306 ceolum,
610 2228 691 2292 nisi
727 2227 793 2311 qui
831 2230 877 2292 de
907 2227 1005 2293 cmlo
1039 2229 1264 2302 deseendit,

119 2332 243 2398 silius
267 2332 455 2404 hominis,
479 2331 546 2415 qui
570 2339 631 2398 est
660 2332 698 2396 in
729 2331 835 2397 cselo.
880 2333 995 2397 terreni
1019 2333 1103 2397 enim
1126 2333 1264 2413 eorporis

117 2443 235 2503 natura
264 2437 479 2502 ascensionem
508 2435 590 2501 hano
618 2436 677 2501 nisi
706 2437 738 2500 in
762 2435 919 2501 calestem
949 2435 1083 2520 gloriam
1105 2438 1265 2502 demutato
1293 2454 1320 2492 w

117 2561 183 2608 non
201 2541 328 2606 obtinet.
358 2541 392 2606 si
416 2539 669 2606 descendero
692 2541 730 2604 in
754 2541 1096 2617 infernumadcs:
1121 2539 1266 2605 humanae

117 2647 181 2712 ista
211 2643 262 2711 lex
291 2645 484 2710 necessitatis
508 2649 562 2714 est
593 2649 626 2708 ut
648 2644 837 2728 consepultis
867 2646 1048 2727 corporibus
1078 2645 1118 2708 ad
1148 2645 1264 2710 inferos

117 2751 235 2814 animae
269 2749 468 2815 descendant.
514 2769 607 2832 quem
631 2749 867 2814 descensionem
889 2749 1034 2814 dominus
1057 2752 1096 2814 ed
1119 2769 1265 2815 consum-

118 2855 292 2919 mationem
314 2854 381 2918 neri
398 2852 533 2919 hominis
555 2872 616 2918 non
640 2853 804 2918 recusauit.
843 2853 875 2917 id
898 2861 1017 2920 autem:
1041 2873 1116 2938 qno
1139 2854 1266 2919 abibo.

117 2965 173 3022 eut
197 2977 273 3041 quo
306 2957 468 3041 fugiam,
503 2963 535 3021 ot
567 2957 658 3022 iilic
693 2977 733 3022 es
756 2962 788 3022 θῖ
810 2960 907 3023 ades
941 2962 981 3024 ed
1004 2957 1264 3042 significationem
1293 2974 1319 3012 π

117 3063 273 3128 doctrinm
288 3061 362 3134 eius,
379 3075 447 3145 qnae
467 3061 617 3126 mirabilis
641 3082 678 3126 er
700 3083 737 3127 eo
761 3062 844 3126 fecte
861 3068 916 3133 est.
932 3063 1073 3143 pertinet,
1096 3083 1152 3143 per
1170 3082 1265 3146 quem

118 3167 198 3232 deus
231 3165 335 3230 omnia
364 3185 433 3230 esse
464 3171 495 3230 et
524 3167 555 3230 in
585 3165 730 3231 omuibus
761 3186 832 3232 esso
865 3167 906 3231 sit
927 3168 1085 3250 cognitus:
1119 3172 1162 3242 ut,
1191 3165 1265 3231 licet

117 3271 236 3336 faeiem
259 3271 309 3334 dei
331 3269 426 3335 homo
457 3270 565 3354 fugiet,
596 3271 668 3353 quie
697 3289 758 3335 non
789 3271 928 3345 sustinet,
962 3271 1037 3336 licet
1059 3273 1098 3336 de
1121 3270 1265 3350 supernis

118 3376 159 3439 ed
183 3372 303 3438 inferos
325 3375 434 3439 mortis
449 3372 521 3459 Iege
537 3375 713 3449 descendat,
736 3376 813 3440 dens
829 3381 932 3439 temen
954 3375 1069 3458 ubique
1085 3375 1125 3440 eit
1140 3393 1263 3454 semper

118 3479 207 3544 etin
233 3478 387 3542 omnibus.
546 3531 556 3550 .
1293 3493 1320 3530 ³⁰

160 3652 285 3718 onxoo.
305 3652 429 3718 xxxin,
448 3655 489 3707 so.
529 3653 606 3706 ers.
625 3653 749 3721 uxum,
770 3657 811 3706 ru.
849 3652 1022 3720 1710h.111,
1043 3657 1085 3708 m.

164 3807 555 3876 ldeficeredeeciperePd
609 3810 699 3877 2an
718 3809 803 3862 omP
852 3808 1097 3875 fideiugiomusR
1148 3812 1265 3878 Iquan·

117 3899 181 3948 tum
199 3895 235 3948 ed
252 3894 447 3963 inpatientiam
464 3894 579 3949 uisionis
590 3896 644 3949 RE
655 3913 692 3964 qu
702 3910 780 3940 ΞΞ
790 3901 822 3949 td
839 3896 920 3964 inps*
939 3894 976 3961 (si
991 3899 1104 3966 apetium
1121 3898 1266 3950 litterarum

119 3981 276 4050 sapientiam
302 3983 416 4052 respicis,
438 3983 527 4050 fuisse
556 3984 673 4036 uidetis:
700 3988 835 4051 quantum
865 3983 1057 4051 inpatientiam
1087 3982 1214 4045 cisionis)
1242 3983 1269 4035 P

121 4070 157 4122 10
170 4067 217 4121 dei
229 4085 277 4120 om.
293 4073 305 4120 t
317 4067 344 4120 P
387 4067 454 4131 sort.
467 4085 522 4122 non
537 4073 630 4124 eutem
642 4070 676 4137 os.
687 4071 776 4140 praefi
831 4071 863 4122 12
876 4074 955 4124 extra
965 4070 1090 4124 omnia&
1102 4074 1232 4124 manente
1242 4070 1269 4122 P

121 4155 156 4207 15
172 4171 224 4222 per
238 4154 310 4208 ratio
325 4156 389 4208 coni.
399 4155 496 4209 Beaed.
507 4159 535 4210 ia
544 4158 604 4210 adu.
614 4156 722 4224 paratio
733 4157 758 4208 P
768 4157 889 4210 narratio
899 4157 925 4209 R
934 4157 1005 4210 ratio
1017 4157 1083 4221 Eos.
1093 4157 1156 4210 Aoi,
1167 4156 1216 4223 JV,
1227 4156 1265 4211 65

122 4245 156 4296 16
176 4242 211 4294 ds
228 4246 288 4293 eret
305 4237 364 4306 (om.
378 4239 416 4307 θῖ)
436 4241 462 4294 P
514 4244 546 4295 18
564 4243 599 4296 de
617 4242 694 4297 caelo
712 4243 920 4298 descenditRP
928 4243 1074 4297 descendit
1091 4243 1126 4298 de
1144 4243 1221 4298 eaelo
1231 4246 1265 4297 E.
