3075 4967
292 303 356 370 486
632 305 751 359 sancti
775 304 911 359 Hilarii
935 305 1098 374 episcopi

294 515 399 561 eorum
423 497 524 561 cordis
555 496 620 561 luit.
665 496 721 562 sed
756 493 919 581 propheta,
952 501 986 559 ut
1018 500 1050 560 et
1083 494 1224 576 apostoli,
1258 495 1328 562 licet
1355 497 1425 560 inter

293 600 405 665 multas
428 599 657 681 persecutiones
681 599 749 665 heac
773 599 949 665 testimonie
971 599 1031 676 dei,
1054 598 1087 662 id
1109 605 1157 665 est
1179 601 1314 666 testandi
1337 599 1373 665 de
1394 620 1424 665 eo

292 723 363 769 enm
387 703 571 770 exultatione
594 703 697 768 cordis
722 709 883 788 tamquam
916 702 1125 769 hereditatem
1155 705 1295 779 retineat
1328 709 1424 768 tamen

292 808 386 874 etiam
408 807 460 872 illa
483 807 533 872 dei
556 807 733 873 testimonia
766 805 939 873 hereditate
972 807 1128 891 adquisita
1148 806 1254 886 habet
1288 827 1355 892 qnae
1374 807 1425 873 sub

252 939 264 974 a
292 913 421 978 testibus
452 911 533 978 dicta
563 918 642 977 sunt.
689 912 818 997 Moyses
851 911 955 996 legem
989 913 1045 976 sub
1080 912 1210 978 testibus
1244 913 1328 978 dedit
1360 912 1426 977 calo

226 1035 231 1046 ·
292 1024 384 1101 atque
407 1023 498 1095 terra,
521 1015 631 1081 Esaias
654 1017 711 1082 sub
736 1015 865 1082 testibus
881 1016 983 1099 arguit
1002 1015 1077 1081 caelo
1091 1021 1185 1100 atque
1200 1022 1292 1095 terra„
1315 1023 1427 1097 aposto·

290 1121 339 1186 lus
362 1121 426 1185 iam
448 1119 627 1186 celsioribus
658 1119 843 1185 testimoniis
871 1127 904 1184 ut
933 1120 1117 1200 predicator
1139 1120 1339 1204 euangelicus
1359 1138 1425 1184 nsua

291 1231 338 1291 est
361 1225 483 1290 dicens:
515 1230 645 1288 testor
673 1224 790 1289 uobis
820 1243 954 1289 coram
986 1223 1058 1289 deo
1092 1231 1130 1289 et
1152 1222 1321 1290 Christo
1342 1223 1424 1289 lesu

291 1337 328 1394 et
360 1327 522 1412 angelis
556 1328 655 1392 ains.
701 1327 769 1393 haec
800 1347 874 1412 ergo
905 1328 1081 1393 testimonie
1110 1329 1168 1393 snb
1191 1327 1243 1394 his
1266 1329 1379 1409 scripta
1398 1335 1425 1392 et

238 1459 263 1496 ιο
290 1433 346 1498 sub
377 1432 426 1497 his
461 1437 572 1497 testata
602 1437 632 1497 et
661 1432 693 1496 in
730 1431 781 1496 his
816 1437 928 1496 testata
960 1439 1120 1516 tamquam
1153 1433 1225 1496 noni
1259 1431 1424 1513 patrimonii
1522 1438 1527 1475 t

290 1536 380 1602 heres
403 1542 546 1617 occupat:
579 1555 639 1600 non
663 1546 818 1621 exparte,
842 1535 898 1602 sed
921 1541 1027 1600 totum.
1071 1536 1120 1601 ius
1143 1536 1226 1601 enirn
1252 1534 1424 1601 hereditatis

290 1661 326 1706 en
343 1641 440 1706 solido
457 1631 511 1705 est.
554 1641 611 1705 etsi
629 1640 708 1705 inter
721 1638 825 1721 plures
838 1641 1009 1705 secundum
1020 1638 1192 1705 humanam
1203 1640 1419 1705 successionem

289 1743 445 1810 hereditas
482 1744 643 1823 diffidatur,
678 1750 782 1809 tamen
816 1743 972 1809 hereditas
1003 1745 1071 1825 ipsa
1101 1745 1226 1809 nomine
1250 1744 1371 1810 heredis
1391 1763 1423 1808 er

290 1849 388 1915 solido
411 1854 466 1914 est.
1066 1932 1074 1938 .

238 1979 263 2015 a
333 1954 384 2018 20.
409 1953 456 2018 Ae
478 1973 526 2030 ne,
552 1953 633 2037 qnod
656 1971 674 2017 a
697 1951 803 2019 multis
827 1951 887 2018 dici
910 1971 993 2033 saepe
1024 1951 1109 2031 solet,
1139 1954 1268 2019 rationis
1298 1952 1424 2036 aliquem

288 2057 403 2123 habeat
424 2057 644 2136 auctoritatem,
676 2075 746 2122 curn
770 2059 919 2122 adserunt
940 2057 1100 2140 proprium
1132 2056 1180 2121 dei
1213 2077 1325 2121 munus
1353 2074 1423 2131 esse,

289 2168 322 2226 ut
345 2162 413 2245 quis
435 2161 467 2225 in
491 2161 541 2227 dei
571 2161 664 2226 rebus
696 2167 788 2244 atque
821 2160 965 2242 operibns
993 2171 1143 2238 uersatur,
1175 2168 1354 2226 excusantes
1380 2160 1423 2223 in·

290 2263 471 2332 fidelitatem
489 2285 585 2344 suam,
602 2266 684 2350 quod
701 2270 846 2332 cessante
858 2284 934 2348 erga
946 2283 979 2328 se
992 2265 1041 2330 dei
1055 2265 1210 2330 uoluntate
1225 2271 1370 2331 maneant
1382 2264 1424 2327 in·

290 2369 414 2435 fideles:
439 2375 485 2435 est
508 2370 635 2453 quidem
650 2370 682 2434 in
698 2369 760 2435 fide
776 2369 923 2434 manandi
941 2390 960 2434 a
976 2370 1033 2434 deo
1049 2389 1170 2448 manua,
1193 2370 1250 2434 sed
1265 2367 1422 2450 incipiendi

239 2495 264 2533 20
291 2474 420 2539 anobis
454 2474 540 2558 origo
575 2479 629 2539 est.
674 2479 706 2539 et
739 2473 880 2538 noluntas
913 2479 1018 2538 nostra
1051 2471 1112 2539 hoc
1141 2465 1304 2558 proprium
1337 2491 1373 2538 ex
1393 2491 1423 2536 se

292 2578 392 2656 debet,
424 2585 455 2642 ut
483 2577 571 2642 uelit:
603 2578 678 2643 dens
707 2577 868 2658 incipienti
898 2578 1126 2642 incrementum
1148 2576 1243 2654 dabit
1267 2576 1338 2661 quia
1360 2596 1425 2642 cou-

291 2682 528 2746 summationem
553 2702 607 2762 per
630 2702 663 2747 se
693 2681 858 2746 infirmitas
892 2688 998 2747 nostra
1030 2701 1091 2746 non
1124 2681 1253 2754 obtinet,
1287 2681 1424 2746 meritum

290 2790 393 2850 tamen
427 2786 634 2866 adipiscendae
670 2786 945 2851 consummationis
979 2793 1028 2851 est
1060 2805 1098 2850 ex
1135 2785 1222 2850 initio
1258 2784 1425 2850 uoluntatis

290 2889 404 2954 idcirco
416 2889 569 2971 psalmum
582 2891 625 2954 ita
636 2889 789 2971 propheta
799 2890 962 2955 conclusit:
986 2887 1196 2954 declinani
1219 2907 1425 2956 cormeum

238 3011 264 3052 2⁵
291 2995 339 3059 ad
362 2993 577 3060 faciendas
601 2993 1427 3076 iustificationestuasinaeternumpron

291 3105 352 3162 ter
375 3097 700 3163 retributionem.
746 3118 799 3163 cor
829 3118 918 3163 sunm
947 3101 1015 3180 ipse
1045 3096 1179 3163 declinat
1204 3104 1234 3164 et
1256 3119 1294 3164 ex
1316 3103 1427 3163 namra.

289 3200 433 3266 humanae
457 3202 590 3283 peccatis
621 3202 653 3265 in
677 3201 896 3268 obaudientiam
920 3204 969 3268 dei
991 3203 1128 3268 inflectit.
1173 3209 1282 3268 natura
1305 3202 1426 3287 quidem

333 3378 350 3430 a
367 3377 379 3429 1
398 3375 467 3429 Tim.
486 3377 511 3444 5,
529 3378 571 3430 21.

334 3539 462 3591 leonum
480 3538 540 3589 odd.
559 3535 631 3590 aa?
654 3537 680 3591 V
730 3537 806 3591 dicet
823 3539 897 3591 inter
920 3537 946 3591 V
994 3529 1061 3591 adi
1078 3536 1107 3590 id
1125 3541 1168 3591 est
1186 3565 1220 3574 -
1239 3538 1288 3591 illa
1305 3530 1337 3590 di
1353 3535 1427 3589 testi·

288 3624 382 3677 monia
399 3625 426 3677 in
444 3641 526 3693 merq.
546 3625 624 3691 inser.
643 3627 703 3678 add.
722 3644 755 3678 m.
775 3623 835 3679 211
884 3626 982 3678 deum
1000 3623 1215 3678 exsultationem
1230 3625 1254 3677 V
1304 3621 1429 3690 dacqni·

289 3711 343 3764 sita
357 3711 408 3781 pE
458 3710 475 3762 5
494 3711 585 3779 legem
604 3712 654 3764 sub
672 3713 791 3767 testibus
810 3712 908 3765 statuit
923 3731 945 3782 p
997 3709 1024 3763 lo
1043 3711 1133 3778 adqne
1150 3737 1185 3748 -
1204 3711 1296 3780 arguit
1314 3710 1428 3765 oaeodd.

289 3816 322 3850 m.
347 3796 366 3848 2
391 3797 415 3849 V
465 3797 585 3852 deseias
610 3797 744 3852 VEsaias
763 3826 793 3836 -
815 3804 891 3851 terra
917 3815 1011 3869 ouap
1065 3797 1193 3866 'ipditor
1218 3799 1243 3851 C
1291 3796 1378 3878 ddno
1401 3800 1431 3849 et

288 3941 343 4004 xpo
368 3893 461 3990 1an
510 3937 610 3990 9eeoe
628 3938 738 4006 ergoC
789 3936 955 3990 testimoniis
969 3935 1004 3990 V¹
1059 3938 1092 3990 10
1110 3941 1138 3989 et
1155 3936 1185 3988 in
1202 3934 1247 3991 his
1266 3941 1362 3990 testata
1381 3953 1429 3988 cnr.

294 4019 521 4094 Vodd.m.2p
576 4027 607 4077 ll
628 4023 677 4078 sed
694 4022 724 4077 in
741 4029 863 4078 totnma
917 4021 1225 4077 liestodd.m.2V
1274 4023 1433 4078 hnmandt'
1531 4058 1532 4065 a

291 4109 322 4162 15
341 4126 373 4163 ac
390 4111 479 4163 neoC
531 4112 562 4164 19
581 4115 623 4164 set
641 4110 799 4180 incipienda
817 4110 936 4164 nobisV
985 4112 1020 4165 20
1037 4110 1210 4163 ntuolnntas
1225 4111 1249 4162 V
1299 4109 1430 4165 exedeber

291 4199 313 4245 t·
338 4212 371 4249 ex
399 4211 427 4248 se
454 4195 556 4250 bebere
584 4196 666 4252 debet
694 4199 721 4249 E
772 4200 803 4251 21
824 4203 856 4252 nt
882 4197 1010 4250 aazias
1038 4197 1060 4249 C
1085 4201 1114 4250 et
1139 4196 1222 4250 uellit
1255 4197 1279 4250 V
1326 4213 1380 4265 qut
1410 4196 1433 4246 l'
1531 4206 1532 4255 i

289 4285 324 4336 23
342 4283 586 4337 consummationis
605 4303 635 4336 ea
653 4285 889 4338 consummatione
908 4283 979 4338 m.2
1002 4284 1032 4338 V.
1531 4308 1532 4325 ÷
