3075 4967
399 297 580 347 tractatus
605 294 638 346 in
663 292 835 362 psalmum
861 293 940 346 CXX.
1180 290 1243 355 569

113 484 186 548 omni
206 483 289 549 malo
311 484 452 548 dominus
475 484 618 560 custodit,
648 483 679 548 id
703 489 757 561 est,
781 502 821 547 ne
844 501 913 546 eam
936 481 1048 547 diaboli
1072 483 1156 547 tinea
1178 502 1242 548 cor·

112 597 230 668 rumpat,
254 608 293 653 ne
316 588 366 652 fur
388 585 524 668 obrepat
548 607 587 652 ne
610 587 696 652 canis
720 587 861 656 oblatret.
884 606 924 652 oc
947 585 1035 668 lupus
1058 586 1179 677 laceret,
1203 605 1243 651 ue

112 711 189 757 ursus
219 693 374 768 desecuiat
409 712 448 756 nc
478 691 593 772 pardus
624 690 746 767 insiliat,
776 709 816 756 ne
845 692 935 776 tigris
964 691 1096 767 aduolet,
1126 710 1166 756 ne
1195 690 1243 756 ieo

110 802 207 862 umtet.
253 795 321 862 hae
355 796 438 861 enim
472 815 553 860 nunc
587 801 659 860 sunt
682 794 794 861 diaboii
825 795 1006 872 ministeria,
1039 795 1106 861 baec
1139 797 1244 860 omnia

112 902 168 966 eius
199 902 232 964 in
266 908 404 982 tempore
439 899 543 966 saeculi
566 899 658 964 huius
692 897 795 965 officia
824 907 904 981 suut,
938 900 1022 966 uitiis
1053 919 1242 969 consumere.
1282 925 1294 962 e

111 1005 318 1070 blandimentis
356 1005 532 1085 subrepere,
570 1003 842 1069 obtrectationibus
886 1003 1031 1081 lacerare,
1076 1005 1243 1069 ambitione

109 1109 224 1188 insilire,
247 1107 382 1174 lasciuiis
406 1107 549 1174 aduolare
573 1114 603 1174 et
626 1114 691 1174 tota
713 1109 835 1174 uirtutis
858 1129 920 1174 suae
943 1115 1095 1190 potestate
1110 1114 1242 1174 uastare.

108 1212 221 1278 abhoc
244 1213 329 1278 omni
351 1213 446 1296 igitur
469 1210 548 1277 malo
572 1214 623 1278 dei
645 1215 837 1294 expectanda
859 1214 998 1279 custodia
1017 1218 1071 1278 est.
1117 1221 1148 1278 ct
1171 1213 1242 1296 quia

107 1316 134 1380 in
155 1317 291 1382 animam
316 1317 450 1382 maxime
473 1317 579 1382 saeuiat
601 1353 643 1364 -
666 1336 739 1381 nam
764 1317 902 1382 debitum
932 1318 1021 1383 nobis
1044 1323 1099 1389 est,
1133 1322 1167 1382 ut
1188 1318 1242 1382 ad·

107 1441 206 1486 nemus
231 1441 300 1486 eum
325 1440 499 1506 pugnemus
521 1421 552 1484 in
576 1441 711 1501 empore,
735 1441 797 1485 noo
821 1429 868 1488 cst
889 1423 973 1487 enim
988 1421 1048 1486 nisi
1064 1441 1101 1486 ex
1116 1440 1241 1486 concer-
1270 1443 1294 1478 re

107 1525 212 1590 tatione
234 1525 362 1590 uictoria
384 1561 428 1572 -
450 1525 565 1591 idcirco
587 1524 801 1609 subsequitur:
832 1525 1042 1592 custodiet
1071 1525 1240 1590 animam

107 1635 205 1693 tuam
239 1629 436 1707 deminuo,
471 1649 510 1695 ne
540 1629 616 1713 quid
647 1635 692 1696 tot
722 1631 877 1714 tantisque
900 1631 1040 1710 superius
1064 1630 1241 1695 memoretis

106 1733 186 1799 malis
209 1733 240 1799 in
265 1753 334 1798 sam
357 1733 398 1799 sit
419 1736 590 1814 potestatis.

144 1838 191 1902 16.
215 1838 328 1904 Tenuit
349 1844 452 1902 autern
475 1837 674 1919 propheticus
697 1857 801 1904 sermo
830 1839 968 1903 ordinem
993 1859 1081 1904 suum
1116 1840 1240 1904 dicens:

104 1941 283 2007 dominus
333 1943 541 2008 custodiet
592 1943 744 2007 exitum
791 1947 898 2007 tuum
944 1952 981 2008 et
1026 1944 1239 2007 introitum
1269 1961 1293 1997 a

105 2055 206 2111 tuum
245 2067 289 2112 er
327 2045 400 2112 hoc
437 2065 540 2111 nunc
577 2066 704 2131 usque
741 2047 780 2110 in
818 2046 1015 2112 sacculum.
1062 2066 1121 2110 non
1157 2047 1239 2112 enim

103 2151 244 2232 temporis
277 2149 370 2215 huius
403 2157 434 2216 et
467 2149 572 2216 soeculi
607 2157 654 2216 est
690 2152 748 2216 ista
782 2151 929 2229 custodia
963 2171 1024 2215 non
1054 2151 1143 2216 aduri
1177 2150 1241 2214 sole

104 2259 190 2336 atque
227 2254 300 2320 iuna
335 2259 366 2320 et
399 2255 437 2320 ab
473 2256 558 2320 omni
596 2255 677 2320 maio
715 2256 908 2333 consemari3
946 2256 1003 2320 sed
1039 2255 1133 2320 futuri
1170 2255 1241 2320 boui

104 2359 271 2438 expectatio
295 2366 442 2436 osteum
477 2364 624 2424 exeuntes
658 2359 697 2424 de
731 2379 859 2441 corpore
892 2360 932 2424 ad
964 2360 1123 2424 introitum
1156 2357 1240 2423 ilium

104 2463 188 2546 regni
210 2462 342 2528 caeicstis
372 2483 427 2545 per
457 2465 630 2528 custodiam
665 2463 783 2529 domini
819 2463 928 2530 fideles
958 2483 1066 2528 omnes
1099 2483 1240 2528 reserua·
1268 2477 1293 2516 2⁰

105 2565 219 2642 buntur,
254 2567 285 2631 in
320 2568 389 2632 sinu
419 2567 535 2633 scilicet
557 2568 680 2633 interim
706 2567 842 2632 Abrabae
875 2567 1025 2647 collocati,
1059 2587 1121 2652 quo
1155 2567 1241 2632 adire

103 2668 211 2750 impios
233 2672 430 2738 interiectum
453 2670 548 2737 cbaos
570 2671 699 2750 inhibet,
723 2691 784 2756 quo
806 2691 904 2756 usque
926 2673 1102 2738 introeundi
1117 2691 1240 2736 mrsum

104 2773 133 2835 in
153 2793 284 2858 regnum
308 2775 452 2841 coelorum
478 2783 599 2856 tempus
622 2777 776 2842 adueniat.
822 2777 974 2842 custodiet
1000 2796 1075 2861 ergo
1098 2776 1241 2840 domiuus

145 2897 298 2952 lcustodit
315 2917 346 2952 ec
363 2899 491 2952 custodat
509 2897 581 2952 oa?
607 2899 629 2952 V
681 2915 716 2952 ns
744 2917 807 2954 cum
833 2899 857 2952 V
906 2899 1010 2954 diaboli
1036 2899 1111 2953 tinea
1139 2899 1244 2951 RPYE

104 2982 226 3038 diabolus
251 2985 272 3038 V
324 2985 404 3040 tior
428 2985 502 3039 VPT
517 2985 594 3040 furor
613 2987 638 3038 R
692 2987 807 3054 obrepet
834 3005 864 3039 ex
887 2987 1018 3054 orbreput
1042 2987 1067 3038 V
1087 2990 1199 3054 orreput
1218 2986 1242 3037 Τ

104 3071 279 3126 inuncans
304 3073 353 3125 VP
403 3072 495 3125 omniu
514 3073 593 3125 RTE
615 3073 773 3126 communia
792 3073 817 3124 P
866 3071 992 3127 deificis
1011 3078 1076 3127 sunt
1094 3073 1133 3126 Ite
1151 3071 1241 3126 officia

106 3155 153 3208 PT
201 3160 384 3229 dsubrepere
418 3160 494 3213 VRE
519 3159 663 3228 subripere
692 3161 717 3212 P
741 3161 881 3228 surripere
910 3161 935 3212 T
992 3160 1241 3214 obtrectationibus

111 3242 170 3296 Vite
194 3245 425 3301 oblectationibus
444 3247 494 3299 PT
546 3245 687 3300 ‘iinsilire
718 3247 792 3300 VRT
817 3247 930 3301 insilere
957 3247 982 3299 R
1034 3245 1165 3300 aduolare
1192 3247 1242 3299 PT

106 3347 152 3382 em.
170 3331 194 3383 R
210 3331 352 3387 siliceree
404 3333 474 3388 sab
491 3332 544 3386 hoc
563 3333 638 3387 omui
656 3334 744 3402 igitur
763 3333 841 3386 RTP
858 3331 897 3398 (P
913 3333 989 3386 omui
1012 3351 1084 3402 supr.
1103 3332 1177 3399 edd.)
1205 3333 1240 3386 ab

105 3414 156 3469 hoc
173 3417 257 3488 igitur
274 3419 321 3474 oni
347 3420 397 3472 ΤΕ
447 3419 492 3474 dei
510 3438 558 3473 om.
585 3420 609 3472 V
659 3419 831 3488 expectanda
855 3419 930 3472 VRP
954 3420 1108 3488 expetenda
1135 3419 1161 3471 Τ
1212 3421 1241 3471 et

106 3503 168 3570 quia
183 3533 215 3543 -
233 3506 351 3560 uictoria
369 3524 418 3560 om.
442 3507 467 3558 V
516 3509 615 3560 tinam
634 3506 757 3560 debitum
778 3506 857 3559 RPE
873 3521 924 3559 nco
942 3505 1103 3559 debitumT
1157 3507 1240 3566 Quoue

107 3591 164 3642 dum
185 3593 223 3646 iic
245 3595 402 3647 intercidisse
425 3611 493 3664 susp.
518 3593 614 3646 Bened.
679 3596 708 3646 ii
735 3594 895 3661 obsequitur
923 3593 948 3645 V
1006 3590 1144 3645 custodiet
1167 3592 1241 3645 VRT

108 3675 155 3743 (cf.
172 3678 301 3734 Tiscdead.
321 3682 338 3732 1.
356 3679 391 3746 c.)
411 3680 550 3734 custodiat
569 3680 595 3733 P
646 3682 677 3734 12
695 3681 732 3733 ito
751 3681 834 3746 RPT,
858 3679 885 3732 V
898 3681 960 3733 boec
977 3689 1077 3732 tenerem
1095 3680 1184 3732 babet.-
1204 3695 1240 3732 ne

107 3767 147 3816 tot
164 3765 226 3820 mali
244 3763 272 3819 in
291 3784 352 3820 eam
371 3768 426 3820 sint
444 3771 594 3836 potestates
649 3769 681 3822 15
699 3767 806 3822 exitum
818 3785 848 3819 er
863 3767 969 3819 exitum
979 3781 1013 3820 ex
1029 3765 1053 3818 V
1068 3749 1204 3820 auxiitum
1215 3765 1241 3818 R

109 3851 139 3902 16
157 3867 187 3906 cx
203 3853 255 3907 hoc
274 3871 347 3908 nunc
366 3871 452 3922 usque
477 3853 537 3907 V¹It
555 3871 590 3908 ex
607 3853 659 3907 hoc
679 3870 752 3909 nunc
771 3859 800 3907 et
818 3870 904 3922 usque
929 3849 1014 3906 i'PT
1083 3870 1138 3906 non
1165 3851 1240 3906 enim

107 3939 231 4006 temporis
245 3939 296 3993 RV
309 3957 364 3994 non
384 3941 457 3994 cuim
476 3941 640 4024 intemperie
653 3942 679 3994 P
731 3943 762 3992 17
777 3951 838 4011 poet
853 3940 980 3994 custodia
991 3938 1063 3991 3-4
1076 3941 1122 3992 liu.
1135 3957 1202 3992 eruo.
1214 3939 1241 3992 R

109 4041 141 4092 19
158 4057 214 4097 cum
242 4049 373 4099 excuntes
392 4046 444 4098 ΒΤ
461 4063 525 4099 eum
552 4049 670 4100 exeunte
689 4046 714 4098 P
736 4063 799 4099 cum
827 4045 900 4098 cuim
928 4051 1060 4097 exeuntes
1084 4043 1109 4095 V
1158 4046 1190 4096 21
1210 4045 1240 4096 in

109 4127 166 4182 sinu
190 4150 219 4184 ec
244 4133 273 4185 in
300 4133 376 4186 sinus
394 4133 421 4186 R
474 4133 547 4201 quod
574 4133 649 4187 adire
677 4133 722 4186 Ra
775 4133 809 4185 22
828 4147 951 4199 quosque
984 4131 1008 4182 V
1032 4130 1184 4183 introeunti
1218 4129 1243 4180 V

109 4213 142 4266 23
157 4215 183 4270 iu
207 4235 323 4288 regnum
356 4219 407 4274 VE
431 4219 459 4273 in
486 4237 573 4289 regno
600 4220 677 4273 RJ‘T
728 4219 819 4272 adhuc
837 4218 931 4272 ueniet
962 4218 987 4270 V
1036 4216 1175 4271 custodiet
1199 4213 1241 4281 (ex

110 4303 238 4358 custodiat
255 4325 288 4359 m.
307 4303 381 4372 217
404 4305 453 4358 VT
470 4304 591 4360 custodit
611 4307 662 4360 RP
713 4323 780 4376 erge
798 4323 846 4358 oet
872 4305 900 4357 Τ.
