3075 4967
386 328 567 375 tractatus
590 322 625 374 in
643 321 816 390 psalmum
834 320 956 376 CXVIII.
1178 320 1241 386 437

111 514 138 577 in
160 513 224 597 lege
247 522 317 578 sunt
340 513 520 577 conscit-ute.
543 513 688 576 umbram
710 512 741 577 in
757 530 792 577 se
807 510 1059 578 iustificationum
1074 509 1242 577 eaelestium

110 618 299 682 continerent.

148 721 174 786 6.
197 721 315 786 Deinde
346 721 474 785 adiecit:
509 719 793 801 multiplicata
827 731 889 786 est
920 740 1043 801 super
1075 741 1134 785 me
1169 722 1241 785 ini·

108 826 236 909 quites
258 826 539 907 superborum:
564 844 637 909 ego
661 836 795 889 autem
817 827 856 889 in
880 832 964 889 toto
987 826 1109 890 cordo
1134 844 1240 891 seru·

107 931 193 996 tabo
227 930 413 994 mandata
448 938 523 993 tua.
568 930 722 1009 patienter
751 928 856 994 omnia
878 939 910 993 et
933 928 1148 1012 aequammiter
1170 949 1239 1013 pro·
1279 952 1292 991 c

106 1032 191 1115 pheta
223 1034 356 1100 tolerans
389 1035 420 1098 in
455 1034 654 1115 opprobrium
693 1032 895 1117 superborum
932 1041 1025 1117 atquc
1061 1034 1240 1117 iniquorum

106 1139 244 1203 deductus
268 1148 324 1203 est.
370 1138 490 1221 siquis
514 1137 596 1203 enim
620 1137 852 1221 obiurgationes
875 1138 967 1202 trium
993 1157 1105 1223 regum
1127 1138 1159 1202 in
1182 1136 1239 1203 lob

105 1242 220 1321 recolat,
252 1241 421 1326 intelleget,
445 1248 561 1325 quanto
592 1241 798 1306 inludentium
828 1242 1029 1307 exacerbetur
1062 1242 1238 1325 opprobrio.

103 1366 227 1431 nemque
250 1366 319 1412 eum
342 1345 513 1431 inreligiosi
537 1346 652 1428 quique
675 1365 732 1425 per
753 1345 915 1428 passiones
935 1345 1055 1429 aliquas
1077 1346 1238 1411 emendari

104 1450 149 1515 dei
170 1470 276 1516 seruos
299 1456 490 1527 contuentur,
521 1450 707 1532 exprobrare
730 1448 799 1514 haec
820 1450 865 1514 ita
886 1448 1000 1514 solent:
1033 1450 1105 1533 „ubi
1135 1450 1238 1515 fides?
1265 1472 1290 1507 u

102 1554 147 1627 ubi
169 1574 241 1636 spes
264 1554 296 1619 in
320 1554 435 1619 deum?
458 1554 510 1617 ubi
534 1553 708 1619 auxiliantis
731 1552 853 1617 uirtus?
876 1552 927 1618 ubi
951 1554 1024 1618 boni
1047 1554 1096 1619 dei
1118 1553 1238 1619 miseri·

102 1660 197 1723 cordio
220 1658 309 1724 est'l“
357 1666 464 1724 contre
487 1677 556 1741 quse
579 1657 670 1722 firmo
694 1658 797 1721 animo
819 1655 966 1740 fidelique
982 1678 1060 1738 opus
1083 1668 1130 1723 est
1152 1672 1181 1724 et
1204 1659 1237 1723 in

102 1763 245 1828 mandatis
269 1762 319 1828 dei
342 1766 458 1827 intento
482 1771 575 1846 utque
598 1766 754 1843 occupato,
782 1781 822 1827 ne
845 1761 1057 1846 multiplicatis
1080 1769 1125 1827 tot
1146 1764 1179 1827 in
1202 1782 1236 1827 se

103 1867 296 1950 superborum
320 1865 532 1949 iniquitatibus
554 1866 653 1942 cedet,
677 1866 731 1931 sed
749 1885 873 1947 semper
888 1866 986 1932 dieat:
1010 1866 1236 1932 bonitatem

102 1970 235 2036 iecisti
270 1990 357 2036 cum
391 1990 508 2035 seruo
543 1978 616 2036 tao.
651 1970 827 2049 domine;
857 1971 956 2035 utait
979 1970 1031 2035 ille
1054 1972 1233 2051 passionum
1261 1988 1286 2027 1⁵

101 2071 299 2140 humanarum
337 2074 488 2159 gloriosus
523 2086 553 2139 et
588 2074 695 2139 beatus
733 2075 849 2139 uictor:
887 2074 1073 2139 dominus
1111 2076 1234 2157 dedit,

101 2177 277 2244 dominus
312 2178 496 2255 abstulit,
532 2179 587 2243 sit
617 2198 759 2243 nomen
791 2178 1234 2245 dominibenedictum.

137 2282 163 2345 7.
190 2282 308 2349 Deinde
331 2284 485 2367 sequitur:
509 2282 748 2365 coagulauit
771 2281 881 2347 sicut
902 2282 967 2347 lec
989 2302 1058 2347 eor
1081 2302 1233 2348 eurum:

100 2404 162 2469 ego
184 2406 281 2475 uero
305 2385 436 2471 legem
461 2394 566 2451 tuam
591 2387 812 2451 meditatus
835 2406 926 2451 sum.
962 2388 1234 2467 corsuperborum

101 2490 136 2554 ait
156 2493 234 2557 sicut
255 2491 303 2557 lac
334 2491 538 2574 coagulatum.
584 2490 630 2555 lac
661 2490 765 2571 specie
795 2498 826 2556 et
855 2509 966 2571 sapore
996 2489 1232 2556 blandissimum
1260 2510 1285 2547 a

100 2604 152 2671 est;
175 2598 257 2680 quod
279 2596 356 2660 uitio
379 2594 482 2679 aliquo
505 2602 682 2676 corruptum
705 2594 863 2679 coagulari
893 2594 972 2659 solet
1001 2600 1033 2661 et
1055 2615 1092 2660 er
1115 2602 1232 2660 naturae

100 2716 154 2763 sure
177 2702 328 2765 suauitate
359 2699 513 2765 decedens
543 2698 644 2763 inutili
674 2718 787 2779 sapore
820 2717 988 2782 amaroque
1018 2700 1232 2779 corrumpitur.

101 2819 165 2886 ergo
188 2810 277 2869 anteo
301 2804 407 2886 iniqui,
431 2822 500 2868 cum
526 2802 556 2866 in
581 2802 726 2868 secundis
749 2803 842 2867 rebus
866 2822 938 2869 esse
961 2802 1143 2885 prophetem
1159 2822 1232 2870 con-

99 2915 254 2986 tuerentur,
279 2906 413 2973 lelioium
439 2926 540 2972 rerum
565 2907 664 2985 amici,
688 2905 896 2990 simplicitatis
918 2908 1021 2987 specie
1037 2907 1231 2973 blandientes

99 3018 244 3095 tamquam
280 3012 328 3077 lec
362 3012 494 3077 suemdt.
542 3020 573 3075 at
606 3010 659 3075 ubi
693 3030 746 3075 eos
780 3010 819 3075 ab
855 3009 1028 3076 humilitate
1051 3012 1149 3077 sancti
1171 3012 1231 3077 uiri
1257 3029 1284 3067 ae

137 3196 167 3248 rc
184 3196 238 3249 rou.
257 3196 277 3263 1,
297 3196 340 3249 ar.

137 3360 249 3413 lubree
272 3360 298 3413 V
349 3360 377 3412 in
405 3376 433 3412 se
460 3360 487 3412 in
514 3378 580 3412 uera.
609 3368 712 3411 exerente
739 3360 800 3411 odd.
828 3376 862 3412 rra.
889 3358 909 3411 :t
933 3358 959 3411 R
1011 3350 1183 3426 Biiquitatie
1207 3359 1232 3411 V

98 3444 205 3501 lcorde
222 3464 284 3501 meo
302 3447 343 3501 Ro
397 3446 541 3501 scrutabor
569 3446 646 3499 Rom
671 3445 816 3499 scrutabar
838 3463 860 3516 p
886 3445 921 3514 cf.
951 3446 1064 3513 Georpea
1088 3445 1127 3511 II,
1152 3442 1229 3497 2281

99 3532 113 3581 6
128 3534 285 3601 oppobrium
300 3534 325 3585 V
340 3532 555 3601 obprobriumlt
607 3534 625 3585 8
642 3531 787 3601 intelleget
805 3551 836 3585 ex
853 3530 999 3601 intellegat
1014 3531 1039 3583 l'
1053 3531 1194 3600 intellegit
1203 3533 1229 3585 R

99 3620 219 3686 oppobrio
235 3620 414 3689 Vobprobrio
425 3620 474 3673 120
480 3619 614 3689 oppbmu
621 3640 641 3688 p
694 3619 710 3669 9
728 3618 877 3672 emendare
889 3620 912 3671 (Ἰ
963 3622 1060 3673 locon
1070 3631 1104 3661 Ξ
1114 3624 1228 3671 tuentur

100 3702 295 3761 licontuentur
313 3724 344 3760 eo
361 3710 442 3760 ootnr
459 3704 525 3759 m.2
542 3706 567 3759 V
619 3708 647 3759 11
670 3704 717 3759 dm
735 3706 758 3759 V
773 3704 820 3759 dm
839 3724 869 3758 ez
885 3704 922 3759 do
939 3722 973 3758 m.
990 3702 1011 3758 3
1028 3704 1055 3757 R
1109 3707 1141 3757 12
1159 3722 1227 3773 opus

100 3788 149 3847 (cm,
166 3792 216 3861 est)
236 3796 258 3847 C
309 3796 343 3848 13
360 3793 462 3847 totiens
490 3794 672 3863 superborum
697 3792 721 3844 l'
772 3794 806 3846 14
823 3792 870 3845 aed
897 3808 946 3844 cm.
975 3792 1002 3844 V
1052 3793 1084 3844 l'l
1102 3791 1168 3845 tulit
1193 3791 1228 3843 Γι

101 3876 127 3927 lli
142 3878 274 3934 dehiucV
324 3880 500 3948 coagulatum
513 3884 555 3933 est
568 3878 699 3949 sicutpE
750 3894 903 3932 cormeum
918 3879 944 3930 1'
993 3880 1026 3931 19
1044 3878 1227 3946 superborum

100 3976 125 4013 ec
147 3966 167 4018 ri
192 3966 235 4021 lac
255 3965 293 4037 p(
296 3966 331 4032 A)
384 3968 416 4020 21
436 3966 507 4019 alico
536 3968 559 4015 (¹
609 3970 723 4019 naturae
751 3965 905 4046 suaeuitate
927 3965 951 4017 l'
1000 3967 1035 4019 22
1053 3964 1183 4018 decidens
1201 3966 1227 4017 R

100 4114 127 4170 23
141 4126 199 4174 ante
218 4124 255 4193 l'p
309 4122 400 4191 iniqui
423 4068 588 4176 eumcum
616 4138 649 4174 m.
675 4118 694 4173 2
717 4120 742 4173 V
770 4066 885 4173 Ι111811111Ιί
936 4122 971 4173 24
989 4119 1167 4188 simplicitate
1192 4119 1226 4171 1γι

100 4202 173 4338 ΞΜ)
189 4210 325 4263 umilitate
346 4210 370 4263 R
394 4206 442 4277 (os.
462 4209 581 4277 Dracper
599 4210 670 4276 Synt.
690 4206 712 4273 Ι,
731 4205 803 4272 624)
829 4224 864 4261 ex
887 4206 1043 4260 humilitate
1068 4207 1103 4259 l'e
1122 4222 1157 4261 ex
1174 4206 1226 4261 hac

117 4292 239 4349 umilitate
260 4298 321 4367 l'pb,
