3075 4967
288 244 349 309 318
627 247 743 300 sancti
767 245 904 301 Hilarii
930 245 1094 316 episcopi

286 435 430 500 humauae
453 435 683 519 defatigationis
717 435 837 502 locutus
868 441 924 514 est,
954 455 1089 518 namque
1120 437 1173 520 qui
1204 457 1239 502 se
1269 456 1375 502 somno
1397 443 1425 501 et

286 540 459 605 lassitudini
483 559 565 622 saepe
589 539 780 606 commiserit
808 540 902 606 etiam
926 560 1024 623 usque
1047 541 1088 605 ad
1110 541 1177 606 aitis
1200 550 1231 608 et
1253 541 1423 607 esuritionis

287 645 513 712 necessitatem.
558 643 663 710 fauces
686 645 791 730 itaque
821 644 888 710 eins
918 663 1020 710 raucas
1048 650 1121 710 sunt
1143 644 1283 732 oculique
1307 645 1424 710 delecti.

287 769 410 816 eausam
432 768 506 813 uero
536 749 668 814 maxime
701 747 845 814 clamoris
880 755 911 814 et
943 747 1121 814 intentionis
1155 748 1313 814 oculorum
1348 748 1425 814 hanc

247 887 260 926 a
288 874 356 920 esse
380 853 491 930 docuit,
526 853 599 936 quia
621 861 761 937 speraret
783 854 814 918 in
839 855 938 931 deum,
972 851 1023 918 uel
1055 873 1125 919 cnm
1160 853 1273 918 clamat
1306 854 1425 919 dicens:

288 958 354 1042 qui
377 955 510 1023 credit
532 957 570 1020 in
593 975 659 1034 me,
683 976 760 1022 non
783 957 822 1022 in
846 977 904 1022 me
927 957 1070 1036 credit,
1090 958 1160 1022 sed
1183 958 1223 1022 in
1245 978 1340 1035 aum,
1363 957 1426 1040 qui

286 1083 344 1128 me
368 1061 486 1139 misit,
509 1059 559 1126 uel
582 1079 654 1126 cum
676 1061 865 1126 clamaturus
888 1060 1040 1126 Lazarum
1062 1081 1140 1127 uoce
1166 1082 1282 1146 magna
1304 1062 1426 1128 eleuatis

287 1185 408 1232 sursum
432 1164 526 1232 oculis
560 1165 616 1230 ait:
654 1171 779 1248 pater,
817 1165 978 1250 gratias
1013 1163 1089 1230 tibi
1123 1185 1206 1250 ago,
1240 1167 1426 1250 quoniam

287 1270 439 1336 audisti
465 1289 529 1334 rna.

235 1407 260 1444 ιο
332 1376 360 1438 7.
384 1374 446 1440 Sed
469 1372 521 1437 illo
545 1371 594 1438 uel
616 1373 735 1454 paterni
769 1373 905 1438 nominis
928 1373 1195 1457 magnificentiam
1219 1380 1353 1440 metante
1383 1373 1427 1438 uel

287 1479 431 1544 humanae
453 1476 560 1542 salutis
583 1496 658 1557 opus
681 1476 829 1542 moliente
862 1477 934 1542 odia
966 1477 998 1541 in
1029 1497 1100 1542 eum
1131 1477 1371 1560 multiplicantur
1397 1478 1425 1541 in

287 1603 417 1648 cassum.
463 1581 601 1665 sequitur
625 1581 722 1646 enim:
756 1580 1025 1662 multiplicati
1050 1589 1142 1647 sunt
1165 1602 1287 1666 super
1310 1581 1427 1666 capil-

288 1687 347 1753 los
370 1685 523 1767 capitis
547 1685 631 1764 mei,
657 1685 724 1768 qui
746 1686 920 1750 oderunt
950 1705 1006 1751 me
1028 1687 1171 1770 gratis.
1216 1686 1425 1752 conualue·

287 1797 387 1870 runt,
404 1789 469 1874 qui
494 1795 767 1870 persecuntur
790 1809 848 1854 me
870 1788 1030 1854 inimici
1053 1790 1131 1854 mei
1153 1789 1327 1871 iniuste;
1349 1809 1427 1875 quaa

238 1923 263 1963 ιε
289 1915 365 1961 non
388 1895 513 1978 rapui,
538 1900 631 1958 tunc
655 1892 870 1958 exsoluere
892 1893 1120 1975 repetebar.
1165 1894 1428 1962 numerusodian·

288 1999 365 2064 tium
398 1999 477 2064 ultra
511 1997 637 2079 capillos
672 1997 781 2080 capitis
815 2003 863 2064 est
896 1996 1063 2080 multiplex,
1098 2000 1165 2065 siue
1198 1999 1238 2064 ob
1269 2000 1426 2082 impiorum

289 2105 445 2189 copiosam
470 2101 703 2178 multitudinem,
727 2103 792 2167 siue
816 2103 887 2186 quia
908 2102 1029 2187 indigni
1051 2103 1113 2168 siut
1131 2103 1182 2168 dei
1196 2124 1270 2170 cura
1293 2139 1338 2154 —
1358 2123 1425 2169 nam

289 2207 493 2288 apostolorum
518 2205 654 2290 capillos,
685 2205 756 2290 quia
786 2212 872 2271 tanta
901 2226 1009 2271 eorum
1041 2207 1098 2272 deo
1129 2227 1203 2274 cura
1226 2215 1283 2287 cat,
1318 2207 1425 2274 scimus

289 2331 359 2377 esse
382 2315 613 2376 numeratos-
629 2310 693 2376 siue
710 2311 782 2394 quia
797 2309 969 2376 infidelium
993 2331 1142 2377 numerus
1165 2311 1244 2378 ultra
1267 2331 1426 2378 numerum

237 2440 263 2480 aa
289 2415 329 2480 sit
351 2415 499 2480 fidelium.
544 2434 615 2479 nam
640 2435 711 2479 cum
735 2416 832 2480 decus
854 2415 964 2498 capitis
984 2416 1015 2480 in
1031 2415 1150 2497 capillis
1166 2417 1214 2496 sit,
1238 2421 1269 2482 et
1285 2415 1425 2482 ecclesie.

288 2538 359 2603 quae
381 2539 491 2602 corpus
515 2527 563 2584 eat
586 2517 708 2597 Christi,
731 2519 763 2583 in
795 2518 1002 2600 apostolorum
1031 2519 1145 2586 decore
1174 2520 1277 2586 omnis
1307 2526 1426 2586 ornatas

289 2624 338 2702 ait,
361 2643 454 2704 super
476 2621 536 2687 hoc
558 2622 667 2706 capitis
684 2622 730 2688 sui
747 2623 842 2688 decus
857 2622 1027 2688 odientium
1043 2628 1092 2688 eat
1106 2623 1280 2690 multitudo.
1304 2627 1426 2690 oderunt

289 2733 392 2792 autem
427 2747 497 2792 eum
532 2726 672 2810 gratis,
711 2727 743 2790 id
777 2733 824 2792 ast
858 2747 982 2793 eausam
1017 2727 1079 2793 cdii
1108 2747 1172 2792 non
1195 2727 1357 2795 habentes.
1399 2738 1427 2792 et

333 2900 830 2968 ammmaffimn

334 3057 485 3154 lhumani
503 3117 569 3154 con.
588 3118 620 3153 m.
639 3099 660 3152 2
681 3101 702 3154 l'
720 3117 769 3154 om.
786 3101 812 3152 R
864 3099 1071 3169 defatigationis
1084 3101 1327 3171 adelitigstionis
1347 3099 1372 3150 P
1384 3101 1427 3153 de-

1222 3199 1234 3226 c

288 3239 459 3307 fatigationis
477 3256 508 3293 er
525 3238 730 3306 defatigationis
757 3258 790 3292 m.
810 3237 830 3292 2
854 3239 879 3292 V
927 3239 1137 3294 dlassitudinis
1161 3241 1185 3294 V
1233 3240 1387 3295 ammiserit
1409 3237 1429 3290 l'

289 3326 449 3380 esuritionis
476 3343 506 3379 ex
531 3325 706 3379 terumtionis
733 3345 765 3378 m.
793 3325 814 3378 2
844 3326 868 3380 V
917 3326 1046 3380 3fauces
1073 3344 1122 3381 om.
1152 3327 1175 3380 V
1226 3327 1286 3397 itaq
1313 3344 1377 3380 ersa
1402 3325 1426 3378 t

358 3422 372 3451 fl
1385 3421 1397 3451 0

289 3481 372 3518 rauce
399 3483 465 3518 corr.
494 3483 527 3518 m.
552 3463 571 3516 2
595 3464 619 3517 V
667 3465 839 3518 4maximae
866 3483 897 3518 ea
923 3465 1057 3520 msximes
1082 3466 1107 3518 R
1133 3465 1278 3519 maximi·
1330 3465 1383 3518 han
1405 3463 1427 3518 l'

289 3555 381 3606 ileum
394 3549 503 3618 (emin)
516 3551 542 3604 R
594 3551 790 3605 'lmisitmeP
839 3552 1015 3607 BrursumV
1065 3553 1281 3620 quiasudistiR
1334 3555 1363 3607 11
1373 3567 1425 3604 mo·

1334 3649 1349 3678 ΙΙ

289 3690 374 3745 liente
402 3707 432 3743 ea
457 3689 541 3743 molis
568 3709 600 3744 m.
628 3689 649 3742 2
672 3691 696 3743 V
745 3691 809 3744 odia
826 3709 898 3762 supr.
916 3709 968 3745 scr.
986 3709 1019 3745 m.
1040 3691 1057 3744 1
1075 3693 1101 3744 lt
1156 3694 1189 3745 14
1206 3697 1388 3760 persequutor
1406 3689 1428 3740 l'

289 3777 407 3830 iniustae
431 3776 479 3828 VR
533 3793 588 3864 qap
605 3792 659 3830 non
684 3795 714 3830 er
740 3778 862 3846 quinon
882 3777 908 3830 P
959 3779 993 3833 15
1011 3779 1155 3832 exsoluere
1179 3777 1214 3832 V¹
1267 3781 1301 3833 18
1318 3775 1425 3846 capillos

289 3937 366 3986 tanta
394 3935 452 3996 (om.
481 3933 557 4000 quia)
590 3933 615 3986 V
673 3890 800 3988 daocorr.
827 3953 860 3987 m.
888 3933 909 3986 2
938 3935 963 3987 l’
990 3928 1020 3988 di
1045 3935 1072 3987 P
1130 3941 1173 3988 eat
1198 3935 1247 3990 sed
1275 3935 1373 3989 scimus
1405 3929 1426 3982 l'

290 4025 361 4074 esset
379 4021 480 4073 scimus
500 4039 513 4072 e
562 4022 594 4074 19
612 4021 1021 4090 numeratoszzz-:quia
1033 4020 1114 4086 (erce
1135 4019 1225 4090 ainsi)
1245 4023 1270 4076 R
1314 4021 1350 4076 20
1366 4034 1424 4072 oum

290 4141 387 4196 orn.V
436 4143 469 4196 sl
488 4157 581 4195 omnes
605 4139 641 4196 V²
693 4146 807 4195 ornatus
834 4148 876 4196 est
904 4143 957 4196 PE
1007 4143 1042 4196 23
1059 4159 1156 4196 eorum
1183 4143 1271 4212 grstia
1301 4142 1326 4196 V
1372 4101 1423 4192 odi¹

290 4245 355 4281 corr.
374 4226 446 4281 aa?
470 4229 494 4281 V
543 4228 670 4282 habentis
695 4229 723 4282 V.
