3075 4967
300 271 362 336 794
640 272 758 326 sancti
783 271 917 326 Hilarii
942 271 1103 341 episcopi

299 460 467 536 hominem,
501 461 619 526 faciens
653 481 775 542 pacem,
808 466 842 524 ut
874 459 1084 526 reconciliaret
1116 461 1225 527 ambos
1248 463 1308 528 deo
1329 462 1361 526 in
1382 481 1436 526 uno
1530 540 1531 543 Ἴ

300 585 435 650 corpore,
467 565 622 630 internum
657 563 775 631 scilicet
808 563 968 629 homiuem
992 570 1022 630 et
1043 570 1202 630 externum
1238 566 1312 632 fecit
1340 585 1435 630 unum
1530 558 1531 561 ’

299 688 360 734 non
383 689 457 753 crgo
480 669 690 746 conbiuamur,
714 669 930 734 seducimur:
954 668 1026 752 quia
1040 668 1142 733 unitas
1157 669 1228 734 fidei
1245 677 1302 748 est,
1325 675 1436 734 atucro

300 774 475 839 conbinatio
498 774 684 838 consortium
709 773 861 838 factionis.

261 907 273 944 s
344 877 372 942 8.
396 877 467 942 Non
491 878 583 942 modo
606 883 707 942 autem
731 895 793 942 uon
816 876 975 942 conbinari
998 895 1033 942 se
1055 876 1205 958 propheta
1233 897 1305 942 cum
1337 875 1435 942 electis

299 984 476 1068 iniquorum
501 1003 562 1048 non
586 990 678 1064 optat,
711 984 892 1061 sedetiam,
923 983 995 1067 quia
1016 983 1134 1048 homini
1168 1003 1274 1050 errare
1303 983 1433 1048 debitum

301 1095 357 1166 est,
391 1089 417 1153 si
453 1088 527 1171 quid
562 1087 641 1153 forte
674 1107 763 1154 secus
798 1096 829 1152 et
860 1086 1038 1152 humanitus
1062 1088 1202 1171 gesserit,
1236 1088 1348 1169 corripi
1369 1105 1436 1151 sea

300 1193 379 1257 iusto
402 1193 433 1256 in
466 1192 680 1257 misericordia
703 1197 734 1257 et
755 1191 843 1275 argui
869 1191 992 1256 mauult.
1038 1191 1169 1256 formam
1194 1211 1332 1275 namque
1353 1193 1382 1254 iu
1404 1209 1434 1253 so

301 1301 417 1361 neturae
432 1301 546 1361 nostrae
565 1295 815 1379 infirmitatisque
831 1295 994 1360 constituit.
1034 1293 1138 1378 plures
1162 1296 1275 1362 etenim
1296 1304 1435 1370 nostrum

251 1425 274 1461 lc
302 1419 373 1466 cum
396 1398 474 1481 lapsi
509 1398 631 1477 suerint,
662 1419 733 1464 cum
764 1398 945 1476 errcuorint
977 1399 1137 1464 emendari
1160 1420 1193 1465 se
1215 1400 1304 1465 iustae
1325 1397 1434 1463 miseri

302 1504 414 1570 cordiae
448 1504 619 1588 arguitione
649 1503 810 1568 fastidiunt
832 1516 864 1568 et
896 1503 1054 1568 conbinari
1085 1502 1202 1569 malunt
1230 1503 1435 1585 peccatoribus

222 1631 224 1634 ·
302 1628 395 1692 quam
429 1628 485 1688 per
517 1599 666 1672 iustorum
701 1607 926 1688 correptionem
962 1607 1002 1672 ad
1032 1607 1243 1688 penitentiam
1264 1606 1434 1690 retorqueri

302 1715 406 1780 tenuit
423 1719 525 1778 cutem
548 1712 676 1797 egregie
699 1712 848 1778 rationem
871 1712 936 1777 neri
960 1713 1159 1793 propheticus
1189 1731 1292 1778 sermo
1322 1711 1434 1777 dicens:

302 1817 504 1898 corripiet
537 1837 595 1881 me
620 1817 752 1882 iustus
776 1816 815 1880 in
838 1816 1127 1882 misericordia
1150 1822 1188 1882 et
1209 1813 1434 1897 increpabit

252 1946 276 1982 ιο
304 1941 370 1986 me.
417 1927 465 1986 cst
495 1921 579 1986 enim
603 1919 825 1985 misericordia
854 1921 973 1996 modus,
1004 1929 1036 1984 et
1066 1920 1235 1985 miserandi
1267 1917 1434 1985 adlubenda

302 2025 418 2090 iustitia
441 2030 496 2090 est.
543 2024 628 2090 dolor
645 2024 771 2107 quidem
787 2029 973 2106 potestesse
989 2043 1065 2109 erga
1087 2043 1149 2102 eos,
1172 2043 1301 2107 quorum
1316 2022 1434 2089 crimina

303 2130 411 2213 grauia
444 2134 524 2209 sunt,
560 2129 615 2192 sed
650 2127 870 2192 misericordiae
902 2127 987 2192 locus
1009 2125 1111 2192 nullus
1133 2133 1189 2193 est.
1234 2123 1435 2193 misericordia

304 2234 384 2300 enim
408 2253 442 2298 se
465 2233 503 2296 ad
526 2232 650 2297 ueniam
675 2233 714 2297 de
737 2233 796 2296 deo
825 2233 976 2296 orandam
1007 2230 1066 2306 his,
1090 2250 1159 2314 quae
1180 2239 1252 2296 sunt
1272 2238 1367 2316 gesta,
1388 2229 1433 2294 de

304 2337 414 2403 flectit:
439 2343 575 2402 ceterum
590 2335 711 2401 ueniam
731 2341 879 2416 praestare
901 2334 1026 2400 inlicitis
1049 2354 1110 2399 non
1131 2342 1179 2400 est
1200 2333 1431 2401 misericordiam

252 2463 276 2500 ao
303 2447 461 2524 praestcre,
478 2442 533 2506 sed
549 2439 697 2506 iustitiam
714 2439 934 2504 misericordiae
950 2459 1010 2503 non
1027 2445 1142 2505 tenere.
1188 2458 1282 2523 quam
1296 2437 1432 2503 rationem

304 2545 544 2629 diligentissime
577 2543 731 2624 apostolus
764 2542 924 2608 lohannes
966 2542 1093 2608 retinuit
1125 2543 1248 2608 dicens:
1280 2542 1312 2607 si
1350 2541 1431 2624 quis

305 2651 382 2715 soit
406 2648 576 2714 fratrem
599 2666 709 2713 suum
734 2646 990 2730 delinquere,
1014 2647 1083 2712 sed
1107 2667 1181 2711 non
1205 2647 1429 2715 adportent

304 2759 418 2836 petat
440 2761 476 2817 et
501 2752 615 2817 dabit
636 2750 701 2817 illi
724 2753 825 2816 dous
847 2752 980 2816 uitam.
1026 2758 1089 2816 est
1111 2751 1215 2816 enim
1239 2755 1428 2834 peccatum

305 2858 352 2922 ad
375 2862 554 2934 mortem,
579 2855 647 2921 sed
671 2875 745 2920 non
770 2875 841 2936 pro
865 2875 909 2920 eo
933 2856 1031 2920 dico.
1077 2856 1159 2939 quod
1182 2867 1285 2920 cutem
1304 2850 1430 2917 inmisc-

252 2980 278 3018 u
305 2961 436 3026 ricordia
471 2961 570 3025 iustus
604 2959 758 3041 corripere
792 2965 884 3043 atque
917 2977 1048 3043 arguere
1082 2978 1164 3036 eum,
1188 2959 1240 3042 qui
1263 2957 1358 3040 lapsus
1381 2953 1426 3028 sit

305 3065 427 3145 debeat,
451 3065 559 3130 beatus
583 3062 696 3128 Paulus
712 3066 804 3129 docet
820 3064 942 3128 dicens:
965 3062 982 3126 f
987 3074 1131 3140 ratres,
1154 3069 1193 3129 et
1216 3063 1249 3128 si
1271 3077 1426 3144 prouen-

305 3176 369 3235 tus
403 3168 531 3234 suerit
564 3167 681 3232 homo
716 3168 754 3232 in
790 3166 928 3251 aliquo
961 3167 1126 3246 delicto,
1148 3185 1228 3245 uos,
1256 3167 1317 3251 qui
1339 3161 1424 3229 eatis

305 3271 532 3355 spiritales,
567 3280 847 3337 consummate
880 3291 964 3335 eum
998 3271 1036 3335 in
1068 3271 1220 3352 spiritu
1249 3264 1423 3336 lenitatis

306 3378 362 3443 sed
385 3396 425 3440 ue
447 3377 514 3460 ipse
537 3375 662 3459 quidem
698 3375 826 3440 rationis
847 3375 936 3440 iustae
959 3375 1179 3440 misericordiae
1200 3373 1347 3439 inmemor
1363 3367 1422 3433 tuit:

253 3499 279 3538 ³⁰
305 3486 494 3563 praeuentum
528 3479 665 3544 enimin
689 3479 810 3558 delicto,
839 3499 900 3543 non
930 3479 1085 3544 uoluntate
1115 3477 1342 3562 delinquentem
1365 3489 1421 3537 con·

306 3584 454 3651 summari
478 3603 533 3665 per
555 3583 758 3668 arguitionem
782 3584 876 3649 iubet.
921 3589 1014 3666 atque
1036 3583 1106 3647 ideo
1121 3582 1281 3663 propheta
1301 3598 1362 3646 cum
1375 3573 1419 3639 ait:

348 3727 381 3778 21
400 3725 414 3778 I
431 3723 489 3778 Ioh.
508 3725 533 3789 5,
554 3724 594 3777 16.
630 3725 664 3776 26
684 3723 773 3777 Galat.
793 3723 838 3790 Ἦ,
857 3725 881 3777 1.

351 3833 414 3887 lin
442 3848 558 3900 corpore
585 3848 640 3908 uno
668 3831 696 3883 E
748 3833 780 3885 ll
799 3831 908 3885 malunt
934 3849 964 3884 ex
989 3831 1110 3884 mallant
1137 3831 1162 3883 R
1215 3833 1248 3885 18
1265 3819 1419 3898 egregistfl

307 3923 340 3974 16
367 3919 475 3974 iustitio
505 3937 535 3972 ec
563 3918 685 3972 iustitiae
717 3937 750 3972 m.
778 3919 795 3970 1
824 3919 849 3971 R
918 3917 990 3986 proh
1016 3916 1097 3971 dolor
1130 3918 1198 3986 quid
1226 3920 1313 3986 potest
1337 3921 1418 3966 ew

306 4009 337 4060 21
367 4005 596 4074 diligentissimae
626 4006 651 4058 R
721 4005 837 4059 Ioannes
868 4005 896 4056 E
962 4006 998 4058 94
1024 4003 1113 4059 iustus
1143 4006 1173 4058 in
1200 3989 1417 4058 miwdeomnl

1271 4089 1289 4126 rr

307 4165 341 4216 28
359 4167 565 4216 consummatae
592 4163 617 4215 R
670 4164 704 4216 29
731 4160 954 4215 misesericordiae
981 4161 1007 4214 R
1058 4161 1093 4214 80
1120 4139 1319 4226 eonsummi'rip
1342 4145 1412 4205 cmi·

307 4248 411 4302 tionem
430 4247 464 4314 (ri
482 4267 553 4318 supr.
571 4265 621 4302 scr.
641 4267 657 4301 o
676 4267 709 4302 m.
727 4248 744 4301 1
753 4245 1216 4317 deindeeros.,riperoiaroa3)R
1265 4247 1293 4300 31
1303 4230 1410 4306 adqutss
