<?xml version="1.0" encoding="UTF-8"?>
<!DOCTYPE html PUBLIC "-//W3C//DTD XHTML 1.0 Transitional//EN"
    "http://www.w3.org/TR/xhtml1/DTD/xhtml1-transitional.dtd">
<html xmlns="http://www.w3.org/1999/xhtml" xml:lang="en" lang="en">
 <head>
  <title>
</title>
<meta http-equiv="Content-Type" content="text/html;charset=utf-8" />
  <meta name='ocr-system' content='tesseract 3.04.00' />
  <meta name='ocr-capabilities' content='ocr_page ocr_carea ocr_par ocr_line ocrx_word'/>
</head>
<body>
  <div class='ocr_page' id='page_1' title='image "./corpusscriptoru23wiengoog_0425.png"; bbox 0 0 3075 4967; ppageno 0'>
   <div class='ocr_carea' id='block_1_1' title="bbox 416 286 1274 357">
    <p class='ocr_par' dir='ltr' id='par_1_1' title="bbox 416 286 1274 357">
     <span class='ocr_line' id='line_1_1' title="bbox 416 286 1274 357; baseline 0.003 -13"><span class='ocrx_word' id='word_1_1' title='bbox 416 296 597 344; x_wconf 84' lang='lat' dir='ltr'><strong>tractatur</strong></span> <span class='ocrx_word' id='word_1_2' title='bbox 616 288 651 343; x_wconf 91' lang='lat' dir='ltr'><strong>in</strong></span> <span class='ocrx_word' id='word_1_3' title='bbox 669 288 843 357; x_wconf 77' lang='lat' dir='ltr'><strong>psalmum</strong></span> <span class='ocrx_word' id='word_1_4' title='bbox 862 288 984 344; x_wconf 83' lang='lat' dir='ltr'><strong>cxvnl.</strong></span> <span class='ocrx_word' id='word_1_5' title='bbox 1211 286 1274 354; x_wconf 79' lang='grc'><strong>395</strong></span> 
     </span>
    </p>
   </div>
   <div class='ocr_carea' id='block_1_2' title="bbox 130 476 1326 2437">
    <p class='ocr_par' dir='ltr' id='par_1_2' title="bbox 130 476 1275 666">
     <span class='ocr_line' id='line_1_2' title="bbox 131 476 1275 565; baseline -0.002 -20"><span class='ocrx_word' id='word_1_6' title='bbox 131 480 295 565; x_wconf 84' lang='lat' dir='ltr'><strong>intellegat,</strong></span> <span class='ocrx_word' id='word_1_7' title='bbox 327 498 396 563; x_wconf 72' lang='lat' dir='ltr'><strong>qnae</strong></span> <span class='ocrx_word' id='word_1_8' title='bbox 419 482 512 545; x_wconf 88' lang='lat' dir='ltr'><strong>etiam</strong></span> <span class='ocrx_word' id='word_1_9' title='bbox 534 498 617 543; x_wconf 92' lang='lat' dir='ltr'><strong>nunc</strong></span> <span class='ocrx_word' id='word_1_10' title='bbox 639 478 818 559; x_wconf 84' lang='lat' dir='ltr'><strong>pauimento</strong></span> <span class='ocrx_word' id='word_1_11' title='bbox 840 476 1017 543; x_wconf 80' lang='lat' dir='ltr'><strong>ounaesoric</strong></span> <span class='ocrx_word' id='word_1_12' title='bbox 1061 486 1154 562; x_wconf 87' lang='lat' dir='ltr'><strong>atque</strong></span> <span class='ocrx_word' id='word_1_13' title='bbox 1177 478 1218 543; x_wconf 95' lang='lat' dir='ltr'><strong>ob</strong></span> <span class='ocrx_word' id='word_1_14' title='bbox 1242 478 1275 544; x_wconf 93' lang='lat' dir='ltr'><strong>id</strong></span> 
     </span>
     <span class='ocr_line' id='line_1_3' title="bbox 130 582 1275 666; baseline -0.002 -17"><span class='ocrx_word' id='word_1_15' title='bbox 130 586 159 649; x_wconf 91' lang='lat' dir='ltr'><strong>in</strong></span> <span class='ocrx_word' id='word_1_16' title='bbox 182 585 241 649; x_wconf 87' lang='lat' dir='ltr'><strong>niis</strong></span> <span class='ocrx_word' id='word_1_17' title='bbox 264 584 313 649; x_wconf 88' lang='lat' dir='ltr'><strong>dei</strong></span> <span class='ocrx_word' id='word_1_18' title='bbox 336 582 584 648; x_wconf 85' lang='lat' dir='ltr'><strong>confirmandum</strong></span> <span class='ocrx_word' id='word_1_19' title='bbox 607 600 676 648; x_wconf 83' lang='lat' dir='ltr'><strong>aeae</strong></span> <span class='ocrx_word' id='word_1_20' title='bbox 699 588 773 660; x_wconf 75' lang='lat' dir='ltr'><strong>orat,</strong></span> <span class='ocrx_word' id='word_1_21' title='bbox 804 584 877 666; x_wconf 88' lang='lat' dir='ltr'><strong>quia</strong></span> <span class='ocrx_word' id='word_1_22' title='bbox 904 601 968 663; x_wconf 74' lang='lat' dir='ltr'><strong>praa</strong></span> <span class='ocrx_word' id='word_1_23' title='bbox 1002 582 1095 648; x_wconf 78' lang='lat' dir='ltr'><strong>tadio</strong></span> <span class='ocrx_word' id='word_1_24' title='bbox 1119 582 1275 649; x_wconf 84' lang='lat' dir='ltr'><strong>dormitet</strong></span> 
     </span>
    </p>

    <p class='ocr_par' dir='ltr' id='par_1_3' title="bbox 130 686 1326 2127">
     <span class='ocr_line' id='line_1_4' title="bbox 172 686 1274 763; baseline 0 -11"><span class='ocrx_word' id='word_1_25' title='bbox 172 690 198 753; x_wconf 82' lang='lat'><strong>7.</strong></span> <span class='ocrx_word' id='word_1_26' title='bbox 223 688 286 754; x_wconf 86' lang='lat' dir='ltr'><strong>Sed</strong></span> <span class='ocrx_word' id='word_1_27' title='bbox 310 686 361 753; x_wconf 90' lang='lat' dir='ltr'><strong>bic</strong></span> <span class='ocrx_word' id='word_1_28' title='bbox 384 707 420 752; x_wconf 88' lang='lat' dir='ltr'><strong>ea</strong></span> <span class='ocrx_word' id='word_1_29' title='bbox 442 687 520 751; x_wconf 89' lang='lat' dir='ltr'><strong>ratio</strong></span> <span class='ocrx_word' id='word_1_30' title='bbox 543 692 666 752; x_wconf 81' lang='lat' dir='ltr'><strong>seruata</strong></span> <span class='ocrx_word' id='word_1_31' title='bbox 681 692 736 763; x_wconf 84' lang='lat' dir='ltr'><strong>cat,</strong></span> <span class='ocrx_word' id='word_1_32' title='bbox 759 692 794 751; x_wconf 90' lang='lat' dir='ltr'><strong>ut</strong></span> <span class='ocrx_word' id='word_1_33' title='bbox 808 686 975 750; x_wconf 85' lang='lat' dir='ltr'><strong>dormitare</strong></span> <span class='ocrx_word' id='word_1_34' title='bbox 990 705 1032 763; x_wconf 86' lang='lat' dir='ltr'><strong>se,</strong></span> <span class='ocrx_word' id='word_1_35' title='bbox 1057 705 1119 750; x_wconf 94' lang='lat' dir='ltr'><strong>non</strong></span> <span class='ocrx_word' id='word_1_36' title='bbox 1135 686 1274 752; x_wconf 90' lang='lat' dir='ltr'><strong>dormire</strong></span> 
     </span>
     <span class='ocr_line' id='line_1_5' title="bbox 131 790 1274 876; baseline -0.002 -19"><span class='ocrx_word' id='word_1_37' title='bbox 131 793 226 871; x_wconf 90' lang='lat' dir='ltr'><strong>dicat;</strong></span> <span class='ocrx_word' id='word_1_38' title='bbox 252 792 325 876; x_wconf 90' lang='lat' dir='ltr'><strong>quia</strong></span> <span class='ocrx_word' id='word_1_39' title='bbox 346 792 400 875; x_wconf 91' lang='lat' dir='ltr'><strong>qni</strong></span> <span class='ocrx_word' id='word_1_40' title='bbox 430 791 551 867; x_wconf 84' lang='lat' dir='ltr'>dormit,</span> <span class='ocrx_word' id='word_1_41' title='bbox 583 790 615 855; x_wconf 95' lang='lat' dir='ltr'><strong>in</strong></span> <span class='ocrx_word' id='word_1_42' title='bbox 645 790 712 872; x_wconf 91' lang='lat' dir='ltr'><strong>ipso</strong></span> <span class='ocrx_word' id='word_1_43' title='bbox 742 790 843 855; x_wconf 81' lang='lat' dir='ltr'><strong>somni</strong></span> <span class='ocrx_word' id='word_1_44' title='bbox 874 808 967 871; x_wconf 89' lang='lat' dir='ltr'><strong>opere</strong></span> <span class='ocrx_word' id='word_1_45' title='bbox 1000 796 1055 865; x_wconf 76' lang='lat' dir='ltr'><strong>est,</strong></span> <span class='ocrx_word' id='word_1_46' title='bbox 1086 790 1139 873; x_wconf 90' lang='lat' dir='ltr'><strong>qni</strong></span> <span class='ocrx_word' id='word_1_47' title='bbox 1168 796 1274 855; x_wconf 88' lang='lat' dir='ltr'><strong>antem</strong></span> 
     </span>
     <span class='ocr_line' id='line_1_6' title="bbox 131 894 1326 979; baseline -0.003 -18"><span class='ocrx_word' id='word_1_48' title='bbox 131 898 278 971; x_wconf 80' lang='lat' dir='ltr'><strong>dormitat,</strong></span> <span class='ocrx_word' id='word_1_49' title='bbox 295 904 463 979; x_wconf 80' lang='lat' dir='ltr'><strong>antequam</strong></span> <span class='ocrx_word' id='word_1_50' title='bbox 480 895 620 972; x_wconf 81' lang='lat' dir='ltr'><strong>dormiat,</strong></span> <span class='ocrx_word' id='word_1_51' title='bbox 636 895 791 959; x_wconf 88' lang='lat' dir='ltr'><strong>dormitat.</strong></span> <span class='ocrx_word' id='word_1_52' title='bbox 836 914 905 978; x_wconf 85' lang='lat' dir='ltr'><strong>quae</strong></span> <span class='ocrx_word' id='word_1_53' title='bbox 925 901 955 959; x_wconf 87' lang='lat' dir='ltr'><strong>et</strong></span> <span class='ocrx_word' id='word_1_54' title='bbox 976 894 1009 959; x_wconf 87' lang='lat' dir='ltr'><strong>in</strong></span> <span class='ocrx_word' id='word_1_55' title='bbox 1024 894 1086 959; x_wconf 86' lang='lat' dir='ltr'><strong>alio</strong></span> <span class='ocrx_word' id='word_1_56' title='bbox 1107 894 1174 960; x_wconf 91' lang='lat' dir='ltr'><strong>loco</strong></span> <span class='ocrx_word' id='word_1_57' title='bbox 1193 896 1272 961; x_wconf 87' lang='lat' dir='ltr'><strong>ratio</strong></span> <span class='ocrx_word' id='word_1_58' title='bbox 1311 916 1326 957; x_wconf 82' lang='lat' dir='ltr'><strong>c</strong></span> 
     </span>
     <span class='ocr_line' id='line_1_7' title="bbox 131 998 1274 1083; baseline -0.003 -16"><span class='ocrx_word' id='word_1_59' title='bbox 131 1008 250 1067; x_wconf 87' lang='lat' dir='ltr'><strong>seruata</strong></span> <span class='ocrx_word' id='word_1_60' title='bbox 272 1010 329 1079; x_wconf 87' lang='lat' dir='ltr'><strong>est,</strong></span> <span class='ocrx_word' id='word_1_61' title='bbox 353 1018 424 1065; x_wconf 88' lang='lat' dir='ltr'><strong>cum</strong></span> <span class='ocrx_word' id='word_1_62' title='bbox 448 1000 535 1065; x_wconf 87' lang='lat' dir='ltr'><strong>dicit:</strong></span> <span class='ocrx_word' id='word_1_63' title='bbox 566 1018 659 1065; x_wconf 87' lang='lat' dir='ltr'><strong>acce</strong></span> <span class='ocrx_word' id='word_1_64' title='bbox 682 1018 756 1064; x_wconf 92' lang='lat' dir='ltr'><strong>non</strong></span> <span class='ocrx_word' id='word_1_65' title='bbox 788 998 940 1063; x_wconf 85' lang='lat' dir='ltr'>dormit</span> <span class='ocrx_word' id='word_1_66' title='bbox 970 1018 1099 1083; x_wconf 88' lang='lat' dir='ltr'><strong>neque</strong></span> <span class='ocrx_word' id='word_1_67' title='bbox 1133 998 1274 1065; x_wconf 89' lang='lat' dir='ltr'><strong>dormi·</strong></span> 
     </span>
     <span class='ocr_line' id='line_1_8' title="bbox 131 1101 1273 1189; baseline -0.004 -18"><span class='ocrx_word' id='word_1_68' title='bbox 131 1106 240 1181; x_wconf 88' lang='lat' dir='ltr'><strong>tabit,</strong></span> <span class='ocrx_word' id='word_1_69' title='bbox 272 1106 340 1189; x_wconf 89' lang='lat' dir='ltr'><strong>qui</strong></span> <span class='ocrx_word' id='word_1_70' title='bbox 371 1104 553 1169; x_wconf 77' lang='lat' dir='ltr'><strong>custodit</strong></span> <span class='ocrx_word' id='word_1_71' title='bbox 586 1102 758 1168; x_wconf 87' lang='lat' dir='ltr'><strong>lsrahel.</strong></span> <span class='ocrx_word' id='word_1_72' title='bbox 805 1103 861 1167; x_wconf 85' lang='lat' dir='ltr'><strong>sed</strong></span> <span class='ocrx_word' id='word_1_73' title='bbox 883 1108 916 1169; x_wconf 89' lang='lat' dir='ltr'><strong>et</strong></span> <span class='ocrx_word' id='word_1_74' title='bbox 938 1101 1009 1179; x_wconf 90' lang='lat' dir='ltr'><strong>illio,</strong></span> <span class='ocrx_word' id='word_1_75' title='bbox 1036 1103 1089 1167; x_wconf 91' lang='lat' dir='ltr'><strong>ubi</strong></span> <span class='ocrx_word' id='word_1_76' title='bbox 1113 1102 1273 1168; x_wconf 83' lang='lat' dir='ltr'><strong>meminit:</strong></span> 
     </span>
     <span class='ocr_line' id='line_1_9' title="bbox 131 1206 1274 1287; baseline -0.003 -12"><span class='ocrx_word' id='word_1_77' title='bbox 131 1213 160 1275; x_wconf 88' lang='lat' dir='ltr'><strong>si</strong></span> <span class='ocrx_word' id='word_1_78' title='bbox 190 1210 344 1275; x_wconf 87' lang='lat' dir='ltr'><strong>dedero</strong></span> <span class='ocrx_word' id='word_1_79' title='bbox 378 1228 557 1273; x_wconf 83' lang='lat' dir='ltr'><strong>somnum</strong></span> <span class='ocrx_word' id='word_1_80' title='bbox 588 1206 720 1273; x_wconf 84' lang='lat' dir='ltr'><strong>oculis</strong></span> <span class='ocrx_word' id='word_1_81' title='bbox 751 1208 853 1273; x_wconf 86' lang='lat' dir='ltr'><strong>meis</strong></span> <span class='ocrx_word' id='word_1_82' title='bbox 876 1214 916 1273; x_wconf 91' lang='lat' dir='ltr'><strong>et</strong></span> <span class='ocrx_word' id='word_1_83' title='bbox 936 1207 1149 1287; x_wconf 79' lang='lat' dir='ltr'><strong>palpebris</strong></span> <span class='ocrx_word' id='word_1_84' title='bbox 1174 1207 1274 1272; x_wconf 85' lang='lat' dir='ltr'><strong>mele</strong></span> 
     </span>
     <span class='ocr_line' id='line_1_10' title="bbox 131 1311 1273 1393; baseline -0.001 -16"><span class='ocrx_word' id='word_1_85' title='bbox 131 1314 468 1387; x_wconf 81' lang='lat' dir='ltr'><strong>dormitationem,</strong></span> <span class='ocrx_word' id='word_1_86' title='bbox 503 1312 753 1377; x_wconf 86' lang='lat' dir='ltr'><strong>dormitationem</strong></span> <span class='ocrx_word' id='word_1_87' title='bbox 775 1311 1002 1393; x_wconf 82' lang='lat' dir='ltr'><strong>palpebrarum,</strong></span> <span class='ocrx_word' id='word_1_88' title='bbox 1032 1330 1177 1376; x_wconf 79' lang='lat' dir='ltr'><strong>somnum</strong></span> <span class='ocrx_word' id='word_1_89' title='bbox 1200 1330 1273 1376; x_wconf 92' lang='lat' dir='ltr'><strong>nero</strong></span> 
     </span>
     <span class='ocr_line' id='line_1_11' title="bbox 131 1414 1326 1499; baseline -0.006 -16"><span class='ocrx_word' id='word_1_90' title='bbox 131 1438 193 1483; x_wconf 89' lang='lat' dir='ltr'><strong>esse</strong></span> <span class='ocrx_word' id='word_1_91' title='bbox 218 1418 296 1481; x_wconf 83' lang='lat' dir='ltr'><strong>dixit</strong></span> <span class='ocrx_word' id='word_1_92' title='bbox 318 1416 483 1495; x_wconf 87' lang='lat' dir='ltr'><strong>oculonrm,</strong></span> <span class='ocrx_word' id='word_1_93' title='bbox 507 1416 580 1499; x_wconf 90' lang='lat' dir='ltr'><strong>quia</strong></span> <span class='ocrx_word' id='word_1_94' title='bbox 595 1414 815 1497; x_wconf 86' lang='lat' dir='ltr'><strong>palpebrarum</strong></span> <span class='ocrx_word' id='word_1_95' title='bbox 831 1414 968 1481; x_wconf 81' lang='lat' dir='ltr'><strong>officinm</strong></span> <span class='ocrx_word' id='word_1_96' title='bbox 992 1423 1049 1493; x_wconf 86' lang='lat' dir='ltr'><strong>est,</strong></span> <span class='ocrx_word' id='word_1_97' title='bbox 1071 1420 1106 1481; x_wconf 93' lang='lat' dir='ltr'><strong>ut</strong></span> <span class='ocrx_word' id='word_1_98' title='bbox 1128 1434 1273 1480; x_wconf 87' lang='lat' dir='ltr'><strong>somnum</strong></span> <span class='ocrx_word' id='word_1_99' title='bbox 1300 1438 1326 1476; x_wconf 77' lang='lat' dir='ltr'><strong>ro</strong></span> 
     </span>
     <span class='ocr_line' id='line_1_12' title="bbox 131 1519 1274 1604; baseline -0.003 -17"><span class='ocrx_word' id='word_1_100' title='bbox 131 1540 163 1587; x_wconf 87' lang='lat' dir='ltr'><strong>ex</strong></span> <span class='ocrx_word' id='word_1_101' title='bbox 185 1522 403 1587; x_wconf 88' lang='lat' dir='ltr'><strong>dormitatione</strong></span> <span class='ocrx_word' id='word_1_102' title='bbox 435 1520 606 1585; x_wconf 87' lang='lat' dir='ltr'><strong>concilient.</strong></span> <span class='ocrx_word' id='word_1_103' title='bbox 652 1519 805 1602; x_wconf 88' lang='lat' dir='ltr'><strong>propbeta</strong></span> <span class='ocrx_word' id='word_1_104' title='bbox 825 1520 929 1604; x_wconf 85' lang='lat' dir='ltr'><strong>igitur,</strong></span> <span class='ocrx_word' id='word_1_105' title='bbox 953 1521 1010 1585; x_wconf 78' lang='lat' dir='ltr'><strong>etsi</strong></span> <span class='ocrx_word' id='word_1_106' title='bbox 1034 1520 1187 1598; x_wconf 81' lang='lat' dir='ltr'><strong>dormitat,</strong></span> <span class='ocrx_word' id='word_1_107' title='bbox 1210 1538 1274 1584; x_wconf 95' lang='lat' dir='ltr'><strong>non</strong></span> 
     </span>
     <span class='ocr_line' id='line_1_13' title="bbox 130 1623 1273 1708; baseline -0.004 -17"><span class='ocrx_word' id='word_1_108' title='bbox 130 1634 230 1691; x_wconf 88' lang='lat' dir='ltr'><strong>tamen</strong></span> <span class='ocrx_word' id='word_1_109' title='bbox 256 1625 383 1701; x_wconf 83' lang='lat' dir='ltr'><strong>dormit-;</strong></span> <span class='ocrx_word' id='word_1_110' title='bbox 408 1636 500 1708; x_wconf 86' lang='lat' dir='ltr'><strong>atque</strong></span> <span class='ocrx_word' id='word_1_111' title='bbox 523 1626 561 1689; x_wconf 90' lang='lat' dir='ltr'><strong>ob</strong></span> <span class='ocrx_word' id='word_1_112' title='bbox 584 1626 624 1703; x_wconf 91' lang='lat' dir='ltr'><strong>id,</strong></span> <span class='ocrx_word' id='word_1_113' title='bbox 646 1644 686 1689; x_wconf 91' lang='lat' dir='ltr'><strong>ne</strong></span> <span class='ocrx_word' id='word_1_114' title='bbox 710 1625 877 1689; x_wconf 79' lang='lat' dir='ltr'><strong>dormitans</strong></span> <span class='ocrx_word' id='word_1_115' title='bbox 907 1624 1090 1702; x_wconf 81' lang='lat' dir='ltr'><strong>obdormiat</strong></span> <span class='ocrx_word' id='word_1_116' title='bbox 1125 1623 1273 1689; x_wconf 88' lang='lat' dir='ltr'><strong>subiecit:</strong></span> 
     </span>
     <span class='ocr_line' id='line_1_14' title="bbox 131 1728 1274 1810; baseline -0.002 -16"><span class='ocrx_word' id='word_1_117' title='bbox 131 1730 329 1795; x_wconf 83' lang='lat' dir='ltr'><strong>confirma</strong></span> <span class='ocrx_word' id='word_1_118' title='bbox 352 1750 411 1793; x_wconf 91' lang='lat' dir='ltr'><strong>me</strong></span> <span class='ocrx_word' id='word_1_119' title='bbox 434 1730 473 1793; x_wconf 95' lang='lat' dir='ltr'><strong>in</strong></span> <span class='ocrx_word' id='word_1_120' title='bbox 497 1730 635 1794; x_wconf 89' lang='lat' dir='ltr'><strong>uerbis</strong></span> <span class='ocrx_word' id='word_1_121' title='bbox 659 1730 757 1794; x_wconf 84' lang='lat' dir='ltr'><strong>tuis:</strong></span> <span class='ocrx_word' id='word_1_122' title='bbox 782 1730 814 1793; x_wconf 94' lang='lat' dir='ltr'><strong>id</strong></span> <span class='ocrx_word' id='word_1_123' title='bbox 838 1740 884 1793; x_wconf 87' lang='lat' dir='ltr'><strong>est</strong></span> <span class='ocrx_word' id='word_1_124' title='bbox 906 1737 939 1793; x_wconf 91' lang='lat' dir='ltr'><strong>ut</strong></span> <span class='ocrx_word' id='word_1_125' title='bbox 961 1728 1274 1810; x_wconf 84' lang='lat' dir='ltr'><strong>peromniuminati·</strong></span> 
     </span>
     <span class='ocr_line' id='line_1_15' title="bbox 131 1830 1273 1918; baseline -0.003 -21"><span class='ocrx_word' id='word_1_126' title='bbox 131 1833 316 1915; x_wconf 66' lang='lat' dir='ltr'><strong>Rationum,</strong></span> <span class='ocrx_word' id='word_1_127' title='bbox 341 1852 417 1916; x_wconf 87' lang='lat' dir='ltr'><strong>quas</strong></span> <span class='ocrx_word' id='word_1_128' title='bbox 440 1834 579 1914; x_wconf 85' lang='lat' dir='ltr'><strong>superius</strong></span> <span class='ocrx_word' id='word_1_129' title='bbox 603 1834 790 1909; x_wconf 89' lang='lat' dir='ltr'><strong>memorauit,</strong></span> <span class='ocrx_word' id='word_1_130' title='bbox 813 1831 1058 1918; x_wconf 83' lang='lat' dir='ltr'><strong>intellegentiam</strong></span> <span class='ocrx_word' id='word_1_131' title='bbox 1073 1830 1273 1898; x_wconf 86' lang='lat' dir='ltr'><strong>confirmatus</strong></span> 
     </span>
     <span class='ocr_line' id='line_1_16' title="bbox 130 1936 1326 2021; baseline -0.003 -20"><span class='ocrx_word' id='word_1_132' title='bbox 130 1958 185 2002; x_wconf 92' lang='lat' dir='ltr'><strong>non</strong></span> <span class='ocrx_word' id='word_1_133' title='bbox 222 1938 314 2001; x_wconf 93' lang='lat' dir='ltr'><strong>modo</strong></span> <span class='ocrx_word' id='word_1_134' title='bbox 348 1956 409 2001; x_wconf 91' lang='lat' dir='ltr'><strong>non</strong></span> <span class='ocrx_word' id='word_1_135' title='bbox 443 1938 585 2013; x_wconf 91' lang='lat' dir='ltr'><strong>dormiat,</strong></span> <span class='ocrx_word' id='word_1_136' title='bbox 623 1937 679 2001; x_wconf 89' lang='lat' dir='ltr'><strong>sed</strong></span> <span class='ocrx_word' id='word_1_137' title='bbox 712 1938 774 2001; x_wconf 86' lang='lat' dir='ltr'><strong>iam</strong></span> <span class='ocrx_word' id='word_1_138' title='bbox 812 1937 879 2001; x_wconf 87' lang='lat' dir='ltr'><strong>sine</strong></span> <span class='ocrx_word' id='word_1_139' title='bbox 917 1936 1022 2021; x_wconf 86' lang='lat' dir='ltr'><strong>aliqua</strong></span> <span class='ocrx_word' id='word_1_140' title='bbox 1058 1936 1274 2000; x_wconf 88' lang='lat' dir='ltr'><strong>dormitatione</strong></span> <span class='ocrx_word' id='word_1_141' title='bbox 1301 1955 1326 1995; x_wconf 82' lang='lat' dir='ltr'><strong>ur</strong></span> 
     </span>
     <span class='ocr_line' id='line_1_17' title="bbox 130 2040 301 2127; baseline -0.012 -20"><span class='ocrx_word' id='word_1_142' title='bbox 130 2040 301 2127; x_wconf 84' lang='lat' dir='ltr'><strong>peruigilet.</strong></span> 
     </span>
    </p>

    <p class='ocr_par' dir='ltr' id='par_1_4' title="bbox 132 2143 1274 2437">
     <span class='ocr_line' id='line_1_18' title="bbox 170 2143 1274 2229; baseline -0.003 -19"><span class='ocrx_word' id='word_1_143' title='bbox 170 2148 197 2210; x_wconf 77' lang='lat'><strong>8.</strong></span> <span class='ocrx_word' id='word_1_144' title='bbox 223 2146 279 2209; x_wconf 85' lang='lat' dir='ltr'><strong>Ait</strong></span> <span class='ocrx_word' id='word_1_145' title='bbox 301 2156 403 2210; x_wconf 86' lang='lat' dir='ltr'><strong>autem</strong></span> <span class='ocrx_word' id='word_1_146' title='bbox 426 2160 496 2225; x_wconf 88' lang='lat' dir='ltr'><strong>post</strong></span> <span class='ocrx_word' id='word_1_147' title='bbox 512 2143 595 2209; x_wconf 84' lang='lat' dir='ltr'><strong>haec:</strong></span> <span class='ocrx_word' id='word_1_148' title='bbox 618 2146 722 2209; x_wconf 86' lang='lat' dir='ltr'><strong>uiam</strong></span> <span class='ocrx_word' id='word_1_149' title='bbox 747 2145 989 2229; x_wconf 89' lang='lat' dir='ltr'><strong>iniquitatis</strong></span> <span class='ocrx_word' id='word_1_150' title='bbox 1012 2164 1153 2210; x_wconf 89' lang='lat' dir='ltr'><strong>amone</strong></span> <span class='ocrx_word' id='word_1_151' title='bbox 1176 2165 1194 2208; x_wconf 92' lang='lat' dir='ltr'><strong>a</strong></span> <span class='ocrx_word' id='word_1_152' title='bbox 1216 2162 1274 2208; x_wconf 92' lang='lat' dir='ltr'><strong>me</strong></span> 
     </span>
     <span class='ocr_line' id='line_1_19' title="bbox 132 2248 1274 2333; baseline -0.002 -19"><span class='ocrx_word' id='word_1_153' title='bbox 132 2256 166 2315; x_wconf 89' lang='lat' dir='ltr'><strong>ct</strong></span> <span class='ocrx_word' id='word_1_154' title='bbox 186 2248 278 2333; x_wconf 83' lang='lat' dir='ltr'><strong>lege</strong></span> <span class='ocrx_word' id='word_1_155' title='bbox 301 2256 367 2314; x_wconf 88' lang='lat' dir='ltr'><strong>tua</strong></span> <span class='ocrx_word' id='word_1_156' title='bbox 390 2250 587 2314; x_wconf 84' lang='lat' dir='ltr'><strong>miserore</strong></span> <span class='ocrx_word' id='word_1_157' title='bbox 618 2250 703 2314; x_wconf 87' lang='lat' dir='ltr'><strong>mei.</strong></span> <span class='ocrx_word' id='word_1_158' title='bbox 748 2261 926 2331; x_wconf 87' lang='lat' dir='ltr'><strong>promptum</strong></span> <span class='ocrx_word' id='word_1_159' title='bbox 950 2250 1051 2315; x_wconf 85' lang='lat' dir='ltr'><strong>suerat</strong></span> <span class='ocrx_word' id='word_1_160' title='bbox 1074 2250 1193 2315; x_wconf 89' lang='lat' dir='ltr'><strong>dicere:</strong></span> <span class='ocrx_word' id='word_1_161' title='bbox 1216 2248 1274 2312; x_wconf 90' lang='lat' dir='ltr'><strong>ini·</strong></span> 
     </span>
     <span class='ocr_line' id='line_1_20' title="bbox 132 2352 1273 2437; baseline -0.001 -19"><span class='ocrx_word' id='word_1_162' title='bbox 132 2356 276 2437; x_wconf 85' lang='lat' dir='ltr'><strong>quitatem</strong></span> <span class='ocrx_word' id='word_1_163' title='bbox 300 2372 410 2417; x_wconf 86' lang='lat' dir='ltr'><strong>amone</strong></span> <span class='ocrx_word' id='word_1_164' title='bbox 433 2372 451 2417; x_wconf 86' lang='lat' dir='ltr'><strong>a</strong></span> <span class='ocrx_word' id='word_1_165' title='bbox 474 2372 540 2432; x_wconf 91' lang='lat' dir='ltr'><strong>me;</strong></span> <span class='ocrx_word' id='word_1_166' title='bbox 564 2354 620 2419; x_wconf 89' lang='lat' dir='ltr'><strong>sed</strong></span> <span class='ocrx_word' id='word_1_167' title='bbox 642 2353 717 2419; x_wconf 88' lang='lat' dir='ltr'><strong>licet</strong></span> <span class='ocrx_word' id='word_1_168' title='bbox 738 2352 930 2419; x_wconf 88' lang='lat' dir='ltr'><strong>infirmitatis</strong></span> <span class='ocrx_word' id='word_1_169' title='bbox 949 2372 1012 2418; x_wconf 84' lang='lat' dir='ltr'><strong>suae</strong></span> <span class='ocrx_word' id='word_1_170' title='bbox 1028 2354 1178 2429; x_wconf 77' lang='lat' dir='ltr'><strong>conscius,</strong></span> <span class='ocrx_word' id='word_1_171' title='bbox 1201 2371 1273 2418; x_wconf 90' lang='lat' dir='ltr'><strong>cum</strong></span> 
     </span>
    </p>
   </div>
   <div class='ocr_carea' id='block_1_3' title="bbox 133 2457 1327 2959">
    <p class='ocr_par' dir='ltr' id='par_1_5' title="bbox 133 2457 1327 2959">
     <span class='ocr_line' id='line_1_21' title="bbox 133 2457 1327 2539; baseline -0.006 -16"><span class='ocrx_word' id='word_1_172' title='bbox 133 2457 306 2523; x_wconf 89' lang='lat' dir='ltr'><strong>meminerit</strong></span> <span class='ocrx_word' id='word_1_173' title='bbox 336 2458 366 2521; x_wconf 92' lang='lat' dir='ltr'><strong>in</strong></span> <span class='ocrx_word' id='word_1_174' title='bbox 390 2476 517 2538; x_wconf 90' lang='lat' dir='ltr'><strong>corpore</strong></span> <span class='ocrx_word' id='word_1_175' title='bbox 552 2477 606 2522; x_wconf 89' lang='lat' dir='ltr'><strong>suo</strong></span> <span class='ocrx_word' id='word_1_176' title='bbox 639 2458 723 2523; x_wconf 90' lang='lat' dir='ltr'><strong>niam</strong></span> <span class='ocrx_word' id='word_1_177' title='bbox 756 2458 860 2523; x_wconf 84' lang='lat' dir='ltr'><strong>inesse</strong></span> <span class='ocrx_word' id='word_1_178' title='bbox 893 2459 1050 2539; x_wconf 89' lang='lat' dir='ltr'><strong>peccandi,</strong></span> <span class='ocrx_word' id='word_1_179' title='bbox 1080 2466 1184 2523; x_wconf 86' lang='lat' dir='ltr'><strong>tamon</strong></span> <span class='ocrx_word' id='word_1_180' title='bbox 1218 2476 1274 2537; x_wconf 90' lang='lat' dir='ltr'><strong>per</strong></span> <span class='ocrx_word' id='word_1_181' title='bbox 1301 2476 1327 2515; x_wconf 82' lang='lat' dir='ltr'><strong>ro</strong></span> 
     </span>
     <span class='ocr_line' id='line_1_22' title="bbox 134 2559 1273 2645; baseline 0.001 -20"><span class='ocrx_word' id='word_1_182' title='bbox 134 2562 272 2626; x_wconf 88' lang='lat' dir='ltr'><strong>timorem</strong></span> <span class='ocrx_word' id='word_1_183' title='bbox 309 2560 356 2625; x_wconf 87' lang='lat' dir='ltr'><strong>dei</strong></span> <span class='ocrx_word' id='word_1_184' title='bbox 389 2561 504 2642; x_wconf 87' lang='lat' dir='ltr'><strong>peccati</strong></span> <span class='ocrx_word' id='word_1_185' title='bbox 535 2562 636 2626; x_wconf 88' lang='lat' dir='ltr'><strong>omnis</strong></span> <span class='ocrx_word' id='word_1_186' title='bbox 659 2559 777 2627; x_wconf 90' lang='lat' dir='ltr'><strong>alienus</strong></span> <span class='ocrx_word' id='word_1_187' title='bbox 800 2568 856 2627; x_wconf 88' lang='lat' dir='ltr'><strong>ost</strong></span> <span class='ocrx_word' id='word_1_188' title='bbox 901 2563 984 2627; x_wconf 87' lang='lat' dir='ltr'><strong>uiam</strong></span> <span class='ocrx_word' id='word_1_189' title='bbox 1018 2562 1113 2645; x_wconf 84' lang='lat' dir='ltr'><strong>igitur</strong></span> <span class='ocrx_word' id='word_1_190' title='bbox 1145 2562 1273 2643; x_wconf 89' lang='lat' dir='ltr'><strong>peccati,</strong></span> 
     </span>
     <span class='ocr_line' id='line_1_23' title="bbox 134 2666 1274 2749; baseline 0.001 -20"><span class='ocrx_word' id='word_1_191' title='bbox 134 2684 190 2749; x_wconf 88' lang='lat' dir='ltr'><strong>qua</strong></span> <span class='ocrx_word' id='word_1_192' title='bbox 213 2666 252 2729; x_wconf 91' lang='lat' dir='ltr'><strong>ad</strong></span> <span class='ocrx_word' id='word_1_193' title='bbox 276 2670 438 2745; x_wconf 86' lang='lat' dir='ltr'><strong>peccatum</strong></span> <span class='ocrx_word' id='word_1_194' title='bbox 462 2684 594 2748; x_wconf 85' lang='lat' dir='ltr'><strong>pergere</strong></span> <span class='ocrx_word' id='word_1_195' title='bbox 617 2671 795 2745; x_wconf 91' lang='lat' dir='ltr'><strong>promptum</strong></span> <span class='ocrx_word' id='word_1_196' title='bbox 820 2672 875 2741; x_wconf 84' lang='lat' dir='ltr'><strong>est</strong></span> <span class='ocrx_word' id='word_1_197' title='bbox 909 2666 1045 2731; x_wconf 88' lang='lat' dir='ltr'><strong>amoueri</strong></span> <span class='ocrx_word' id='word_1_198' title='bbox 1067 2687 1087 2730; x_wconf 91' lang='lat' dir='ltr'><strong>a</strong></span> <span class='ocrx_word' id='word_1_199' title='bbox 1108 2686 1143 2731; x_wconf 84' lang='lat' dir='ltr'><strong>ae</strong></span> <span class='ocrx_word' id='word_1_200' title='bbox 1166 2666 1274 2747; x_wconf 85' lang='lat' dir='ltr'><strong>depre-</strong></span> 
     </span>
     <span class='ocr_line' id='line_1_24' title="bbox 134 2768 1273 2851; baseline 0 -18"><span class='ocrx_word' id='word_1_201' title='bbox 134 2780 223 2845; x_wconf 86' lang='lat' dir='ltr'><strong>catur,</strong></span> <span class='ocrx_word' id='word_1_202' title='bbox 246 2770 278 2834; x_wconf 94' lang='lat' dir='ltr'><strong>id</strong></span> <span class='ocrx_word' id='word_1_203' title='bbox 301 2776 350 2835; x_wconf 89' lang='lat' dir='ltr'><strong>est</strong></span> <span class='ocrx_word' id='word_1_204' title='bbox 372 2768 475 2834; x_wconf 88' lang='lat' dir='ltr'><strong>omnia</strong></span> <span class='ocrx_word' id='word_1_205' title='bbox 508 2770 711 2849; x_wconf 77' lang='lat' dir='ltr'><strong>corporalium</strong></span> <span class='ocrx_word' id='word_1_206' title='bbox 741 2769 934 2851; x_wconf 87' lang='lat' dir='ltr'><strong>uoluptatum</strong></span> <span class='ocrx_word' id='word_1_207' title='bbox 964 2770 1120 2836; x_wconf 86' lang='lat' dir='ltr'><strong>desideria</strong></span> <span class='ocrx_word' id='word_1_208' title='bbox 1149 2770 1273 2844; x_wconf 82' lang='lat' dir='ltr'><strong>auferri,</strong></span> 
     </span>
     <span class='ocr_line' id='line_1_25' title="bbox 135 2872 1275 2959; baseline 0.001 -23"><span class='ocrx_word' id='word_1_209' title='bbox 135 2892 186 2937; x_wconf 91' lang='lat' dir='ltr'><strong>nec</strong></span> <span class='ocrx_word' id='word_1_210' title='bbox 209 2874 441 2953; x_wconf 82' lang='lat' dir='ltr'><strong>temptationem</strong></span> <span class='ocrx_word' id='word_1_211' title='bbox 464 2872 599 2956; x_wconf 87' lang='lat' dir='ltr'><strong>aliquam</strong></span> <span class='ocrx_word' id='word_1_212' title='bbox 623 2875 879 2954; x_wconf 74' lang='lat' dir='ltr'><strong>concupiscentiae</strong></span> <span class='ocrx_word' id='word_1_213' title='bbox 908 2881 960 2939; x_wconf 87' lang='lat' dir='ltr'><strong>aut</strong></span> <span class='ocrx_word' id='word_1_214' title='bbox 990 2874 1183 2959; x_wconf 80' lang='lat' dir='ltr'><strong>ignorantiae,</strong></span> <span class='ocrx_word' id='word_1_215' title='bbox 1213 2893 1275 2956; x_wconf 87' lang='lat' dir='ltr'><strong>qua</strong></span> 
     </span>
    </p>
   </div>
   <div class='ocr_carea' id='block_1_4' title="bbox 174 3028 706 3097">
    <p class='ocr_par' dir='ltr' id='par_1_6' title="bbox 174 3028 706 3097">
     <span class='ocr_line' id='line_1_26' title="bbox 174 3028 706 3097; baseline 0.002 -14"><span class='ocrx_word' id='word_1_216' title='bbox 174 3029 248 3083; x_wconf 70' lang='lat' dir='ltr'><strong>crs.</strong></span> <span class='ocrx_word' id='word_1_217' title='bbox 268 3028 349 3095; x_wconf 87' lang='lat' dir='ltr'><strong>oxx,</strong></span> <span class='ocrx_word' id='word_1_218' title='bbox 367 3033 392 3083; x_wconf 86' lang='lat'><strong>4.</strong></span> <span class='ocrx_word' id='word_1_219' title='bbox 446 3032 462 3081; x_wconf 87' lang='lat' dir='ltr'><strong>a</strong></span> <span class='ocrx_word' id='word_1_220' title='bbox 481 3030 523 3083; x_wconf 73' lang='lat' dir='ltr'><strong>rs.</strong></span> <span class='ocrx_word' id='word_1_221' title='bbox 543 3029 663 3097; x_wconf 73' lang='lat' dir='ltr'><strong>omum,</strong></span> <span class='ocrx_word' id='word_1_222' title='bbox 681 3033 706 3085; x_wconf 84' lang='lat'><strong>4.</strong></span> 
     </span>
    </p>
   </div>
   <div class='ocr_carea' id='block_1_5' title="bbox 174 3142 1276 3257">
    <p class='ocr_par' dir='ltr' id='par_1_7' title="bbox 174 3142 1276 3257">
     <span class='ocr_line' id='line_1_27' title="bbox 174 3142 1276 3257; baseline 0.002 -20"><span class='ocrx_word' id='word_1_223' title='bbox 174 3142 336 3239; x_wconf 46' lang='lat' dir='ltr'><strong>‘araneam</strong></span> <span class='ocrx_word' id='word_1_224' title='bbox 359 3204 391 3238; x_wconf 88' lang='lat' dir='ltr'><strong>m.</strong></span> <span class='ocrx_word' id='word_1_225' title='bbox 421 3186 481 3239; x_wconf 78' lang='grc' dir='ltr'><strong>[Β</strong></span> <span class='ocrx_word' id='word_1_226' title='bbox 534 3186 722 3240; x_wconf 41' lang='lat' dir='ltr'><strong>dormi-atat</strong></span> <span class='ocrx_word' id='word_1_227' title='bbox 751 3185 829 3252; x_wconf 81' lang='lat' dir='ltr'><strong>(croc.</strong></span> <span class='ocrx_word' id='word_1_228' title='bbox 848 3185 874 3254; x_wconf 80' lang='lat' dir='ltr'><strong>e)</strong></span> <span class='ocrx_word' id='word_1_229' title='bbox 893 3188 919 3241; x_wconf 91' lang='lat' dir='ltr'><em>R</em></span> <span class='ocrx_word' id='word_1_230' title='bbox 971 3188 1087 3257; x_wconf 80' lang='lat' dir='ltr'><strong>4adpni</strong></span> <span class='ocrx_word' id='word_1_231' title='bbox 1107 3206 1128 3256; x_wconf 89' lang='lat' dir='ltr'><strong>p</strong></span> <span class='ocrx_word' id='word_1_232' title='bbox 1152 3186 1276 3240; x_wconf 90' lang='lat' dir='ltr'><strong>omniV</strong></span> 
     </span>
    </p>
   </div>
   <div class='ocr_carea' id='block_1_6' title="bbox 135 3272 1276 3603">
    <p class='ocr_par' dir='ltr' id='par_1_8' title="bbox 135 3272 1276 3603">
     <span class='ocr_line' id='line_1_28' title="bbox 135 3272 1276 3341; baseline 0.003 -18"><span class='ocrx_word' id='word_1_233' title='bbox 135 3272 198 3324; x_wconf 82' lang='lat' dir='ltr'><strong>rr&#39;oe</strong></span> <span class='ocrx_word' id='word_1_234' title='bbox 224 3284 253 3337; x_wconf 85' lang='lat' dir='ltr'><strong>et,</strong></span> <span class='ocrx_word' id='word_1_235' title='bbox 281 3283 308 3326; x_wconf 83' lang='lat' dir='ltr'><strong>ut</strong></span> <span class='ocrx_word' id='word_1_236' title='bbox 337 3274 446 3337; x_wconf 81' lang='lat' dir='ltr'><strong>uidetur,</strong></span> <span class='ocrx_word' id='word_1_237' title='bbox 474 3274 605 3341; x_wconf 72' lang='lat' dir='ltr'><strong>ezerrprtor</strong></span> <span class='ocrx_word' id='word_1_238' title='bbox 629 3276 722 3327; x_wconf 79' lang='lat' dir='ltr'><strong>codicia</strong></span> <span class='ocrx_word' id='word_1_239' title='bbox 740 3275 766 3327; x_wconf 88' lang='lat' dir='ltr'><strong><em>R</em></strong></span> <span class='ocrx_word' id='word_1_240' title='bbox 785 3274 833 3341; x_wconf 89' lang='lat' dir='ltr'><strong>qui</strong></span> <span class='ocrx_word' id='word_1_241' title='bbox 861 3280 955 3328; x_wconf 89' lang='lat' dir='ltr'><strong>autem</strong></span> <span class='ocrx_word' id='word_1_242' title='bbox 982 3274 1115 3328; x_wconf 84' lang='lat' dir='ltr'><strong>dormitat</strong></span> <span class='ocrx_word' id='word_1_243' title='bbox 1142 3273 1276 3327; x_wconf 84' lang='lat' dir='ltr'><strong>dormitat</strong></span> 
     </span>
     <span class='ocr_line' id='line_1_29' title="bbox 136 3356 1275 3431; baseline 0.003 -21"><span class='ocrx_word' id='word_1_244' title='bbox 136 3356 276 3421; x_wconf 70' lang='lat' dir='ltr'><strong>(dormitat</strong></span> <span class='ocrx_word' id='word_1_245' title='bbox 300 3359 335 3424; x_wconf 86' lang='lat' dir='ltr'><strong>V)</strong></span> <span class='ocrx_word' id='word_1_246' title='bbox 363 3365 511 3428; x_wconf 83' lang='lat' dir='ltr'><strong>antequam</strong></span> <span class='ocrx_word' id='word_1_247' title='bbox 538 3360 659 3414; x_wconf 89' lang='lat' dir='ltr'><strong>dormiat</strong></span> <span class='ocrx_word' id='word_1_248' title='bbox 683 3361 745 3431; x_wconf 82' lang='lat' dir='ltr'><strong>Vt&#39;p</strong></span> <span class='ocrx_word' id='word_1_249' title='bbox 773 3362 821 3429; x_wconf 86' lang='lat' dir='ltr'><strong>qni</strong></span> <span class='ocrx_word' id='word_1_250' title='bbox 848 3367 942 3415; x_wconf 85' lang='lat' dir='ltr'><strong>autem</strong></span> <span class='ocrx_word' id='word_1_251' title='bbox 968 3360 1102 3413; x_wconf 87' lang='lat' dir='ltr'><strong>dormitat</strong></span> <span class='ocrx_word' id='word_1_252' title='bbox 1125 3365 1275 3428; x_wconf 86' lang='lat' dir='ltr'><strong>antequam</strong></span> 
     </span>
     <span class='ocr_line' id='line_1_30' title="bbox 136 3444 1275 3517; baseline 0.001 -19"><span class='ocrx_word' id='word_1_253' title='bbox 136 3444 249 3499; x_wconf 87' lang='lat' dir='ltr'><strong>dormiat</strong></span> <span class='ocrx_word' id='word_1_254' title='bbox 267 3447 293 3499; x_wconf 89' lang='lat' dir='ltr'><em>R</em></span> <span class='ocrx_word' id='word_1_255' title='bbox 307 3456 368 3517; x_wconf 80' lang='lat' dir='ltr'><strong>port</strong></span> <span class='ocrx_word' id='word_1_256' title='bbox 387 3447 506 3500; x_wconf 85' lang='lat' dir='ltr'><strong>dormiat</strong></span> <span class='ocrx_word' id='word_1_257' title='bbox 524 3446 550 3499; x_wconf 92' lang='lat' dir='ltr'><em>R</em></span> <span class='ocrx_word' id='word_1_258' title='bbox 564 3456 656 3516; x_wconf 82' lang='lat' dir='ltr'><strong>purten</strong></span> <span class='ocrx_word' id='word_1_259' title='bbox 675 3450 701 3500; x_wconf 81' lang='lat' dir='ltr'><strong>in</strong></span> <span class='ocrx_word' id='word_1_260' title='bbox 720 3450 775 3501; x_wconf 85' lang='lat' dir='ltr'><strong>loco</strong></span> <span class='ocrx_word' id='word_1_261' title='bbox 793 3449 826 3501; x_wconf 85' lang='lat' dir='ltr'><strong>ab</strong></span> <span class='ocrx_word' id='word_1_262' title='bbox 845 3450 944 3517; x_wconf 76' lang='lat' dir='ltr'><strong>on&#39;qr&#39;ae</strong></span> <span class='ocrx_word' id='word_1_263' title='bbox 968 3465 1023 3501; x_wconf 80' lang='lat' dir='ltr'><strong>occ.</strong></span> <span class='ocrx_word' id='word_1_264' title='bbox 1048 3448 1094 3499; x_wconf 87' lang='lat' dir='ltr'><strong>rel.</strong></span> <span class='ocrx_word' id='word_1_265' title='bbox 1112 3448 1188 3499; x_wconf 78' lang='lat' dir='ltr'><strong>odd.-</strong></span> <span class='ocrx_word' id='word_1_266' title='bbox 1207 3450 1275 3499; x_wconf 78' lang='lat' dir='ltr'><strong>atino</strong></span> 
     </span>
     <span class='ocr_line' id='line_1_31' title="bbox 135 3528 1275 3603; baseline 0.002 -20"><span class='ocrx_word' id='word_1_267' title='bbox 135 3531 243 3599; x_wconf 77' lang='lat' dir='ltr'><strong>langetd</strong></span> <span class='ocrx_word' id='word_1_268' title='bbox 295 3534 361 3588; x_wconf 76' lang='lat' dir='ltr'><strong>cet</strong></span> <span class='ocrx_word' id='word_1_269' title='bbox 378 3550 427 3587; x_wconf 88' lang='lat' dir='ltr'><strong>om.</strong></span> <span class='ocrx_word' id='word_1_270' title='bbox 441 3552 463 3603; x_wconf 84' lang='lat' dir='ltr'><strong>p</strong></span> <span class='ocrx_word' id='word_1_271' title='bbox 515 3536 532 3588; x_wconf 85' lang='lat'>6</span> <span class='ocrx_word' id='word_1_272' title='bbox 548 3528 582 3586; x_wconf 76' lang='lat' dir='ltr'><strong>&#39;e&#39;ri</strong></span> <span class='ocrx_word' id='word_1_273' title='bbox 600 3536 627 3587; x_wconf 83' lang='lat' dir='ltr'><strong>in</strong></span> <span class='ocrx_word' id='word_1_274' title='bbox 647 3552 724 3587; x_wconf 78' lang='lat' dir='ltr'><strong>recreo</strong></span> <span class='ocrx_word' id='word_1_275' title='bbox 743 3545 847 3588; x_wconf 63' lang='lat' dir='ltr'><strong>arunte</strong></span> <span class='ocrx_word' id='word_1_276' title='bbox 865 3552 941 3599; x_wconf 70' lang='lat' dir='ltr'><strong>erac,</strong></span> <span class='ocrx_word' id='word_1_277' title='bbox 960 3550 1024 3587; x_wconf 83' lang='lat' dir='ltr'><strong>ecce</strong></span> <span class='ocrx_word' id='word_1_278' title='bbox 1043 3536 1070 3585; x_wconf 82' lang='lat' dir='ltr'><strong>ia</strong></span> <span class='ocrx_word' id='word_1_279' title='bbox 1088 3551 1156 3585; x_wconf 81' lang='lat' dir='ltr'><strong>uera.</strong></span> <span class='ocrx_word' id='word_1_280' title='bbox 1174 3534 1275 3585; x_wconf 78' lang='lat' dir='ltr'><strong>incunte</strong></span> 
     </span>
    </p>
   </div>
   <div class='ocr_carea' id='block_1_7' title="bbox 135 3618 1278 3746">
    <p class='ocr_par' dir='ltr' id='par_1_9' title="bbox 135 3618 1278 3746">
     <span class='ocr_line' id='line_1_32' title="bbox 135 3618 1278 3690; baseline -0.001 -19"><span class='ocrx_word' id='word_1_281' title='bbox 135 3620 212 3671; x_wconf 83' lang='lat' dir='ltr'><strong>odico.</strong></span> <span class='ocrx_word' id='word_1_282' title='bbox 230 3620 255 3672; x_wconf 91' lang='lat' dir='ltr'><em>R</em></span> <span class='ocrx_word' id='word_1_283' title='bbox 307 3622 323 3673; x_wconf 86' lang='grc'><strong>7</strong></span> <span class='ocrx_word' id='word_1_284' title='bbox 352 3618 465 3673; x_wconf 86' lang='lat' dir='ltr'><strong>iatrahel</strong></span> <span class='ocrx_word' id='word_1_285' title='bbox 490 3620 515 3673; x_wconf 92' lang='lat' dir='ltr'><em>V</em></span> <span class='ocrx_word' id='word_1_286' title='bbox 564 3621 732 3689; x_wconf 75' lang='lat' dir='ltr'><strong>Spaliebria</strong></span> <span class='ocrx_word' id='word_1_287' title='bbox 760 3632 783 3674; x_wconf 85' lang='lat' dir='ltr'><strong>et</strong></span> <span class='ocrx_word' id='word_1_288' title='bbox 809 3624 845 3675; x_wconf 83' lang='lat' dir='ltr'><strong>ric</strong></span> <span class='ocrx_word' id='word_1_289' title='bbox 872 3623 949 3675; x_wconf 83' lang='lat' dir='ltr'><strong>etiam</strong></span> <span class='ocrx_word' id='word_1_290' title='bbox 975 3623 1001 3673; x_wconf 82' lang='lat' dir='ltr'><strong>in</strong></span> <span class='ocrx_word' id='word_1_291' title='bbox 1029 3638 1079 3690; x_wconf 78' lang='lat' dir='ltr'><strong>req.</strong></span> <span class='ocrx_word' id='word_1_292' title='bbox 1103 3620 1118 3672; x_wconf 84' lang='lat' dir='ltr'><strong>f</strong></span> <span class='ocrx_word' id='word_1_293' title='bbox 1135 3636 1186 3690; x_wconf 84' lang='lat' dir='ltr'><strong>pro</strong></span> <span class='ocrx_word' id='word_1_294' title='bbox 1209 3636 1230 3688; x_wconf 88' lang='lat' dir='ltr'><strong>p</strong></span> <span class='ocrx_word' id='word_1_295' title='bbox 1253 3618 1278 3671; x_wconf 89' lang='lat' dir='ltr'><em>V</em></span> 
     </span>
     <span class='ocr_line' id='line_1_33' title="bbox 677 3707 1160 3746; baseline 0 0"><span class='ocrx_word' id='word_1_296' title='bbox 677 3707 692 3746; x_wconf 86' lang='lat' dir='ltr'><strong>b</strong></span> <span class='ocrx_word' id='word_1_297' title='bbox 1150 3717 1160 3746; x_wconf 86' lang='grc' dir='ltr'>ι</span> 
     </span>
    </p>
   </div>
   <div class='ocr_carea' id='block_1_8' title="bbox 136 3754 1278 4004">
    <p class='ocr_par' dir='ltr' id='par_1_10' title="bbox 136 3754 1278 4004">
     <span class='ocr_line' id='line_1_34' title="bbox 136 3754 1275 3843; baseline 0.001 -35"><span class='ocrx_word' id='word_1_298' title='bbox 136 3754 473 3843; x_wconf 42' lang='lat' dir='ltr'><strong>energia-:esse</strong></span> <span class='ocrx_word' id='word_1_299' title='bbox 492 3760 517 3812; x_wconf 98' lang='lat' dir='ltr'><em>R</em></span> <span class='ocrx_word' id='word_1_300' title='bbox 571 3762 605 3814; x_wconf 93' lang='lat'><strong>10</strong></span> <span class='ocrx_word' id='word_1_301' title='bbox 621 3760 819 3829; x_wconf 85' lang='lat' dir='ltr'><strong>palpebrarum</strong></span> <span class='ocrx_word' id='word_1_302' title='bbox 847 3760 876 3823; x_wconf 87' lang='lat' dir='ltr'><strong>(h</strong></span> <span class='ocrx_word' id='word_1_303' title='bbox 894 3762 954 3813; x_wconf 84' lang='lat' dir='ltr'><strong>cdd.</strong></span> <span class='ocrx_word' id='word_1_304' title='bbox 982 3778 1014 3814; x_wconf 87' lang='lat' dir='ltr'><strong>m.</strong></span> <span class='ocrx_word' id='word_1_305' title='bbox 1034 3758 1064 3824; x_wconf 85' lang='lat'><strong>1)</strong></span> <span class='ocrx_word' id='word_1_306' title='bbox 1084 3760 1110 3813; x_wconf 90' lang='lat' dir='ltr'><em>R</em></span> <span class='ocrx_word' id='word_1_307' title='bbox 1162 3774 1275 3811; x_wconf 88' lang='lat' dir='ltr'><strong>omnum</strong></span> 
     </span>
     <span class='ocr_line' id='line_1_35' title="bbox 137 3858 1278 3933; baseline 0 -20"><span class='ocrx_word' id='word_1_308' title='bbox 137 3878 201 3913; x_wconf 84' lang='lat' dir='ltr'><strong>corr.</strong></span> <span class='ocrx_word' id='word_1_309' title='bbox 220 3860 286 3915; x_wconf 77' lang='lat' dir='ltr'><strong>aa?</strong></span> <span class='ocrx_word' id='word_1_310' title='bbox 311 3863 335 3917; x_wconf 98' lang='lat' dir='ltr'><em>V</em></span> <span class='ocrx_word' id='word_1_311' title='bbox 387 3866 419 3917; x_wconf 80' lang='lat'><strong>13</strong></span> <span class='ocrx_word' id='word_1_312' title='bbox 437 3880 487 3933; x_wconf 90' lang='lat' dir='ltr'><strong>per</strong></span> <span class='ocrx_word' id='word_1_313' title='bbox 505 3864 565 3916; x_wconf 86' lang='lat' dir='ltr'><strong>odd.</strong></span> <span class='ocrx_word' id='word_1_314' title='bbox 585 3862 655 3917; x_wconf 68' lang='lat' dir='ltr'><strong>aa?</strong></span> <span class='ocrx_word' id='word_1_315' title='bbox 680 3864 703 3917; x_wconf 88' lang='lat' dir='ltr'><em>V</em></span> <span class='ocrx_word' id='word_1_316' title='bbox 754 3867 788 3917; x_wconf 88' lang='grc'><strong>14</strong></span> <span class='ocrx_word' id='word_1_317' title='bbox 805 3862 952 3917; x_wconf 89' lang='lat' dir='ltr'><strong>memorait</strong></span> <span class='ocrx_word' id='word_1_318' title='bbox 970 3881 1000 3916; x_wconf 79' lang='lat' dir='ltr'><strong>ex</strong></span> <span class='ocrx_word' id='word_1_319' title='bbox 1017 3863 1145 3916; x_wconf 88' lang='lat' dir='ltr'><strong>meminit</strong></span> <span class='ocrx_word' id='word_1_320' title='bbox 1163 3880 1195 3914; x_wconf 88' lang='lat' dir='ltr'><strong>m.</strong></span> <span class='ocrx_word' id='word_1_321' title='bbox 1214 3858 1278 3914; x_wconf 85' lang='lat' dir='ltr'><strong>2V</strong></span> 
     </span>
     <span class='ocr_line' id='line_1_36' title="bbox 139 3946 1278 4004; baseline 0 -5"><span class='ocrx_word' id='word_1_322' title='bbox 139 3948 170 3999; x_wconf 77' lang='lat'><strong>14</strong></span> <span class='ocrx_word' id='word_1_323' title='bbox 187 3946 360 4003; x_wconf 81' lang='lat' dir='ltr'><strong>confirmatur</strong></span> <span class='ocrx_word' id='word_1_324' title='bbox 379 3968 409 4003; x_wconf 77' lang='lat' dir='ltr'><strong>ez</strong></span> <span class='ocrx_word' id='word_1_325' title='bbox 427 3948 594 4004; x_wconf 77' lang='lat' dir='ltr'><strong>confirmans</strong></span> <span class='ocrx_word' id='word_1_326' title='bbox 614 3950 716 4004; x_wconf 83' lang='lat' dir='ltr'><strong>m.2V</strong></span> <span class='ocrx_word' id='word_1_327' title='bbox 767 3952 800 4004; x_wconf 79' lang='lat'><strong>15</strong></span> <span class='ocrx_word' id='word_1_328' title='bbox 819 3950 991 4003; x_wconf 78' lang='lat' dir='ltr'><strong>dormi-at</strong></span> <span class='ocrx_word' id='word_1_329' title='bbox 1010 3950 1036 4002; x_wconf 90' lang='grc' dir='ltr'><em>Β</em></span> <span class='ocrx_word' id='word_1_330' title='bbox 1088 3949 1136 4003; x_wconf 87' lang='lat' dir='ltr'><strong>red</strong></span> <span class='ocrx_word' id='word_1_331' title='bbox 1154 3946 1278 4002; x_wconf 85' lang='lat' dir='ltr'><strong>ctiamE</strong></span> 
     </span>
    </p>
   </div>
   <div class='ocr_carea' id='block_1_9' title="bbox 140 4034 1276 4245">
    <p class='ocr_par' dir='ltr' id='par_1_11' title="bbox 140 4034 1276 4245">
     <span class='ocr_line' id='line_1_37' title="bbox 140 4034 1276 4107; baseline 0 -19"><span class='ocrx_word' id='word_1_332' title='bbox 140 4036 170 4088; x_wconf 85' lang='lat'><strong>18</strong></span> <span class='ocrx_word' id='word_1_333' title='bbox 187 4038 215 4089; x_wconf 85' lang='lat' dir='ltr'><strong>et</strong></span> <span class='ocrx_word' id='word_1_334' title='bbox 232 4034 258 4088; x_wconf 90' lang='lat' dir='ltr'><strong>in</strong></span> <span class='ocrx_word' id='word_1_335' title='bbox 275 4036 336 4106; x_wconf 79' lang='lat' dir='ltr'><strong>lege</strong></span> <span class='ocrx_word' id='word_1_336' title='bbox 354 4042 403 4090; x_wconf 87' lang='lat' dir='ltr'><strong>tua</strong></span> <span class='ocrx_word' id='word_1_337' title='bbox 414 4036 547 4090; x_wconf 89' lang='lat' dir='ltr'><strong>miserere</strong></span> <span class='ocrx_word' id='word_1_338' title='bbox 559 4036 664 4090; x_wconf 87' lang='lat' dir='ltr'><strong>mihiR</strong></span> <span class='ocrx_word' id='word_1_339' title='bbox 715 4040 750 4091; x_wconf 77' lang='lat'><strong>20</strong></span> <span class='ocrx_word' id='word_1_340' title='bbox 768 4036 896 4090; x_wconf 87' lang='lat' dir='ltr'><strong>meminit</strong></span> <span class='ocrx_word' id='word_1_341' title='bbox 908 4038 961 4107; x_wconf 80' lang='lat' dir='ltr'><strong>Cpb</strong></span> <span class='ocrx_word' id='word_1_342' title='bbox 1014 4036 1133 4089; x_wconf 57' lang='lat' dir='ltr'><strong>uiam}</strong></span> <span class='ocrx_word' id='word_1_343' title='bbox 1143 4048 1177 4078; x_wconf 72' lang='grc' dir='ltr'><strong>-τ</strong></span> <span class='ocrx_word' id='word_1_344' title='bbox 1186 4035 1276 4089; x_wconf 79' lang='lat' dir='ltr'><strong>inerae</strong></span> 
     </span>
     <span class='ocr_line' id='line_1_38' title="bbox 140 4120 1276 4245; baseline 0.001 -20"><span class='ocrx_word' id='word_1_345' title='bbox 140 4172 164 4225; x_wconf 91' lang='lat' dir='ltr'><em>R</em></span> <span class='ocrx_word' id='word_1_346' title='bbox 180 4120 328 4229; x_wconf 56' lang='lat' dir='ltr'><strong>niammeare</strong></span> <span class='ocrx_word' id='word_1_347' title='bbox 353 4176 376 4228; x_wconf 93' lang='lat' dir='ltr'><em>V</em></span> <span class='ocrx_word' id='word_1_348' title='bbox 426 4176 459 4229; x_wconf 79' lang='lat'><strong>21</strong></span> <span class='ocrx_word' id='word_1_349' title='bbox 488 4168 518 4229; x_wconf 88' lang='lat' dir='ltr'><strong>di</strong></span> <span class='ocrx_word' id='word_1_350' title='bbox 544 4176 714 4244; x_wconf 78' lang='lat' dir='ltr'><strong>peccationis</strong></span> <span class='ocrx_word' id='word_1_351' title='bbox 738 4176 845 4229; x_wconf 79' lang='lat' dir='ltr'><strong>alienun</strong></span> <span class='ocrx_word' id='word_1_352' title='bbox 867 4174 982 4245; x_wconf 73' lang='lat' dir='ltr'><strong>epdei</strong></span> <span class='ocrx_word' id='word_1_353' title='bbox 1000 4192 1016 4229; x_wconf 87' lang='lat' dir='ltr'><strong>a</strong></span> <span class='ocrx_word' id='word_1_354' title='bbox 1032 4176 1193 4244; x_wconf 79' lang='lat' dir='ltr'><strong>peractione</strong></span> <span class='ocrx_word' id='word_1_355' title='bbox 1210 4188 1276 4242; x_wconf 80' lang='lat' dir='ltr'><strong>pac·</strong></span> 
     </span>
    </p>
   </div>
   <div class='ocr_carea' id='block_1_10' title="bbox 142 4259 1277 4333">
    <p class='ocr_par' dir='ltr' id='par_1_12' title="bbox 142 4259 1277 4333">
     <span class='ocr_line' id='line_1_39' title="bbox 142 4259 1277 4333; baseline 0.005 -22"><span class='ocrx_word' id='word_1_356' title='bbox 142 4259 193 4312; x_wconf 80' lang='lat' dir='ltr'><strong>cati</strong></span> <span class='ocrx_word' id='word_1_357' title='bbox 208 4262 292 4315; x_wconf 83' lang='lat' dir='ltr'><strong>omnir</strong></span> <span class='ocrx_word' id='word_1_358' title='bbox 305 4262 411 4315; x_wconf 76' lang='lat' dir='ltr'><strong>alienus</strong></span> <span class='ocrx_word' id='word_1_359' title='bbox 426 4266 468 4316; x_wconf 84' lang='lat' dir='ltr'><strong>ert</strong></span> <span class='ocrx_word' id='word_1_360' title='bbox 483 4262 512 4313; x_wconf 90' lang='lat' dir='ltr'><em>E</em></span> <span class='ocrx_word' id='word_1_361' title='bbox 524 4264 560 4331; x_wconf 87' lang='lat' dir='ltr'><strong>cs.</strong></span> <span class='ocrx_word' id='word_1_362' title='bbox 571 4282 599 4333; x_wconf 78' lang='lat' dir='ltr'><strong>p.</strong></span> <span class='ocrx_word' id='word_1_363' title='bbox 613 4262 660 4331; x_wconf 74' lang='lat'><strong>35,</strong></span> <span class='ocrx_word' id='word_1_364' title='bbox 673 4264 707 4314; x_wconf 82' lang='lat'><strong>10</strong></span> <span class='ocrx_word' id='word_1_365' title='bbox 742 4262 896 4331; x_wconf 66' lang='lat' dir='ltr'><strong>dliquiaad</strong></span> <span class='ocrx_word' id='word_1_366' title='bbox 912 4262 959 4315; x_wconf 89' lang='lat' dir='ltr'><strong>VR</strong></span> <span class='ocrx_word' id='word_1_367' title='bbox 1010 4264 1046 4317; x_wconf 79' lang='grc'><strong>23</strong></span> <span class='ocrx_word' id='word_1_368' title='bbox 1055 4262 1228 4330; x_wconf 86' lang='lat' dir='ltr'><strong>uoluptatem</strong></span> <span class='ocrx_word' id='word_1_369' title='bbox 1244 4260 1277 4317; x_wconf 85' lang='lat' dir='ltr'><strong>V.</strong></span> 
     </span>
    </p>
   </div>
   <div class='ocr_carea' id='block_1_11' title="bbox 0 0 1553 4967">
    <p class='ocr_par' dir='ltr' id='par_1_13' title="bbox 0 0 1553 4967">
     <span class='ocr_line' id='line_1_40' title="bbox 0 0 1553 4967; baseline 0 0"><span class='ocrx_word' id='word_1_370' title='bbox 0 0 1553 4967; x_wconf 95' lang='lat' dir='ltr'><strong> </strong></span> 
     </span>
    </p>
   </div>
  </div>
 </body>
</html>
