3075 4967
301 291 364 357 566
640 295 760 348 sancti
785 293 919 348 Hilarii
945 293 1107 363 episcopi

302 484 415 566 uigiliae
446 485 650 548 munitionem
681 482 832 548 consessio
862 483 921 548 ista
950 483 1083 560 sortitur,
1118 501 1187 566 quse
1209 484 1364 560 sectanda,
1384 485 1429 548 ot

299 587 436 664 linenda,
459 589 622 652 retinenda
646 593 700 664 ast
731 606 901 671 numquam
931 587 1071 652 custodia
1100 589 1166 652 eius
1196 588 1229 651 in
1262 607 1325 665 uos,
1346 607 1427 671 quem

302 692 346 756 sic
369 689 592 768 confitebimur,
618 691 798 756 dormiente.

348 795 395 859 11.
420 799 466 860 Ac
504 815 543 861 ne
581 794 707 861 alicuius
740 795 867 860 alterius
900 796 1074 861 insomnem
1109 797 1281 862 custodiam
1314 798 1428 862 demon·

263 924 275 960 s
302 899 391 965 strari
415 901 674 981 existimaremus,
691 900 854 966 subicitur:
879 900 1063 965 dominus
1086 902 1294 967 custodiet
1315 908 1359 978 te,
1386 899 1428 964 ille

302 1004 417 1088 utique,
440 1006 492 1089 qui
515 1005 588 1070 lecit
607 1004 715 1070 culum
739 1009 770 1070 el
793 1010 915 1070 terram.
961 1004 1075 1071 dehinc
1090 1006 1237 1071 custodiae
1252 1006 1346 1087 ipsius
1359 1006 1429 1070 ratio

302 1109 447 1174 distincta
477 1115 539 1174 est:
575 1110 760 1175 domiuus
795 1110 999 1190 protectio
1033 1116 1099 1174 tua
1132 1129 1253 1190 super
1286 1129 1428 1174 manum

302 1213 479 1278 dexterae
514 1220 595 1278 tuae.
639 1213 702 1277 iam
725 1218 757 1278 at
779 1213 920 1296 superius
954 1213 1096 1291 diximus,
1130 1234 1186 1295 per
1215 1234 1261 1291 ea,
1284 1233 1350 1298 quae
1368 1232 1428 1278 eor·

303 1317 417 1398 penalia
428 1324 508 1390 suut,
521 1317 688 1402 significari
701 1317 912 1398 incorporalia.
949 1317 1115 1383 infirmitas
1127 1319 1211 1382 euim
1224 1317 1430 1401 intellegentia
1528 1402 1529 1409 ἵ

251 1443 275 1479 1⁰
302 1428 416 1486 nostrae
447 1423 593 1505 consequi
616 1420 784 1487 inuisibilia
805 1440 867 1485 nou
889 1428 999 1502 polest,
1022 1422 1081 1487 uisi
1103 1441 1159 1503 per
1182 1420 1345 1487 nisibilium
1367 1441 1430 1486 cou-

302 1525 507 1606 paratiouem:
532 1532 564 1590 ut
586 1545 667 1592 nunc
689 1525 729 1604 id,
745 1527 828 1609 quod
851 1524 972 1604 dicitur,
996 1545 1121 1591 sensum
1146 1531 1285 1590 noenum
1307 1526 1362 1590 uisi
1381 1544 1431 1604 per
1528 1592 1529 1619 ¹

302 1649 416 1696 nomeu
450 1650 560 1696 manus
594 1638 625 1696 et
659 1630 793 1695 dexteru
826 1648 888 1693 nou
922 1631 995 1706 odit
1040 1648 1231 1714 quamquam
1254 1628 1305 1695 hic
1336 1635 1431 1694 contra

302 1747 418 1799 naturae
447 1733 691 1818 intellegentiam
722 1752 833 1798 manus
863 1739 895 1798 et
924 1734 1049 1799 deutera
1076 1735 1175 1814 posita
1197 1733 1246 1798 sit
1291 1733 1335 1798 sic
1355 1733 1429 1798 enim

302 1838 428 1903 dicitur:
452 1837 860 1918 domiuusprolectio
877 1838 1430 1918 tuosupermauumdextera

250 1961 276 1998 ιε
303 1950 384 2006 tuae.
430 1941 569 2008 absoluta
590 1961 640 2006 res
663 1947 754 2018 esset,
785 1941 812 2006 si
842 1941 960 2006 dictum
989 1941 1032 2006 ita
1061 1948 1160 2007 esset:
1195 1961 1288 2022 super
1317 1959 1431 2004 manum

302 2049 460 2112 dexteram
484 2052 576 2111 tuam.
623 2051 653 2110 at
683 2065 756 2110 uero
790 2064 861 2111 cum
892 2046 935 2110 ita
964 2046 1098 2111 dicatur:
1133 2065 1254 2127 super
1287 2063 1429 2110 manum

302 2151 478 2216 dexterae
509 2155 589 2230 tuae,
620 2150 791 2234 significari
820 2149 943 2216 uidetur
965 2149 1102 2228 deutera,
1137 2148 1256 2215 habens
1280 2168 1384 2213 manus
1404 2155 1432 2211 et

303 2255 459 2320 dexteram
495 2262 524 2320 et
555 2255 723 2320 sinistrum.
768 2253 827 2319 hoc
856 2274 916 2318 non
946 2253 1056 2335 recipit
1086 2273 1143 2319 uec
1171 2259 1280 2319 notura
1309 2251 1432 2317 heminis

302 2379 359 2424 uec
381 2378 499 2424 sensus.
544 2377 652 2424 uerum
676 2378 802 2440 semper
816 2358 969 2439 scriptura
985 2358 1142 2424 dexteram
1157 2365 1276 2439 partem
1292 2358 1432 2438 optimam

250 2475 275 2512 ²0
303 2468 395 2546 atque
418 2461 614 2528 utilissimam
643 2463 841 2528 demonstrat.
887 2469 918 2528 et
947 2463 1076 2546 quidem
1105 2461 1268 2546 euangelia
1297 2482 1351 2542 per
1377 2479 1432 2529 cot

302 2569 354 2651 qui
377 2568 417 2631 ad
440 2567 597 2632 dexteram
622 2577 652 2632 et
675 2567 833 2632 sinistram
856 2574 935 2645 sunt,
959 2567 1202 2651 significantiam
1225 2563 1433 2650 intellegentia

302 2671 458 2755 utriusque
493 2672 716 2737 monstrabunt.
762 2690 889 2735 manum
923 2691 995 2737 uero
1029 2668 1174 2736 eflectum
1207 2671 1309 2736 omnis
1341 2667 1434 2752 operis

301 2775 478 2856 accipimus.
523 2777 606 2841 unde
649 2775 724 2840 illud
761 2775 856 2842 etiam
893 2776 932 2841 ab
969 2774 1028 2840 hoc
1065 2776 1176 2842 eodem
1213 2773 1363 2856 propheta
1394 2771 1433 2836 sie

304 2879 497 2944 dictumest:
521 2879 653 2944 libera
676 2899 733 2944 me
757 2882 803 2945 de
825 2900 892 2945 ore
915 2878 1100 2945 leoniset
1122 2880 1170 2944 de
1193 2898 1308 2943 manu
1330 2875 1435 2944 cauis

250 2999 275 3038 π
304 2985 460 3049 unicam
494 3002 628 3076 meam.
675 3003 776 3067 neque
809 2983 893 3048 euim
928 2985 959 3047 in
993 2983 1052 3048 hoc
1084 2983 1199 3048 animal
1234 2982 1388 3048 oblatrans
1410 2989 1437 3042 et-

344 3117 379 3170 20
396 3115 494 3170 Matth.
514 3115 597 3182 XXV,
617 3118 657 3170 33.
694 3117 730 3168 24
746 3115 789 3169 Ps.
808 3115 881 3184 XXI,
898 3117 931 3170 m
952 3133 992 3183 sq.

347 3239 448 3303 lquae
476 3234 606 3288 sectanda
635 3235 737 3288 (illPT
763 3251 834 3303 quas
860 3235 984 3302 perlecta
1011 3233 1142 3288 sectanda
1169 3235 1197 3287 E
1248 3231 1397 3302 optinenda
1414 3233 1436 3280 (ι’

300 3323 418 3389 liquem
444 3322 467 3374 si
488 3323 513 3374 G
565 3321 752 3375 dinsomuem
779 3320 934 3376 custodiam
959 3323 1051 3392 compti
1073 3321 1230 3374 inmunem
1249 3319 1402 3374 custodiam
1415 3321 1437 3367 (ι’

300 3424 410 3461 omnem
423 3408 577 3462 custodiam
587 3409 612 3460 R
621 3409 650 3460 iu
663 3425 790 3461 somnum
799 3407 925 3461 custodia
935 3407 995 3460 Pin
1005 3407 1108 3461 somnis
1117 3407 1245 3462 custodia
1255 3409 1280 3460 Τ
1312 3408 1329 3459 5
1346 3403 1438 3458 existi·

300 3511 439 3548 manemus
460 3498 484 3548 G
503 3495 709 3548 existimaretur
721 3495 797 3548 Rl'T
849 3494 1075 3548 custodietGPF
1091 3494 1232 3548 custodiat
1248 3495 1275 3548 R
1324 3495 1440 3559 ‘isuper
1528 3496 1529 3499 ’

307 3581 460 3650 VPesupna
470 3582 522 3634 ΒΤ
573 3583 590 3636 8
608 3583 686 3634 uerbo
704 3581 759 3635 iam
778 3588 808 3636 et
826 3581 1135 3650 superius-dexterae
1153 3586 1219 3635 tuac
1236 3578 1292 3647 (lin.
1305 3577 1361 3645 14),
1378 3593 1439 3646 quoe
1528 3570 1529 3577 ’

300 3679 374 3722 erunt
392 3670 419 3721 in
440 3669 600 3722 Geteuam
619 3670 876 3733 commenticii,
895 3669 1004 3721 om,PT
1058 3670 1090 3722 lli
1107 3667 1213 3722 edidit
1267 3664 1440 3722 inabsoluta

300 3771 345 3807 res
373 3758 445 3808 esset
469 3753 547 3807 PTE
569 3754 695 3808 absoluta
721 3773 765 3808 res
793 3755 879 3808 estR
932 3754 956 3807 si
983 3753 1089 3807 dictum
1116 3755 1156 3808 ita
1181 3759 1256 3809 esset
1274 3753 1300 3806 R
1317 3753 1341 3806 si
1368 3751 1440 3804 diota

301 3841 410 3894 cssetP
417 3841 554 3895 sidietum
565 3847 638 3895 esset
649 3843 673 3894 'l'
681 3843 704 3894 si
713 3841 754 3895 ita
763 3841 869 3895 dictum
878 3845 975 3894 estete
1018 3858 1071 3910 sup
1082 3841 1273 3909 ResupraPT
1317 3843 1352 3894 ld
1360 3852 1440 3906 super

300 3927 365 3980 RPe
392 3945 475 3997 supra
504 3929 528 3980 Τ
581 3930 613 3981 17
631 3928 746 3982 dextera
774 3927 825 3980 RT
850 3928 964 3981 dexterd
982 3927 1008 3980 P
1058 3943 1157 3980 manus
1184 3929 1210 3980 R
1235 3943 1351 3980 manum
1369 3923 1443 3978 m

301 4016 333 4068 19
351 4014 488 4068 dextriV
538 4016 573 4070 20
590 4014 780 4068 utillimamV
828 4017 860 4068 21
881 4015 916 4070 ad
935 4015 1077 4068 dexteram
1095 4018 1124 4068 et
1141 4011 1441 4068 sinistrauadextera

300 4105 328 4154 et
346 4101 459 4154 sinistra
477 4101 503 4152 P
519 4119 534 4154 a
553 4100 666 4155 dextera
690 4106 718 4156 et
736 4117 751 4154 a
770 4101 884 4155 sinistra
902 4102 940 4154 Te
991 4101 1026 4154 23
1043 4100 1158 4154 illutV
1207 4101 1242 4154 ab
1268 4099 1324 4154 hoo
1348 4098 1440 4152 eodem

298 4187 434 4256 propheta
452 4185 569 4256 (profeta
591 4188 626 4250 G)
645 4188 684 4242 sic
703 4186 756 4255 (sic
773 4205 822 4242 om.
841 4185 878 4253 R)
897 4187 1064 4241 dictumest
1084 4189 1188 4240 GRPT
1205 4188 1246 4242 sic
1269 4187 1379 4242 dictum
1401 4191 1439 4238 est

297 4291 348 4342 per
366 4274 500 4343 profetam
528 4275 554 4326 V.
