3075 4967
396 301 578 351 tractatus
597 297 631 349 in
649 297 818 364 psalmum
838 290 986 351 cxxxvlj
1199 297 1261 362 727

122 488 344 572 Babylonis
377 485 469 551 illic
502 485 683 550 sedimus
717 491 756 550 et
788 484 991 565 flanimea,
1015 506 1100 553 cnm
1132 507 1261 555 recor·

119 592 306 659 darcmur
330 591 433 656 Sion.
479 591 517 654 in
542 588 745 655 salicibus
768 590 807 653 in
830 589 963 654 modio
989 591 1075 656 eius
1098 611 1263 673 snspen-

120 698 249 762 dimus
273 715 426 780 organa
448 701 596 760 nostra.

161 800 191 866 6.
215 799 286 878 Eos,
311 800 364 883 qui
386 800 557 865 secundum
572 796 709 864 litteram
729 796 942 882 intellegenda
957 800 1062 864 omnia
1077 787 1263 876 existimant,

115 908 308 989 interrogare
330 903 452 982 uellem,
484 923 553 987 quae
587 902 718 968 flumina
739 901 945 986 Babyloniam
973 908 1201 987 praetermeant
1231 915 1264 969 nt
1291 929 1317 966 ’.ε

115 1009 179 1076 illic
202 1014 311 1090 ceptus
333 1007 465 1090 populus
488 1008 662 1074 consederit
685 1013 716 1072 et
738 1027 799 1071 non
822 1008 923 1088 potius
945 1007 1050 1072 autin
1077 1006 1188 1090 plateis
1211 1014 1264 1073 aut

115 1115 148 1178 in
170 1113 269 1194 portis
298 1118 350 1177 ant
379 1112 411 1178 in
440 1112 575 1177 turribus
605 1117 658 1176 aut
690 1112 721 1176 in
757 1111 901 1178 domibus
931 1111 1142 1196 captiuitatem
1174 1131 1262 1178 suam

115 1216 260 1282 donarit?
281 1216 394 1282 deinde
418 1235 489 1281 cum
512 1216 624 1299 quibus
647 1217 805 1299 tympanis
835 1221 888 1281 ant
909 1214 1039 1282 citharis
1061 1226 1114 1280 aut
1136 1217 1263 1300 organis

114 1327 225 1405 captus
248 1321 295 1398 sit
326 1337 395 1403 queo
427 1319 554 1385 historie
583 1319 666 1384 istud
701 1318 801 1385 locuta
835 1320 884 1399 sit,
918 1339 988 1384 cum
1025 1322 1110 1386 omui
1143 1321 1262 1386 musico

114 1431 265 1507 apparatu
281 1423 454 1489 israhelem
478 1423 645 1489 uictoribus
668 1424 828 1490 seruisse?
849 1430 1094 1508 postremoque
1112 1444 1262 1508 umquam
1290 1449 1335 1516 ιοΙ

114 1529 227 1595 salices
249 1529 281 1592 in
304 1527 410 1594 media
431 1527 508 1594 urbe
532 1526 732 1605 fronduerint,
756 1534 791 1592 nt
813 1527 875 1593 illio
902 1534 1063 1611 tamquam
1085 1530 1117 1593 in
1139 1527 1263 1610 publica

115 1633 306 1699 musicorum
330 1631 481 1714 apotheca
503 1651 620 1716 organa
639 1651 791 1714 suspensa
804 1631 1000 1713 ponderent?
1022 1652 1091 1716 quae
1107 1634 1134 1698 si
1157 1633 1263 1698 omnia

113 1739 214 1822 gestis
237 1737 430 1820 negotiorum
454 1735 659 1818 corporalium
689 1737 794 1802 inania
824 1741 904 1816 sunt,
934 1737 1094 1820 sequendo
1124 1757 1159 1802 aa
1186 1737 1264 1802 ratio

113 1847 171 1920 est
198 1861 265 1925 quae
288 1861 326 1906 ex
340 1839 528 1921 propheticis
544 1840 777 1906 auctoritatibus
791 1840 831 1904 ad
845 1839 1014 1921 spiritalem
1030 1861 1086 1906 nos
1101 1842 1263 1907 scientiam

113 1945 305 2011 cohortatur.
351 1943 426 2010 flent
447 1963 564 2022 omnes,
594 1945 646 2027 qui
677 1963 711 2010 se
741 1950 848 2024 captos
871 1945 902 2010 iu
927 1944 1097 2028 Babylonia
1119 1947 1262 2025 sentiunt
1291 1969 1316 2006 n
1370 2011 1374 2016 ,

113 2055 144 2114 et
179 2049 292 2114 sedent
325 2067 419 2130 super
456 2048 592 2115 flumina.
638 2049 743 2115 omnia
778 2049 862 2114 enim
895 2048 1000 2115 saeculi
1031 2056 1067 2136 et
1099 2069 1264 2132 corporum

112 2173 211 2235 opera
244 2153 336 2218 modo
370 2137 530 2218 fluminum
561 2153 628 2218 sine
658 2151 761 2237 eliqua
784 2171 890 2218 oureus
913 2154 959 2218 sui
983 2155 1114 2218 emtione
1136 2160 1264 2236 praetor·

112 2257 231 2336 lluunt;
255 2263 382 2322 currunt
405 2275 541 2341 namque
565 2263 595 2322 et
617 2255 782 2322 elabuntur
812 2261 843 2321 et
870 2262 1040 2322 transeunt.
1087 2277 1155 2342 quae
1178 2259 1263 2323 enim

112 2360 286 2442 corporalis
303 2360 443 2442 uoluptas
458 2381 520 2426 non
537 2360 693 2444 praeteritn
707 2363 771 2426 iam
786 2359 871 2426 nulla
887 2360 956 2426 est?
999 2364 1081 2445 quod
1105 2369 1262 2429 terrenum

112 2465 266 2551 gandium
300 2486 362 2529 non
396 2485 466 2530 cnm
499 2465 567 2546 ipso
602 2465 732 2550 fugitiuo
762 2485 856 2531 sensu
890 2466 1052 2546 praesentis
1075 2465 1192 2532 fmctns
1215 2468 1262 2532 sui
1290 2487 1315 2525 ιο

111 2567 249 2634 transit?
292 2589 385 2650 super
418 2568 486 2634 haec
523 2569 619 2652 igitur
655 2568 849 2635 saecularium
887 2570 1098 2652 captiuitatem
1135 2569 1264 2637 flumina

112 2675 262 2740 sedentes
286 2679 316 2738 et
336 2673 446 2739 flentes
469 2673 509 2739 ad
532 2673 779 2739 recordationem
804 2671 876 2738 Sion
900 2675 1084 2740 amissomm
1107 2675 1262 2742 desiderio

112 2783 145 2843 et
170 2778 369 2859 praesentinm
395 2777 568 2843 calamitate
590 2779 818 2862 ingemescunt.
1116 2775 1119 2780 ’

159 2883 188 2946 7.
214 2881 326 2965 Neque
349 2881 448 2948 solum
472 2884 581 2948 sedant
604 2889 696 2967 atque
720 2883 804 2962 flent,
828 2883 884 2949 sed
907 2884 998 2949 etiam
1022 2885 1054 2949 in
1077 2885 1179 2950 modio
1195 2885 1261 2950 eius

112 3006 235 3071 organa
258 3007 313 3051 sua
335 2986 367 3050 in
390 2985 534 3052 salicibus
563 2986 766 3068 suspendunt.
811 2977 966 3072 lignomm
997 2987 1126 3053 salicum
1155 2994 1265 3053 natura
1291 3007 1316 3044 ss

112 3111 152 3156 ea
177 3095 233 3160 ast.
258 3099 291 3156 ut
312 3090 449 3156 arefacta
470 3089 550 3169 licet
584 3092 610 3155 si
642 3091 734 3156 modo
768 3093 858 3177 aquis
892 3091 1064 3169 adluantur,
1097 3093 1263 3171 nitescant,

112 3194 232 3260 deinde
248 3195 350 3260 excisa
364 3201 457 3278 atque
472 3195 503 3260 in
520 3193 647 3260 humido
659 3195 720 3260 fixa
736 3196 893 3262 radicibus
904 3216 975 3261 seso
985 3196 1055 3278 ipsa
1069 3196 1262 3281 demergant.

112 3305 146 3364 et
181 3298 240 3363 rub
270 3298 361 3364 huius
390 3299 508 3364 arboris
537 3305 648 3364 natura
670 3306 792 3366 sanctos
816 3307 846 3366 et
868 3299 976 3365 fideles
999 3299 1168 3382 significari
1191 3319 1262 3382 pro·

112 3402 242 3484 photiae
276 3403 441 3469 auctmitus
487 3409 534 3496 est
572 3401 666 3468 Esaia
698 3402 835 3471 dicento:
874 3405 1118 3482 exoriantur,
1155 3405 1263 3488 inquit,

158 3544 193 3596 29
212 3541 287 3596 Esei.
306 3541 403 3610 XLIV,
421 3545 446 3596 4.

161 3665 176 3718 1
195 3663 256 3717 illic
269 3665 324 3717 RE
339 3663 379 3718 ihi
393 3663 443 3716 PT
493 3663 621 3720 fleuimus
632 3664 798 3719 eallebimus
808 3665 835 3717 P
884 3664 1071 3720 deonsederit
1080 3665 1134 3719 RE
1142 3665 1263 3719 dubitarit

111 3750 168 3804 PT
219 3750 386 3804 8llenerint
409 3750 436 3803 P
489 3751 612 3821 cytharis
639 3753 666 3805 R
718 3753 829 3806 9iatud
855 3751 882 3805 R
907 3751 962 3805 ista
989 3751 1055 3806 Pru
1080 3753 1135 3806 ieta
1160 3750 1263 3806 illude

112 3841 149 3893 lo
168 3843 319 3906 apparatus
338 3836 365 3889 P
417 3839 450 3890 12
468 3838 621 3907 penderent
633 3838 752 3892 RTP'E
766 3837 917 3908 penderint
928 3837 966 3892 P¹
1021 3841 1054 3894 15
1071 3837 1266 3893 cohortantP

110 3927 142 3978 in
161 3924 341 3992 babyloniam
360 3924 386 3977 Τ
438 3927 471 3979 19
489 3926 619 3994 uoluptas
643 3926 724 3979 R'PE
749 3926 877 3979 uoluntas
897 3927 923 3978 P
972 3927 1106 3995 praeterit
1133 3931 1181 3981 aut
1207 3927 1263 3980 iarn

110 4011 289 4066 coai.Bencd.
342 4011 377 4065 20
395 4010 516 4081 lugitiuo
534 4011 613 4065 PTE
628 4011 733 4066 furtiuo
752 4013 779 4065 R
830 4014 862 4066 sl
884 4013 971 4081 igitur
988 4031 1035 4066 om.
1056 4013 1081 4062 R
1132 4014 1168 4068 23
1184 4013 1262 4083 inge·

110 4103 245 4152 mescunt
263 4097 290 4150 R
306 4097 495 4166 ingemiscunt
513 4099 592 4151 ΡΤΕ
641 4101 676 4154 ‘26
694 4116 727 4153 aa
744 4117 793 4153 om.
812 4099 838 4153 R
889 4099 1041 4154 adluantur
1054 4101 1096 4153 Ro
1114 4091 1263 4154 abluantur

111 4185 167 4238 Vr
179 4183 757 4254 (ο[.1)να11αιὺονο1ιαι11ιύ.ΧΧΙΙΙ,44111)
771 4185 882 4240 alluedo
894 4186 1029 4241 alantnrc
1080 4189 1115 4242 27
1132 4186 1262 4242 umidoR

109 4275 147 4326 29
167 4271 242 4325 eseia
262 4271 287 4322 (l
304 4271 417 4326 isaial'
467 4273 594 4327 exorient
612 4273 644 4327 R
