3075 4967
282 258 346 323 454
628 260 743 313 sancti
767 258 901 313 Hilarii
924 259 1082 329 episcopi

282 449 453 514 inimici.
499 430 606 515 nocem
642 448 722 514 hanc
756 449 881 533 quidem
915 449 1051 513 nondum
1082 448 1235 529 propheta
1257 447 1409 512 dominiis

284 573 411 634 corpore
434 554 588 619 manentis
622 553 754 633 audiuit;
784 555 841 618 sed
872 553 939 618 dori
969 552 1028 617 sibi
1059 554 1091 618 id
1114 553 1275 632 potestatis
1297 556 1365 627 orat,
1383 555 1412 614 ut

284 657 485 722 constituatur
514 657 573 721 sibi
603 657 635 721 in
669 664 890 740 persequentes
920 675 954 721 se
977 655 1037 721 tale
1060 656 1217 721 iudicium.
1264 660 1412 735 temptatur

284 761 366 826 eninr
400 761 545 843 undique,
581 780 649 825 cum
684 762 712 826 ei
736 780 793 841 per
825 767 965 825 naturam
1000 760 1137 840 corporis
1171 759 1313 824 uitiorum
1344 759 1413 822 inest

243 892 256 930 s
284 872 416 930 connata
449 864 595 930 materies
636 884 766 948 eamque
813 863 952 929 diabolus
986 871 1113 929 conatur
1145 864 1255 929 ardore
1287 862 1413 948 genuine
1522 953 1523 956 Ἴ

284 968 458 1050 cupiditatis
481 968 661 1047 accendere,
685 988 755 1033 cum
773 968 875 1050 impiis
891 967 1139 1053 inreligiosorum
1155 968 1282 1033 uocibus
1296 966 1413 1039 laeditur,

284 1093 355 1139 curn
389 1072 534 1157 profanas
569 1073 707 1157 gentium
742 1080 850 1137 contre
880 1075 970 1138 deum
1002 1072 1226 1154 disputationes
1256 1079 1286 1136 et
1307 1069 1415 1154 eloquia

283 1196 399 1243 uesauu
422 1176 599 1258 perpetitur.

329 1280 357 1345 6.
381 1280 455 1346 Ideo
478 1281 509 1346 in
533 1281 733 1365 consequenti
767 1281 825 1345 ait:
859 1291 1134 1347 narreuerunt
1166 1279 1266 1345 mihi
1299 1276 1414 1361 iniqui

234 1410 258 1446 ιι
285 1384 621 1463 exercitationes
659 1385 827 1450 sednon
858 1386 922 1463 ita,
945 1393 985 1451 ut
1008 1384 1073 1451 lex
1095 1391 1170 1449 tua.
1216 1384 1323 1469 quenti
1344 1383 1417 1449 enim

285 1496 364 1567 sunt,
388 1490 439 1571 qui
464 1490 606 1577 quaedam
630 1488 776 1555 humanae
805 1489 878 1555 uitae
911 1490 1052 1555 instituta
1081 1490 1195 1555 docere
1217 1510 1253 1555 se
1275 1488 1417 1561 adserunt,
1523 1499 1524 1510 ¹

286 1612 354 1658 cum
379 1594 419 1657 ad
441 1593 567 1659 uirtutes
598 1590 701 1659 sacculi
732 1593 834 1658 studia
852 1593 975 1659 emmae
997 1602 1111 1658 nostre
1142 1595 1200 1659 deo
1230 1593 1342 1658 rectius
1362 1608 1419 1656 ser·

285 1696 401 1762 uientia
442 1698 630 1762 accendunt!
676 1697 782 1780 quanti
818 1697 910 1762 etiam
944 1703 1024 1775 sunt,
1063 1696 1116 1779 qui
1154 1696 1361 1781 cognitionem
1390 1713 1420 1759 ae

233 1884 235 1893 A
286 1798 401 1865 habere
425 1801 599 1866 diuinorum
621 1801 842 1881 scripturarum
864 1800 1049 1866 mentientes
1072 1799 1222 1865 heretice
1236 1807 1268 1866 et
1285 1818 1421 1881 peruersa

235 1929 260 1967 ιι
287 1906 434 1989 dogmate
459 1906 645 1985 predicant!
690 1906 748 1970 sed
777 1905 880 1971 sciens
908 1904 1061 1985 prophete
1089 1905 1258 1987 perfectam
1287 1903 1421 1969 humane

287 2009 434 2074 doctriuae
468 2009 670 2075 eruditionem
703 2009 735 2073 iu
767 2009 817 2074 dei
851 2008 922 2091 lege
952 2028 1031 2087 esse,
1066 2008 1125 2074 eit:
1160 2015 1422 2074 narrauernnt

287 2112 382 2177 mihi
406 2112 541 2196 iniqui
565 2112 904 2190 exercitationes,
935 2112 1004 2177 sed
1027 2132 1103 2176 non
1126 2113 1191 2187 ita,
1208 2120 1249 2178 ut
1271 2111 1335 2178 lex
1357 2124 1422 2176 tna
1523 2113 1524 2176 t

287 2217 384 2302 iniqui
407 2216 489 2281 enim
509 2222 582 2281 sunt
597 2214 664 2280 haec
679 2217 896 2296 predicantes.
941 2223 972 2282 et
986 2216 1037 2283 dei
1052 2237 1111 2281 uox
1127 2216 1223 2282 uetuit
1238 2222 1424 2297 peccatorem

288 2320 410 2403 eloquia
439 2326 545 2386 sancto
575 2339 709 2397 narrare,
741 2319 814 2403 quia
845 2320 993 2403 iniquitas
1027 2321 1175 2386 doctrinas
1206 2320 1339 2385 caeiestis
1371 2336 1425 2383 non

236 2447 261 2487 a
286 2424 398 2506 recipit
419 2423 589 2489 ueritatem.
635 2423 788 2504 peccatori
805 2424 889 2489 enim
905 2423 982 2489 dixit
997 2426 1089 2489 dous:
1113 2442 1237 2507 quare
1259 2429 1298 2488 tu
1322 2440 1424 2488 enar·

287 2548 352 2594 ras
374 2527 562 2593 iustitias
586 2546 694 2593 moes
717 2534 755 2593 et
778 2526 969 2593 adsumes
991 2533 1284 2593 testamentum
1306 2544 1425 2591 meum

287 2652 358 2713 per
379 2651 419 2696 os
444 2631 573 2697 tuum?
596 2632 1217 2714 tuauternodistidisciplinam,
1241 2628 1425 2697 reiecisti

288 2755 497 2802 sermones
528 2754 636 2801 meos
666 2742 785 2801 retro.
830 2742 861 2801 et
891 2736 949 2801 has
981 2737 1075 2820 igitur
1104 2737 1341 2803 exercitationes
1362 2754 1425 2817 pro
1522 2765 1523 2770 ι

289 2838 383 2921 pheta
404 2859 466 2904 non
489 2839 684 2916 sert-sciens
706 2838 785 2904 nihil
807 2840 974 2905 narrationi
997 2840 1075 2925 legis
1096 2841 1291 2924 sequendum.
1522 2815 1523 2862 ³

235 2966 262 3005 a
333 2944 362 3007 7.
386 2944 529 3028 Denique
551 2944 677 3009 adiecit:
712 2946 842 3009 omnia
875 2945 1033 3011 indicia
1067 2953 1132 3010 tua
1161 2946 1333 3011 ueritas:
1363 2942 1426 3007 ini·

290 3068 362 3133 que
390 3048 599 3129 persecuti
630 3054 723 3113 sunt
746 3068 811 3126 mo,
834 3050 982 3114 cdiuua
1005 3069 1070 3114 me.
1115 3050 1231 3114 iustum
1254 3048 1306 3133 qui
1330 3066 1426 3130 perse

291 3153 401 3236 quitur,
425 3172 553 3218 necesse
577 3159 679 3218 estut
701 3152 807 3236 inique
830 3163 1040 3237 persequatur,
1064 3153 1137 3236 quia
1152 3152 1298 3238 iniquitas
1313 3153 1426 3218 iniuste

332 3332 368 3385 20
384 3330 428 3384 Ps.
446 3330 543 3399 XLIX,
562 3332 595 3384 16
615 3347 654 3399 sq.

334 3490 465 3541 lnocern
483 3503 514 3539 sc
531 3502 582 3540 uos
606 3504 638 3539 m.
664 3485 684 3538 2
709 3486 733 3539 V
782 3485 888 3540 nudum
908 3486 931 3539 C
980 3489 1136 3541 Btestatnr
1158 3487 1184 3541 V
1234 3488 1368 3541 dconsts
1383 3485 1429 3538 Rc

290 3577 408 3643 cognata
434 3592 446 3623 s
498 3573 625 3641 geminae
653 3572 814 3642 cupiditatis
840 3573 869 3625 Ε
926 3575 956 3627 ll
978 3572 1115 3641 quaedem
1141 3590 1190 3626 om.
1219 3574 1244 3625 C
1267 3575 1361 3626 taceae
1385 3572 1427 3624 rel.

291 3662 325 3715 la
343 3660 441 3715 studiis
459 3657 579 3712 animam
591 3665 715 3713 nostram
727 3658 778 3713 deo
790 3659 894 3713 rectius
906 3660 1074 3715 seruientem
1080 3657 1172 3729 p(A)b
1227 3662 1261 3714 14
1277 3659 1428 3713 diuinorum

291 3746 459 3815 scriptorum
479 3746 634 3811 (scribtortt
658 3746 692 3814 V)
718 3748 757 3817 Vp
812 3747 845 3801 15
862 3746 1004 3828 doctmata
1029 3766 1097 3801 corr.
1125 3764 1158 3800 m.
1179 3746 1197 3798 1
1222 3746 1247 3800 V
1300 3749 1331 3801 lt
1348 3747 1375 3799 in
1400 3736 1428 3797 di

290 3850 389 3942 iecerit
415 3851 477 3919 lege
504 3868 570 3905 corr.
598 3848 673 3904 m.2
701 3851 724 3903 V
774 3852 808 3905 17
825 3849 867 3904 ite
883 3867 932 3904 om.
953 3852 992 3921 Op
1046 3851 1079 3903 18
1097 3856 1127 3904 et
1143 3850 1283 3923 ideopuox
1301 3850 1345 3905 dei
1362 3850 1389 3903 Ε
1402 3852 1429 3903 ct
1521 3833 1522 3836 ¹

291 3988 346 4026 uox
365 3972 416 4025 Rc
431 3978 459 4026 et
476 3972 523 4027 lex
546 3973 572 4025 V
620 3974 652 4025 21
672 3974 789 4027 assumis
816 3972 913 4045 chE
935 3974 970 4026 ct.
989 3973 1108 4026 Sebetier
1135 3971 1173 4037 11,
1192 3972 1249 4026 101
1301 3974 1336 4027 Ἠ
1351 3969 1428 4025 odisti

292 4058 618 4130 disciplinsmom.RCpe
661 4060 752 4114 ideas
761 4059 850 4128 igitur
856 4078 877 4130 p
929 4058 1192 4131 unoureferetcp
1245 4057 1430 4113 narrationet'

292 4146 327 4201 25
345 4144 437 4198 omnia
467 4144 598 4199 mandate
627 4150 676 4200 tua
702 4165 714 4196 s
773 4145 833 4214 iniq
859 4146 885 4199 R
936 4148 972 4201 26
988 4144 1166 4215 persequitur
1195 4164 1227 4199 a
1256 4146 1429 4215 persecuntur

294 4230 365 4284 m.2
390 4231 414 4282 V
463 4234 497 4285 at
516 4232 581 4300 quia
598 4251 628 4285 ex
646 4250 700 4301 qna
718 4230 792 4286 m.2
816 4233 840 4285 V
889 4232 991 4287 iniuste
1013 4232 1069 4286 VR.
