3075 4967
411 291 593 342 tractatus
612 287 648 340 in
666 287 840 355 psalmum
855 284 952 338 CXIX.
1192 282 1256 348 555

122 478 195 542 dolet
219 477 399 542 dilationem
423 477 545 542 dicens:
568 475 643 542 heu
674 476 748 541 me!
780 475 885 559 quod
914 474 1122 540 incolatus
1143 493 1257 538 mess

120 582 382 666 prolongatus
406 589 475 647 est.

160 687 204 751 18.
225 685 403 767 'Querellum
426 685 599 750 istiusmodi
623 706 642 749 a
665 683 805 765 plurimis
829 683 943 748 sanctis
967 683 1148 766 frequenter
1171 683 1258 748 audi-

117 791 227 868 uimus,
275 790 449 854 tarditatem
490 790 555 868 spei
595 807 656 853 suae
695 808 819 853 morosa
856 807 1017 868 corporum
1058 787 1259 852 dissolutione

118 893 302 959 deflentium.
348 894 489 958 dominus
512 893 544 958 in
568 892 738 976 euangeliis
762 891 866 956 docuit
888 891 1144 956 accelerationem
1166 892 1256 975 regni
1295 913 1307 950 s

117 997 243 1063 calestia
286 999 441 1062 orandam.
488 998 690 1078 inpatientem
721 997 805 1061 enirn
846 996 1006 1060 caritatem
1038 1014 1106 1061 essa
1141 1016 1257 1072 eorum,

117 1121 180 1185 que
202 1108 298 1178 amet,
321 1101 480 1180 conuenit;
511 1107 603 1185 atque
625 1100 695 1165 ideo
718 1100 780 1164 dici
803 1106 932 1180 oportet,
956 1100 1038 1182 quod
1060 1105 1094 1164 ut
1117 1099 1258 1164 dicamus

115 1206 288 1270 adomino
326 1205 537 1286 precipimur:
576 1204 769 1270 adueniat
808 1223 976 1287 regnum
1020 1212 1143 1278 tuum,
1181 1204 1258 1268 tias

115 1309 302 1374 uoluntas
338 1316 411 1376 tua.
458 1308 570 1374 Paulus
608 1308 716 1372 beatus
750 1308 783 1372 in
818 1307 1006 1373 habitatione
1039 1308 1176 1391 corporis
1210 1308 1256 1372 sui

115 1414 329 1498 congemescit,
359 1434 416 1494 per
445 1411 610 1478 incolatum
643 1413 744 1478 carnis
774 1412 966 1495 peregrinari
997 1433 1032 1478 se
1054 1434 1073 1476 a
1095 1413 1153 1478 deo
1184 1431 1254 1476 con·
1284 1435 1309 1471 ιο

115 1537 256 1601 querens.
303 1539 340 1584 ex
363 1537 424 1602 quo
446 1525 553 1582 contra
575 1517 838 1600 peregrinandum
862 1518 893 1580 in
917 1537 1010 1581 carne
1030 1517 1087 1582 scit
1103 1517 1160 1582 sibi
1178 1537 1256 1596 essa,

115 1627 145 1686 ut
167 1623 194 1686 ei
218 1641 290 1687 eum
314 1624 371 1687 deo
395 1623 435 1687 sit
457 1620 623 1689 incolatus:
647 1623 702 1686 scd
723 1628 827 1686 tamen
852 1620 962 1686 melius
986 1622 1011 1685 ei
1037 1641 1107 1686 esse
1130 1621 1256 1686 dissolui

115 1732 144 1790 et
165 1745 233 1792 cum
259 1725 384 1792 Christo
407 1747 484 1791 esse.
529 1725 735 1790 Ecclesiastes
758 1727 815 1790 ait:
847 1732 885 1790 et
914 1726 1078 1790 laudaui
1108 1745 1256 1805 omnes,

116 1832 177 1913 qui
212 1833 360 1896 mortui
396 1836 495 1908 sunt,
531 1849 652 1911 super
681 1850 827 1908 omnes,
858 1832 924 1913 qui
958 1833 1102 1895 uiuunt
1129 1849 1256 1913 usque

116 1954 229 2000 nunc:
254 1934 384 2000 liberata
407 1933 525 2000 scilicet
547 1954 602 2014 per
626 1933 858 1999 dissolutionem
874 1936 1012 2015 corporis
1028 1935 1140 2015 anima,
1164 1954 1257 1999 onere
1284 1955 1310 1990 rs

117 2045 207 2122 atque
231 2039 385 2104 consortio
409 2058 477 2102 eam
500 2058 569 2104 esse
599 2038 732 2102 infirmis
763 2037 854 2102 huius
884 2045 915 2103 et
945 2038 1124 2119 periculosae
1154 2039 1257 2103 carnis

118 2150 246 2208 crutam.
293 2144 324 2206 in
347 2142 406 2207 hoc
428 2143 524 2226 igitur
546 2143 676 2206 nimium
702 2143 759 2206 sibi
784 2141 899 2222 prolixo
924 2144 954 2206 in
978 2162 1105 2223 corpore
1124 2140 1258 2207 incolatu

117 2247 327 2330 congemescit
357 2246 514 2326 propheta,
546 2245 696 2310 festinans
727 2247 961 2330 peregrinaria
992 2247 1122 2312 terrenis
1153 2252 1184 2312 et
1212 2247 1258 2310 in-

117 2349 213 2415 colere
237 2350 379 2423 caelastia,
411 2358 443 2415 ut
474 2350 628 2415 derelictis
659 2349 908 2430 corruptibilibus
938 2358 1030 2434 utque
1053 2351 1258 2432 praesentibus

117 2459 320 2537 consequatur
341 2454 507 2520 inuisibilia
531 2460 562 2519 st
584 2459 710 2519 esterna.
1285 2472 1311 2509 ²0

160 2558 207 2622 19.
234 2557 289 2622 lob
313 2565 436 2623 sanctus
461 2564 492 2623 et
515 2558 689 2623 testimonio
713 2559 763 2624 dei
787 2559 901 2642 diguus
924 2579 985 2623 non
1008 2559 1106 2624 solum
1122 2559 1258 2639 corporis

118 2659 202 2726 istius
225 2660 392 2726 incolatum
417 2663 635 2746 congemescit,
660 2664 716 2728 sed
746 2663 847 2742 ipsam
878 2661 960 2726 illam
992 2663 1161 2728 natiuitatis
1196 2682 1258 2728 suas

120 2764 200 2829 diem
224 2764 383 2831 maledicit
406 2766 528 2831 dicens:
560 2773 704 2847 pereat
727 2765 825 2844 dies,
849 2766 887 2830 in
911 2786 987 2850 qua
1016 2774 1135 2831 natus
1166 2788 1259 2844 sum,

158 2957 299 3011 tthdatth.
318 2956 364 3024 Vl,
391 2959 431 3012 10.
467 2957 580 3012 onom.
600 2957 659 3024 ΙΙΙ,
684 2957 726 3011 at.
765 2956 986 3024 1211111123,
1024 2961 1056 3012 13
1077 2958 1259 3012 Ecclesiastes

117 3043 160 3108 IV,
177 3047 202 3098 2.
238 3043 459 3112 2310b.111,3.

161 3201 406 3267 aquaerezlam
430 3198 509 3266 (eras.
529 3201 550 3266 l)
570 3202 597 3253 Ii
621 3201 761 3268 ‹puerelam
780 3202 834 3253 ΤΕ
883 3201 1081 3254 dtarditatem
1100 3201 1126 3254 R
1143 3201 1178 3254 de
1205 3206 1261 3254 tar·

121 3285 205 3340 ditate
224 3287 277 3339 TE
328 3304 436 3341 morosa
455 3305 602 3356 corporum
626 3288 806 3341 dissolutione
833 3290 927 3359 scripsi
952 3305 1090 3341 morosam
1114 3303 1260 3355 corporum

121 3373 335 3428 dissolutionelt
346 3391 482 3428 morosam
502 3390 648 3442 corporum
666 3374 876 3428 dissolutionem
886 3375 910 3426 T
911 3377 925 3427 b
943 3381 972 3428 et
989 3391 1097 3428 morosa
1114 3391 1261 3443 corporum

121 3457 329 3516 dissolutiones
353 3477 387 3514 ex
414 3478 522 3515 morosa
549 3479 695 3529 corporum
723 3461 903 3515 dissolutione
929 3464 993 3514 coni.
1021 3462 1118 3516 Bened
1145 3463 1173 3514 in
1199 3465 1260 3514 adn.

120 3546 182 3598 din
209 3548 362 3616 euangeliis
390 3549 415 3600 R
443 3547 471 3600 in
499 3547 653 3617 euangeliis
681 3547 737 3600 suis
767 3549 820 3599 ΤΕ
882 3551 987 3616 iquae
1013 3554 1088 3602 amet
1116 3548 1182 3601 hrt
1213 3548 1262 3615 qui

122 3639 212 3686 amant
239 3652 252 3686 e
309 3635 530 3703 8praecipimur
557 3635 611 3688 RE
635 3634 782 3704 praecipio
808 3636 834 3687 Τ
885 3637 902 3688 9
924 3641 972 3689 tua
1006 3633 1121 3688 V’RTE
1145 3653 1193 3688 om.
1227 3633 1261 3688 ΙΙι

121 3719 149 3771 in
166 3719 335 3775 habitatione
354 3722 393 3774 he
412 3722 640 3776 inhabitationem
661 3723 699 3774 To
736 3724 768 3775 10
788 3722 1201 3790 congemescitltcongemiscit
1211 3723 1264 3774 TE

123 3823 305 3875 conquaerens
324 3808 351 3862 R
406 3811 434 3862 ll
456 3825 490 3862 ex
518 3825 572 3876 quo
600 3811 640 3863 lie
666 3827 720 3878 quo
749 3809 789 3860 To
844 3811 877 3862 12
894 3826 953 3862 esse
979 3808 1095 3863 dissolui
1123 3810 1163 3861 Ro
1189 3814 1262 3864 esset

123 3893 233 3948 dissolui
253 3895 289 3947 Te
344 3897 375 3949 13
394 3895 568 3949 ecclesiastes
591 3897 617 3949 R
641 3896 832 3949 aecclesiastes
852 3897 877 3948 T
899 3901 928 3949 et
954 3894 1137 3949 Ecclesiastes
1156 3895 1261 3964 Esorl.

124 3991 184 4034 recte
239 3981 271 4032 15
288 3981 412 4050 corporis
430 3982 486 4035 RE
502 3999 549 4035 om.
570 3983 595 4035 Τ
647 3985 680 4037 16
699 3999 759 4036 eam
788 3997 847 4036 esse
865 3982 932 4035 1th
950 3988 1033 4049 atque
1052 3983 1167 4036 etiams
1220 3983 1262 4035 in·

125 4065 207 4120 firmis
225 4067 254 4119 E
270 4067 395 4122 infirmae
420 4066 462 4134 (ae
487 4071 514 4122 in
532 4086 585 4123 raa.
604 4087 637 4123 m.
656 4067 704 4136 31)
723 4070 749 4122 R
773 4068 890 4122 infirmis
914 4087 945 4123 α
962 4068 1087 4152 infirmae
1104 4070 1129 4120 Τ
1180 4067 1262 4122 huius

125 4175 150 4223 et
167 4171 218 4224 ΙΙΤ
234 4170 314 4226 huius
333 4179 416 4240 atque
436 4173 464 4224 E
518 4175 549 4225 18
567 4174 748 4242 congemiscit
768 4173 821 4226 TE
837 4183 861 4226 et
884 4175 921 4227 sic
943 4175 971 4226 in
994 4191 1044 4242 sep.
1097 4175 1132 4225 23
1150 4172 1208 4226 dies
1232 4173 1262 4225 in

126 4274 175 4324 qua
193 4259 218 4312 R
236 4257 261 4323 (ἡ
279 4261 361 4326 ἡμέρα
380 4260 406 4310 ἐν
423 4254 440 4331 ᾗ
458 4259 542 4326 LXX)
562 4260 620 4314 dies
638 4261 686 4314 ille
705 4261 733 4313 in
753 4277 808 4328 qrro
827 4262 885 4313 TE.
