3075 4967
414 276 600 325 tractatus
619 271 653 324 in
676 272 847 339 psalmum
866 270 983 324 CXLVI.
1210 268 1272 334 847

125 460 254 526 collecto
266 482 375 527 omnes
393 462 536 527 humana
552 460 750 527 infirmitates
766 469 798 526 et
813 461 900 526 labes
916 482 1070 542 corporeae
1085 459 1272 525 auferentur.

124 565 378 646 absorpta'enim
410 567 607 647 corruptione
630 573 661 631 et
683 566 828 631 omnibus
862 564 1007 630 humanae
1040 570 1158 629 natura
1190 564 1273 628 uitiis

124 670 283 734 denotatis
314 670 501 751 incorruptio
533 677 648 735 aetema
671 670 754 735 etin
779 668 872 734 nullis
901 670 1092 734 anxietatum
1121 667 1273 732 mortibus

124 775 315 841 conterenda
335 777 489 841 succedet.
535 776 622 841 uenit
645 776 729 841 enim
749 774 895 839 dominus
918 776 1089 839 secundum
1113 770 1274 855 euangelia

125 898 272 943 sanare
295 880 501 945 contritos
530 880 660 956 corde,
683 879 908 961 praedicare
931 877 1111 958 captiuis
1134 876 1271 942 remis·
1314 910 1327 947 a

124 980 282 1048 sionem
317 990 355 1048 et
387 984 506 1049 caecis
540 984 680 1061 nisum,
715 980 929 1048 dimittere
964 981 1205 1072 confractos
1234 980 1274 1044 in

123 1087 320 1170 requiem,
354 1088 586 1168 pradicare
619 1107 763 1153 annum
798 1086 952 1153 domini
986 1091 1199 1167 acceptum
1237 1092 1275 1149 et

125 1191 233 1256 diem
255 1192 564 1259 retributionis.
612 1200 643 1257 et
665 1190 733 1257 haec
756 1192 883 1275 quidem
905 1211 961 1274 pro
984 1190 1149 1274 pontoium
1172 1195 1275 1271 copta

124 1300 205 1372 sunt,
238 1296 310 1377 quia
342 1316 398 1379 per
432 1296 592 1377 speculum
617 1296 701 1362 etin
724 1297 891 1381 enigmate
914 1296 997 1359 etin
1031 1294 1170 1379 imagine
1191 1292 1273 1358 tntu·

123 1419 230 1463 rorum
264 1403 434 1466 secundnm
469 1401 644 1483 apostolum
675 1403 879 1466 demoramur.
925 1400 981 1465 sed
1009 1406 1114 1464 tamen
1135 1398 1271 1463 nondum
1299 1420 1323 1456 lo

123 1502 215 1567 nobis
238 1504 306 1569 eius
329 1505 479 1585 temporis
496 1504 613 1570 fructus
629 1510 683 1583 est,
706 1525 767 1589 qno
783 1503 954 1570 secundum
970 1501 1153 1587 prophetam
1169 1501 1272 1566 dicere

123 1608 237 1690 adepta
260 1607 325 1688 spei
357 1609 627 1674 consummatione
651 1608 822 1692 possimne:
855 1615 1107 1685 conuertere,
1141 1605 1272 1669 anima

123 1730 219 1787 mea,
250 1711 289 1775 in
326 1714 513 1795 requiem
546 1705 669 1778 tuami
701 1712 796 1796 quia
825 1712 1010 1777 dominus
1039 1712 1140 1776 bene
1170 1708 1272 1777 lecit

124 1813 233 1879 mihi.
279 1816 373 1901 quia
395 1816 551 1899 eripuit
574 1817 746 1882 animam
771 1817 1108 1894 meamdemorte‚
1132 1813 1272 1880 oeulos
1301 1889 1303 1892 ¹

124 1938 232 1984 ineos
271 1941 288 1984 a
326 1918 533 2002 lacrimis,
571 1922 697 2003 pedes
736 1939 844 1985 meos
877 1940 895 1983 a
930 1919 1055 2000 lapsu.
1100 1918 1324 2001 placabere

124 2022 285 2087 domino
316 2024 355 2088 in
386 2026 557 2108 regione
584 2026 777 2090 uiuorum.
823 2030 932 2089 sanata
955 2024 1039 2089 enim
1062 2023 1146 2088 omni
1168 2022 1273 2087 cordis

123 2126 306 2192 contritione
329 2134 367 2207 et,
391 2148 430 2193 ne
454 2134 602 2213 perpetuo
621 2148 746 2194 rursum
769 2129 887 2206 subeat,
910 2126 1037 2212 alligata
1059 2125 1109 2191 his
1131 2126 1273 2192 omnibus

122 2229 331 2295 humanarum
354 2233 537 2313 passionum
560 2232 792 2298 infirmitatibus
815 2232 936 2297 liberati
959 2230 1150 2313 placebimus
1166 2230 1273 2295 dacin

122 2334 251 2419 regione
279 2335 431 2415 uiuorum,
470 2338 576 2402 anima
606 2343 711 2402 nostra
732 2338 763 2401 in
787 2336 927 2420 requiem
950 2355 1047 2410 snam,
1071 2355 1109 2400 er
1132 2355 1194 2418 qua
1216 2354 1272 2415 per

122 2440 403 2523 transgressionem
436 2440 527 2521 primi
552 2442 690 2526 parentis
714 2441 762 2507 sni
785 2441 863 2505 Adae
887 2440 983 2505 eiecta
1005 2452 1061 2518 est,
1086 2444 1271 2504 reuertente.
1298 2464 1324 2501 so

167 2629 194 2694 ὅ.
220 2629 281 2695 Sed
312 2636 383 2713 post
413 2632 669 2711 pradicationem
699 2631 800 2695 sanati
824 2630 936 2695 cordis
959 2628 1052 2693 etiam
1075 2627 1108 2692 id
1130 2629 1171 2692 ad
1192 2648 1270 2708 pra·

122 2734 244 2797 conium
268 2734 382 2800 diuina
406 2736 554 2800 bonitatis
579 2736 732 2801 adiectum
757 2739 818 2799 est:
849 2752 1070 2799 numerans
1092 2731 1271 2797 multitu·

122 2837 258 2901 dinem
292 2837 509 2911 stellarum
544 2846 582 2905 et
616 2838 803 2904 omnibns
833 2836 897 2902 his
927 2836 1272 2906 nominauocans.

122 2942 148 3005 si
180 2940 247 3006 laus
281 2942 340 3007 deo
374 2944 412 3008 ob
448 2944 631 3008 aedificatam
666 2942 863 3024 corporaliter
896 2940 1091 3008 Hiemsalem
1125 2940 1270 3015 defertur,

122 3046 198 3129 quid
221 3044 272 3112 hic
296 3066 444 3113 numerus
468 3047 629 3113 stellarum
652 3052 683 3113 et
704 3047 831 3111 nomina
854 3054 1012 3131 tamquam
1027 3046 1067 3110 ad
1080 3046 1269 3127 praecipuam
1296 3070 1322 3109 aa

122 3148 218 3213 diuini
235 3151 338 3233 operia
354 3149 566 3217 laudationem
581 3150 810 3231 praeferuntur?
853 3158 905 3215 aut
920 3150 1071 3242 numquid
1087 3148 1269 3215 laudabilius

122 3254 179 3318 deo
215 3260 262 3319 est
292 3274 477 3320 numerasse
501 3262 532 3321 et
555 3274 750 3337 nuncupasse
779 3253 885 3318 stellas
916 3274 1007 3338 quam
1037 3272 1170 3329 creasse,
1200 3272 1270 3317 oum

121 3358 236 3422 creatio
266 3368 297 3423 ot
326 3379 492 3423 numerum
523 3358 633 3425 feeerit
655 3365 686 3423 et
707 3358 834 3422 nomina
865 3357 1035 3438 inposuerit
1057 3366 1088 3420 et
1110 3354 1269 3433 uocabulis
1375 3433 1380 3449 1

120 3460 247 3526 nomina
277 3482 506 3546 numerumque
539 3462 744 3528 discreuerit?
788 3462 844 3526 sed
866 3467 1068 3526 numerantur
1089 3459 1141 3523 hia
1163 3457 1268 3537 stellae,

121 3584 199 3647 quas
224 3564 386 3630 Abraham
419 3567 573 3632 contuitus
606 3566 638 3631 in
672 3563 746 3631 caelo
780 3573 837 3644 est,
871 3584 950 3647 quas
972 3563 1061 3629 Isaac
1095 3563 1212 3644 accepit
1233 3563 1265 3627 in
1295 3589 1321 3628 ao

120 3669 250 3747 somine,
274 3689 351 3752 quas
373 3669 485 3735 Paulus
510 3671 659 3736 discernit
673 3670 705 3734 in
721 3667 827 3754 gloria.
874 3668 956 3751 quod
971 3675 1074 3732 autem
1089 3667 1266 3733 nominibus

164 3844 182 3897 6
200 3842 267 3897 Luc.
286 3843 332 3912 IV,
352 3846 385 3899 18
403 3862 459 3913 seq.
497 3846 530 3899 12
548 3846 591 3899 Ps.
611 3844 704 3912 CXIV,
723 3846 739 3897 7
757 3862 797 3913 sq.

163 3984 369 4038 aereorum?
421 3984 486 4039 9in
504 3984 699 4052 enigmataeR
753 3985 787 4036 14
804 3982 874 4037 mihi
894 3982 933 4036 Ge
950 3982 1003 4035 tibi
1020 3981 1062 4035 at
1079 3983 1113 4050 cf.
1132 3980 1196 4033 Aba
1215 3980 1265 4046 IV,

121 4068 157 4124 76
166 4072 229 4123 adn.
283 4074 315 4125 18
334 4071 487 4125 liberataR
539 4073 574 4125 25
593 4076 622 4125 et
639 4070 751 4125 nomina
764 4068 807 4136 R(
808 4070 833 4123 G
839 4068 864 4135 t)
875 4072 904 4122 et
913 4068 1040 4123 omnibus
1057 4066 1102 4121 his
1120 4067 1270 4121 nominali*

119 4159 154 4211 26
181 4156 379 4226 praeferuntur
404 4157 626 4227 Rprolcruntur
644 4158 673 4210 E
689 4158 723 4227 cf.
743 4175 773 4227 p.
791 4156 855 4221 848,
879 4154 898 4210 9
949 4157 982 4209 31
1010 4154 1150 4209 *secernit
1169 4153 1194 4206 G
1212 4153 1267 4206 dis-

120 4244 211 4299 creuit
230 4244 291 4301 RE.
