3075 4967
421 301 601 347 treotetne
625 295 658 346 in
684 294 855 362 psalmum
879 293 961 346 LXV.
1065 284 1069 298 ¹
1201 291 1261 356 253

142 484 388 566 aspiciuntur,
418 492 570 549 aeterne
599 503 758 568 quoque
792 483 924 548 uirtus
947 483 1033 547 eius
1057 488 1095 546 et
1117 483 1261 547 diuini-

143 596 200 651 tes.
241 587 305 652 brou
346 587 485 654 terribile
522 608 634 655 nomen
672 588 843 653 conditoris
882 587 1027 664 efficiunt,
1066 593 1098 651 et
1134 607 1261 667 operum

24 708 25 711 ’
142 692 259 776 dignitus
280 693 474 774 maiestatem
496 692 572 774 eius,
596 693 649 774 qui
672 712 708 756 ee
730 693 771 756 sit
792 700 943 772 operatus,
963 690 1106 756 ostendit.
1153 690 1261 756 horum

24 818 25 891 j
142 796 220 879 igitur
240 817 366 878 operum
390 817 459 863 esse
482 797 559 862 deus
581 816 601 860 e
623 796 711 861 nobis
733 796 947 876 praediouudus
977 803 1026 860 est
1055 803 1088 860 et
1110 815 1128 860 e
1151 795 1261 860 ceteris

24 904 25 935 l
142 899 312 966 emendus
335 912 397 966 est:
421 920 481 965 non
505 899 572 965 baeo
595 900 698 965 omnio
721 919 791 965 esse
814 901 855 965 dii
880 899 1058 964 mentienda
1080 905 1159 965 sunt
1300 923 1313 961 i

176 1005 201 1068 7.
225 1003 282 1069 Alii
305 1005 389 1070 enim
412 1005 536 1069 fortuito
558 1003 627 1069 haeo
649 1005 787 1070 extitisse
802 1011 1055 1080 commemorent,
1078 1003 1129 1068 elii
1145 1009 1261 1068 eterno

24 1098 25 1111 ¹
141 1109 275 1174 mansisse
307 1108 500 1174 confirment.
546 1115 577 1175 et
605 1109 721 1175 ideireo
750 1110 901 1174 mundum
931 1108 1032 1189 ipsum
1065 1109 1158 1174 deum
1192 1127 1261 1173 esse

142 1213 319 1291 eontendnnt,
343 1214 492 1278 dumont
521 1219 638 1294 suapte,
668 1231 740 1278 eum
769 1211 872 1291 uoluit,
902 1219 1056 1292 potestate
1085 1213 1260 1285 eonstiterit,

24 1314 25 1317 ’
142 1322 190 1389 eut,
210 1319 280 1382 dum
309 1313 396 1382 initio
426 1323 517 1394 earet,
547 1322 652 1382 eereet
680 1317 869 1381 dominantis
898 1317 1032 1382 arbitrio.
1077 1314 1128 1380 elii
1158 1321 1262 1381 eutem

143 1419 225 1484 solnm
246 1420 363 1499 omium,
387 1423 459 1503 quis
480 1421 606 1506 igneum
631 1421 680 1498 sit
714 1420 766 1484 elii
789 1440 870 1486 uere.
893 1421 966 1504 qnie
988 1426 1073 1485 motu
1095 1441 1130 1486 ee
1153 1426 1263 1484 netum
1290 1445 1314 1480 ιο

142 1522 329 1588 indissecabili
353 1524 597 1602 circumferetur,
620 1523 671 1589 elii
693 1542 799 1607 equas,
830 1524 903 1607 quis
929 1523 1093 1590 indefesse
1123 1523 1263 1598 eedneut

143 1625 219 1691 deum
239 1635 425 1710 nuncupent
448 1629 551 1708 plures
567 1635 659 1694 tene
682 1626 815 1706 metelle,
836 1627 953 1702 robora,
976 1626 1125 1711 soopulos,
1149 1627 1263 1694 herbas

143 1731 204 1796 deos
224 1734 435 1798 edomuerunt
479 1732 616 1798 nonnulli
646 1733 722 1798 deos
753 1751 823 1798 esse
853 1737 905 1796 ent
933 1733 1174 1812 putrefeetornm
1199 1752 1263 1797 eor·

24 1906 25 1919 χ
143 1852 235 1913 porum
262 1856 342 1916 osse,
372 1842 424 1902 eut
453 1837 690 1921 deilegrentium
720 1855 865 1918 rogorum
897 1835 988 1900 busta
1022 1837 1146 1901 mentiti
1176 1843 1262 1900 snut:

144 1935 236 2004 bomm
257 1941 395 2006 omnium
417 1942 607 2006 conditorem
630 1942 721 2006 deum
745 1942 928 2005 nescientes.
973 1947 1005 2004 et
1026 1939 1143 2004 ideireo
1168 1940 1260 2004 telem
1289 1962 1313 2000 ιε

144 2042 323 2110 mniessionie
357 2051 469 2110 uostrae
501 2046 642 2110 ordinem
674 2042 826 2125 prophete
863 2063 932 2110 esse
969 2045 1072 2110 doeuit
1107 2050 1263 2124 oportere:

145 2145 251 2212 dieite
283 2149 372 2214 deo:
411 2169 526 2233 quem
564 2147 778 2214 terribilia
815 2155 905 2213 snut
942 2168 1063 2228 opere
1100 2147 1180 2214 tuel
1225 2149 1265 2212 in

146 2251 389 2318 multitudine
411 2254 585 2319 uirtutis
616 2259 689 2318 tuae
719 2251 973 2318 mentientur
1006 2252 1082 2318 tibi
1105 2251 1264 2318 inimioi

147 2354 205 2418 tui:
225 2376 259 2421 er
281 2357 476 2422 multitudine
499 2357 618 2422 soilieet
639 2357 784 2422 uirtutum
803 2355 854 2420 dei
868 2357 1101 2422 uenerationem
1116 2355 1263 2421 salsorum

146 2455 170 2518 in
189 2458 239 2523 diis
260 2461 419 2526 nominum
442 2461 636 2526 mentientes.
675 2466 677 2471 '
1291 2481 1316 2518 uo

181 2602 207 2667 8.
226 2606 282 2671 Sed
304 2607 376 2691 quie
400 2607 587 2672 mentientur
609 2607 735 2685 inimici,
752 2607 826 2691 quid
850 2629 868 2671 s
889 2608 1007 2673 eunctis
1028 2605 1095 2672 fieri
1118 2614 1263 2688 oportent,

148 2706 318 2775 dooetnrilo:
342 2712 471 2776 omnis
488 2711 784 2776 terrendorent
807 2711 882 2776 tibi
907 2719 943 2777 et
966 2710 1149 2791 psallent
1173 2711 1263 2776 tibi:

147 2811 321 2888 psalmum
356 2815 496 2880 dicent
532 2815 684 2880 nomini
723 2821 798 2894 tuo,
836 2815 1051 2880 altissime.
1104 2815 1265 2880 mendacio

148 2913 316 2983 inimieorum
341 2920 372 2983 in
397 2919 579 3001 nuncupetis
603 2920 661 2984 diis
684 2921 895 2985 demonstrato
918 2919 1025 2984 solutis
1048 2927 1159 2985 noslrae
1178 2919 1265 2984 insti·

148 3023 199 3080 tute
219 3023 401 3098 prebentnr:
424 3030 458 3088 ut
480 3029 602 3088 terreno
624 3024 725 3088 omnis
747 3024 833 3107 origo
856 3032 962 3088 nostre
984 3025 1090 3089 odoret
1110 3031 1140 3089 et
1155 3022 1265 3104 psellet
1292 3042 1317 3080 o

183 3271 260 3326 distr
282 3275 356 3328 enim
379 3275 534 3356 terribilem
561 3293 629 3329 oorr.
655 3293 689 3329 m.
713 3273 734 3328 2
763 3274 788 3329 V
836 3276 988 3344 leporum
1014 3292 1073 3329 esee
1100 3275 1168 3328 deus
1198 3275 1264 3328 VRo

149 3386 245 3439 operum
261 3379 284 3429 P
299 3395 414 3447 opernm
441 3379 569 3432 eonditor
595 3396 656 3433 esse
682 3378 781 3432 dener
833 3397 850 3432 u
868 3379 947 3433 nobis
971 3379 1047 3433 VRP
1062 3385 1090 3434 et
1107 3397 1124 3432 e
1142 3379 1221 3434 nobie
1240 3380 1268 3432 E

149 3457 335 3519 beonfilendns
352 3469 397 3519 eet
414 3465 440 3518 R
457 3466 492 3533 cs.
512 3467 584 3520 Stud.
606 3464 676 3520 1889
690 3484 719 3535 p.
738 3465 795 3518 316
820 3465 992 3520 confitendus
1016 3464 1091 3519 VPE
1141 3483 1197 3520 non
1216 3466 1268 3518 PE

149 3559 195 3596 non
209 3563 240 3600 ne
251 3551 272 3604 R
283 3549 329 3618 (on
345 3569 403 3606 non
420 3552 518 3617 uerbi)
571 3551 610 3605 dii
628 3550 771 3606 metiendo
789 3557 854 3605 sunt
866 3553 891 3604 R
907 3545 938 3606 di
955 3569 999 3606 me
1009 3551 1147 3606 {tiendo
1165 3557 1230 3606 sunt
1242 3553 1269 3605 P

150 3629 276 3690 tiortuito
293 3639 319 3692 R
334 3638 454 3693 fortuitu
466 3639 519 3692 PE
570 3640 587 3691 8
605 3643 719 3706 sneptue
738 3638 764 3691 R
783 3655 832 3692 sue
850 3643 929 3706 perte
948 3639 975 3691 P
1024 3656 1087 3693 oum
1105 3639 1229 3693 uoluitur
1242 3639 1268 3692 P

151 3717 338 3778 numeret?
387 3724 565 3781 ilntdnmP
616 3723 748 3813 loignel'n·
764 3725 927 3814 311(ῐὶιὶιή
941 3743 993 3780 ros.
1010 3731 1022 3779 t
1038 3729 1097 3780 aeid.
1114 3745 1146 3779 m.
1162 3724 1265 3792 3911

153 3873 178 3924 ll
192 3872 330 3934 indefessae
347 3881 401 3934 ΒΡ
416 3881 551 3935 indefesse
571 3883 599 3934 Ε
637 3827 929 3982 heoflmtResfluant
939 3882 991 3934 PE
1043 3884 1075 3935 14
1093 3897 1230 3950 remorum
1243 3883 1269 3935 P

153 3993 370 4057 remeditari.
389 4006 406 4056 l.
432 4004 456 4056 V
504 4003 538 4058 21
557 4005 604 4058 sed
624 4004 690 4072 quie
704 4004 785 4057 RPE
800 4011 829 4058 et
847 4004 911 4073 quie
929 4005 953 4058 V
1003 4005 1174 4059 mentientur
1195 4006 1270 4059 VRP

152 4081 338 4143 mentiunturE
387 4089 494 4142 inimiei
517 4088 594 4143 VRE
608 4089 716 4144 inimici
733 4091 774 4145 tui
794 4092 820 4144 P
870 4090 905 4143 22
922 4091 1037 4145 ederent
1055 4091 1108 4144 tibi
1130 4092 1156 4146 V
1170 4091 1267 4146 adoret

153 4163 227 4219 tibist
241 4173 331 4230 ederet
347 4180 376 4230 te
396 4176 448 4229 PE
462 4177 497 4246 cs.
516 4178 636 4232 δαὸαιίεν
654 4179 693 4244 ΙΙ,
712 4177 766 4232 127
820 4177 942 4249 psallent
965 4178 1106 4246 Vpeellet
1125 4177 1152 4244 (t
1169 4179 1196 4232 in
1214 4197 1266 4231 ros.

157 4249 184 4314 Ρ)
201 4254 266 4311 RPE
312 4265 347 4319 ‘23
363 4263 459 4317 disent
481 4263 506 4315 V
521 4263 596 4318 diout
620 4263 647 4329 (t
664 4265 692 4318 in
708 4282 761 4319 ros.
780 4265 817 4332 P)
838 4266 917 4318 RPE
967 4265 1117 4318 altissimae
1136 4266 1170 4318 R.
