3075 4967
309 272 372 338 734
648 276 765 328 sancti
790 275 927 329 Hilarii
950 273 1114 343 episcopi

309 464 500 547 consumpsit
522 471 553 529 et
575 463 716 529 omnibus
740 463 883 546 operibus
914 463 1041 546 spiritus
1071 484 1144 530 caro
1172 464 1256 530 uicta
1278 464 1435 540 famuletur,

310 577 381 634 lunc
404 570 512 635 beatius
536 575 591 648 est,
614 569 667 653 qui
690 568 925 635 retributionem
948 589 1036 634 suam
1060 567 1088 634 ei
1111 568 1269 648 retribuet,
1293 569 1325 633 id
1340 569 1449 652 estqui

310 674 503 739 dominatum
527 674 558 739 iu
582 692 649 738 earn
675 671 808 754 spiritus,
832 692 894 757 quo
916 675 959 738 uti
984 674 1050 754 ipsa
1063 673 1096 739 in
1112 672 1256 754 spiritum
1271 679 1338 739 erat
1356 673 1435 749 solita,

310 779 458 844 demutat.

268 905 281 942 a
349 881 404 948 14.
429 881 540 966 Neque
563 881 663 948 solum
693 881 859 947 retributor
888 881 1097 947 retributionis
1127 881 1245 960 beatum
1276 883 1332 948 sed
1360 883 1436 948 etiarn

262 1023 264 1030 ·
310 985 360 1051 ille
384 986 537 1062 beatus,
562 985 629 1070 qui
653 986 816 1052 tenebit
846 992 884 1051 et
906 984 1054 1050 allidet
1075 985 1272 1066 paruulos
1295 993 1383 1052 tuos
1401 985 1436 1050 ad

272 1129 274 1132 -
309 1097 473 1171 petrum.
520 1089 595 1155 uitia
623 1091 761 1171 corporis
792 1108 852 1154 non
884 1096 955 1155 sunt
977 1089 1108 1156 siuenda
1129 1088 1312 1168 coalescere,
1344 1091 1436 1156 sedin

310 1193 444 1259 exordiis
478 1194 583 1260 stetim
617 1194 776 1260 enecanda
808 1200 888 1272 sunt.
944 1194 1124 1277 periculosae
1161 1193 1245 1259 enim
1283 1201 1354 1260 sunt
1389 1194 1436 1258 iun

310 1298 445 1364 robustae
480 1297 673 1380 cupiditates,
703 1305 734 1364 et
757 1297 922 1364 difficulter
954 1297 1059 1363 adulta
1092 1317 1240 1382 quaeque·
1257 1299 1437 1379 perimuntur.

257 1423 282 1460 ιο
310 1402 408 1469 leuius
431 1409 533 1468 nutem
556 1409 604 1468 est
626 1408 861 1484 prorumpentes
884 1400 1026 1482 auellere,
1049 1409 1173 1468 teneres
1195 1403 1346 1478 excidere,
1369 1402 1437 1468 lieri·

309 1507 388 1574 biles
400 1513 588 1592 retorquere.
623 1508 732 1572 beatus
752 1507 855 1590 itaque
867 1512 923 1584 est,
939 1507 1081 1590 quisquis
1093 1507 1124 1571 in
1136 1507 1264 1572 exordio
1275 1505 1437 1572 iubenestoa

310 1631 448 1695 quasque
478 1613 617 1676 omnium
648 1611 853 1692 cupiditatum
887 1611 1102 1692 adpetitiones
1135 1631 1206 1695 quae
1236 1631 1275 1675 cx
1296 1609 1436 1677 uoluntntc

310 1717 410 1781 carnis
445 1716 593 1794 oriuntur,
628 1716 762 1797 primum
797 1716 878 1780 intra
910 1715 958 1780 ius
991 1716 1146 1800 patientiae
1179 1735 1243 1780 suae
1273 1717 1436 1797 uirtutisque

310 1816 473 1898 cohibebit
508 1820 619 1886 deinde
653 1839 706 1884 eas
740 1820 781 1883 ad
814 1817 910 1884 fidem
944 1825 1037 1902 atquo
1070 1820 1110 1884 ad
1140 1825 1260 1884 metum
1291 1819 1339 1884 dei
1361 1817 1436 1884 cliro

257 1946 283 1984 n
311 1923 460 1990 enecabit.
508 1925 608 1988 omnis
643 1924 735 2000 enim,
769 1923 823 2007 qui
855 1944 894 1989 er
927 1925 1061 2004 peccatis
1085 1924 1124 1987 ad
1147 1923 1331 2007 religionem
1353 1930 1435 1986 trans

310 2026 434 2101 feretur,
458 2034 585 2108 peccata
607 2028 710 2092 omnia
731 2028 762 2092 in
787 2047 865 2106 eam,
899 2027 938 2092 ad
973 2047 1067 2110 quam
1100 2028 1238 2106 decedet,
1272 2026 1435 2110 religionen

310 2130 386 2197 ellea
419 2133 615 2197 comminuet.
660 2133 691 2197 in
724 2151 759 2196 eo
791 2139 904 2207 autem
929 2132 1011 2215 quod
1045 2129 1190 2212 paruulos
1224 2130 1345 2196 miserae
1376 2127 1434 2193 ilic

311 2234 477 2319 Babylonis
499 2241 584 2301 tenet
607 2240 639 2301 et
661 2235 768 2312 allidit,
803 2242 834 2299 et
856 2235 962 2312 uirtus,
993 2254 1054 2318 qua
1083 2242 1246 2301 nascentes
1270 2233 1435 2307 cobibetct

311 2338 397 2417 fides,
415 2357 483 2424 qua
501 2360 539 2404 ne
555 2339 740 2418 adolescent,
756 2338 864 2416 allidit
877 2340 1057 2405 ostenditur.
1103 2346 1134 2405 et
1148 2339 1249 2405 allidit
1263 2340 1302 2404 ad
1316 2345 1434 2420 petram:

255 2461 284 2503 so
310 2450 398 2523 petra
420 2449 522 2510 autem
546 2445 716 2510 secundum
740 2442 911 2524 apostolum
928 2442 1070 2508 Christus
1086 2449 1150 2509 est·
1188 2443 1220 2508 in
1237 2463 1329 2527 quem
1344 2443 1434 2506 beatus

311 2549 443 2631 estqui
466 2547 538 2612 filiae
561 2547 732 2631 Babylonis
754 2546 908 2628 pamulm,
935 2547 969 2612 id
991 2553 1040 2613 est
1062 2553 1171 2612 tenera
1192 2546 1296 2613 adbuc
1317 2543 1433 2626 corporis

309 2651 382 2718 uitia
411 2651 519 2717 allidet
541 2656 572 2717 et
605 2658 773 2720 conteret..
796 2651 857 2732 ipsi
878 2650 1037 2736 unigenito
1060 2651 1118 2716 deo
1141 2671 1179 2716 ac
1202 2651 1327 2718 domino
1347 2653 1433 2714 umbo
1517 2652 1518 2727 l

311 2754 410 2839 gloria
432 2761 464 2821 et
485 2755 552 2822 laus
576 2756 606 2820 iu
631 2756 746 2822 secula
768 2755 962 2822 saeculorum.
1008 2773 1109 2822 amen.
1517 2730 1518 2805 l

687 2875 874 2959 rsntlbs
901 2873 1075 2958 CXXXVII.

257 3015 284 3055 2⁵
707 2997 895 3065 Psalmus
918 2998 1055 3064 Dauid.

353 3100 594 3169 Confitebor
628 3103 713 3182 tibi,
737 3102 906 3181 domine,
930 3104 968 3168 iu
992 3109 1075 3169 toto
1099 3103 1220 3168 corde
1244 3122 1339 3167 meo:
1361 3117 1432 3182 quo·
1516 3104 1517 3153 l

310 3207 414 3272 niam
438 3205 593 3272 audisti
617 3191 849 3272 uerbaori's
872 3208 948 3272 mei
971 3206 1150 3291 etreliqua.
1515 3288 1516 3293 ἵ

355 3311 382 3374 1.
407 3309 570 3392 Duplicem
591 3311 623 3376 in
648 3311 840 3378 consessione
874 3309 1136 3396 algnificationem
1158 3330 1238 3389 esse,
1261 3311 1291 3375 in
1313 3301 1430 3390 plurimis

310 3414 386 3482 locis
410 3415 707 3482 demonstrauimus:
743 3422 795 3480 aut
828 3416 946 3496 peccati
970 3415 1076 3494 nostri,
1107 3421 1158 3481 aut
1188 3413 1366 3481 laudationis
1385 3406 1429 3474 dei

354 3541 367 3592 l
387 3542 415 3592 et
433 3547 493 3592 unte
511 3537 613 3592 omnib.
624 3556 673 3592 om.
685 3538 710 3590 P
762 3537 929 3592 2retribuct
938 3539 964 3591 R
973 3537 1006 3598 cf.
1014 3557 1041 3608 p.
1052 3535 1144 3606 733,6
1156 3537 1288 3592 retribuit
1299 3535 1370 3588 PTE
1409 3525 1429 3580 id

309 3630 351 3680 ea
369 3625 488 3679 enom.
509 3625 561 3678 rr·
613 3625 732 3678 neriam
758 3625 838 3677 arr
861 3630 889 3678 ec
906 3625 935 3676 a
985 3628 1082 3678 cruos
1102 3624 1168 3677 uec
1186 3642 1251 3678 suos
1269 3624 1305 3676 re
1351 3621 1430 3673 sene·

309 3711 413 3767 candae
433 3712 457 3764 R
510 3715 526 3766 9
545 3728 687 3780 quaequae
706 3711 732 3764 u
786 3715 820 3766 10
836 3713 904 3764 inter
922 3718 964 3765 eat
982 3723 1005 3765 et
1021 3716 1235 3781 prorumpentes
1253 3711 1357 3781 spolium
1373 3698 1427 3756 ⁴²5

310 3801 356 3852 lin.
386 3816 442 3852 noe
471 3799 496 3852 R
559 3800 588 3852 11
620 3802 800 3866 retorquaere
827 3798 853 3852 R
915 3801 948 3852 12
975 3799 1119 3852 uoluntate
1152 3798 1231 3852 PTE
1257 3798 1387 3865 uoluptate
1410 3785 1428 3840 R
1514 3810 1516 3853 l

311 3887 343 3940 15
361 3885 544 3940 transferetur
573 3885 613 3939 Rc
640 3885 808 3939 transfertur
834 3885 899 3938 Pro
955 3888 987 3940 16
1005 3885 1122 3940 decedet
1149 3886 1175 3939 R
1201 3883 1345 3940 deeeoerit
1367 3871 1429 3931 W
1513 3900 1514 3915 ¹

312 3974 342 4026 17
361 3972 525 4028 comminuit
543 3968 580 4024 P¹
635 3973 667 4024 18
686 3971 863 4026 etalliditlt
881 3977 910 4026 et
926 3972 1020 4027 allidit
1038 3970 1143 4039 (auida
1153 3971 1188 4037 P)
1206 3971 1241 4026 ad
1258 3977 1391 4093 petranum
1366 3957 1428 4018 ΡΤΕ

307 4114 337 4164 et
355 4110 455 4178 uirtus,
474 4127 580 4178 qua-
546 4110 689 4164 -allidit
717 4111 751 4163 ad
776 4115 884 4180 petram
903 4129 953 4165 om.
971 4111 1023 4164 PT
1076 4057 1168 4166 bli'rttnus?
1194 4111 1220 4164 R
1269 4111 1299 4163 91
1318 4093 1426 4160 emnil

306 4199 343 4249 12
361 4213 393 4250 ae
412 4215 441 4250 ea
459 4196 510 4250 hac
529 4198 555 4250 R
573 4197 649 4250 Finit
666 4199 733 4265 peel
747 4197 883 4251 CXXXVI
901 4197 1001 4267 incipit
1016 4197 1168 4252 CXXXVII
1180 4198 1206 4251 It
1223 4195 1340 4265 Explicit
1354 4186 1424 4260 psalm

308 4282 555 4352 CXXXVlrnerprt
564 4283 653 4352 pealrlt
661 4283 1208 4354 0111111ΡΕκρι.ᾱοοΧ1Χνιωοιρ.
1217 4284 1252 4338 de
1261 4269 1422 4336 CXXXVIII.
