3075 4967
407 306 584 358 tractatus
602 301 638 356 in
658 301 830 369 psalmum
848 301 958 355 nxvn.
1188 299 1251 364 279

124 515 219 562 uorum
241 492 338 560 laetari
361 493 393 558 in
415 491 520 558 laetitia
535 491 770 576 significationis
786 498 833 556 eat
847 489 972 568 alderia,
996 510 1121 556 causam
1137 489 1253 555 scilicet

124 597 257 680 perlectae
279 596 395 662 laetitiae
417 597 593 662 ostendens.
637 595 778 680 plerique
812 595 897 661 enim
929 595 960 659 iu
995 594 1054 672 hie,
1089 614 1158 679 quae
1191 593 1251 659 sibi

124 711 187 768 suut
207 703 351 772 nocitura
381 699 531 777 latentur,
562 707 595 764 ut
623 701 739 784 gaudet
767 699 901 764 lasciuus
931 700 962 764 in
992 700 1112 778 mortis,
1140 705 1174 764 ut
1203 697 1253 762 fur

124 807 231 872 laetatur
252 807 285 870 in
307 805 408 884 furtis,
429 810 463 870 ut
485 823 736 888 unumquemque
760 824 815 884 pro
830 805 913 868 uitiis
929 804 993 870 auis
1009 825 1056 880 ea,
1079 823 1149 887 qua
1165 823 1251 869 ener-

124 919 172 989 col,
195 909 359 976 oblectant.
402 929 511 974 uorum
527 909 580 992 qui
602 907 634 973 in
657 907 764 973 laetitia
786 907 915 986 letatur,
931 927 1055 973 caueam
1078 907 1191 972 laetitiae
1214 927 1252 972 ex
1291 935 1303 969 c

124 1015 209 1096 ipsius
230 1014 345 1079 laetitiae
368 1012 499 1078 honesta
520 1011 649 1096 utilique
672 1011 801 1078 ueritate
824 1013 966 1093 suscepit
1012 1018 1043 1077 et
1072 1011 1186 1076 idcirco
1213 1012 1250 1074 in

125 1118 261 1184 laetitia
290 1117 489 1194 letantur,
520 1117 593 1199 quia
622 1115 654 1180 in
684 1125 851 1196 conspectu
880 1115 930 1182 dai
953 1115 1148 1194 exultabunt;
1182 1135 1253 1180 eam

124 1243 194 1288 uera
226 1220 419 1289 exultationis
450 1221 565 1286 docens
595 1238 664 1286 esee
694 1219 844 1296 laetitiam,
885 1238 954 1302 quan
984 1225 1170 1301 conspectus
1203 1219 1252 1283 dei

126 1326 301 1392 iucunditate
324 1324 463 1406 perfecta
485 1325 534 1390 sit.
579 1323 775 1390 exultationis
804 1330 908 1388 autem
939 1321 1029 1388 huius
1063 1329 1155 1405 atque
1179 1341 1253 1403 epu·

127 1429 241 1495 lentium
263 1429 387 1514 gaudio,
410 1449 447 1494 ex
470 1428 580 1512 quibus
604 1433 651 1492 cet
673 1426 781 1492 latitia
801 1428 890 1505 insto,
924 1432 1048 1493 sanctus
1071 1425 1196 1510 Moyses
1220 1427 1251 1491 iu

127 1534 219 1598 diuina
238 1533 291 1598 illa
314 1532 544 1598 Deuteronomii
567 1531 705 1598 cantione
726 1531 770 1594 ita
791 1531 934 1596 meminit
962 1530 1084 1597 dicens:
1118 1531 1252 1596 iucun-

128 1637 265 1702 dcmini
288 1636 376 1702 omli
399 1634 517 1701 simul
541 1653 625 1700 cum
648 1655 700 1710 eo,
733 1639 771 1700 et
800 1635 973 1700 adorent
1001 1655 1086 1700 eum
1115 1653 1252 1700 omncs

127 1741 252 1826 angeli
274 1741 348 1807 dci.
393 1739 676 1806 iucundamini
699 1744 844 1822 gentes
874 1758 961 1804 oum
984 1737 1248 1820 populonius,

127 1853 155 1910 et
176 1847 408 1912 confortent
431 1865 498 1910 eos
520 1863 656 1908 omnes
679 1841 764 1908 lilii
788 1843 861 1908 dei.
904 1844 936 1907 in
956 1842 1015 1908 hae
1029 1844 1134 1926 itaque
1148 1843 1254 1908 latitia

128 1949 296 2016 letabuntur
318 1957 349 2015 et
371 1949 442 2015 iusti
466 1947 582 2014 caelesti
598 1948 711 2033 gaudio
733 1948 903 2026 unanimos,
928 1946 1123 2013 exultationis
1139 1947 1252 2012 dimna

129 2054 259 2120 societate
280 2053 431 2118 laetaniae.

162 2174 428 2242 anteuenias
451 2193 507 2239 uos
530 2174 675 2255 temporis
697 2173 939 2258 gratulationem
969 2174 1026 2239 sub
1056 2173 1128 2238 fidei
1157 2193 1251 2238 euan-

130 2280 221 2364 gelica
254 2279 448 2344 consessione
480 2297 562 2343 nunc
595 2277 745 2359 propheta
768 2280 901 2344 aduocat
934 2279 1055 2343 dicens:
1090 2288 1253 2343 cantate

130 2381 388 2466 deo,peallite
412 2383 563 2447 nomini
588 2383 682 2461 eius,
706 2382 937 2448 iterfacite
960 2383 1002 2457 ei,
1026 2382 1094 2465 qui
1118 2401 1251 2447 ascen·

131 2487 177 2552 dit
211 2506 332 2569 super
365 2505 560 2553 occasum.
606 2487 793 2551 dominus
830 2507 970 2552 nornen
1007 2497 1068 2551 est
1101 2485 1180 2551 illi:
1215 2497 1253 2549 et

131 2591 296 2657 exultate
334 2591 372 2655 in
409 2597 631 2672 conspectu
677 2591 772 2655 eius.
828 2589 1002 2656 adhortatio
1043 2591 1144 2654 omnis
1181 2588 1253 2654 licet

131 2694 245 2760 nultum
268 2697 307 2760 ad
331 2695 488 2779 quondam
516 2694 638 2776 pulsum
661 2700 692 2759 et
712 2693 877 2758 uoluntatis
907 2703 1022 2758 noctrae
1054 2693 1193 2775 proficiat
1223 2701 1254 2758 et

131 2799 236 2879 mentio,
259 2819 331 2866 oum
353 2799 394 2864 ad
415 2798 533 2883 aliquid
567 2799 735 2879 optandum
758 2799 978 2882 agendumque
1007 2797 1189 2864 conciliante
1218 2817 1254 2863 ea

131 2901 172 2967 uel
189 2903 341 2970 inliciente
364 2903 555 2980 deducimur,
579 2909 691 2981 tamen,
707 2903 733 2966 si
757 2903 893 2966 maxime
916 2901 1140 2966 adhortationis
1155 2904 1252 2984 ipsius

168 3096 193 3148 ll
211 3095 289 3149 Dent.
308 3093 474 3162 xxx11‚4c
492 3092 598 3159 (LXX).

170 3269 235 3322 loct
263 3267 405 3322 interioria
436 3267 486 3320 1²1¹
549 3283 632 3320 cauea
663 3267 686 3320 V
747 3269 916 3321 duocetnra
942 3265 978 3319 P¹
1043 3272 1071 3320 et
1097 3267 1201 3335 gaudet
1233 3267 1255 3316 l'

133 3353 170 3405 lor
185 3381 213 3390 —
228 3355 310 3409 furtis
325 3360 360 3409 nt
377 3373 434 3426 aurp.
453 3355 497 3408 lin.
516 3356 575 3407 add.
595 3371 627 3407 m.
647 3353 667 3406 2
684 3353 708 3406 V
756 3357 825 3408 dut
842 3365 902 3407 aare
918 3370 1143 3422 unumquemque
1161 3371 1209 3406 om.
1228 3354 1254 3406 R

134 3447 244 3497 exercent
262 3443 288 3496 P
338 3443 356 3495 5
382 3442 540 3495 oblecotant
563 3439 725 3495 Vobleotat
752 3440 778 3493 R
830 3441 859 3494 in
877 3441 985 3494 laetitia
1003 3456 1090 3494 -ex
1116 3440 1203 3509 ipsine
1227 3442 1254 3492 in

134 3543 202 3596 morq.
216 3547 299 3602 saper.
324 3531 384 3582 odd.
409 3546 442 3581 m.
470 3527 490 3581 2
513 3527 538 3582 V
586 3527 739 3596 dccccipit
764 3524 857 3580 P¹TE
906 3532 935 3582 ct
959 3527 1063 3582 idcirco
1093 3528 1132 3582 ait
1150 3527 1179 3580 in
1204 3527 1257 3578 TE

26 3639 27 3654 i
134 3611 287 3670 llaetentur
315 3616 351 3668 T·
403 3614 567 3669 exultabant
592 3614 615 3668 V
663 3617 765 3668 duero
792 3633 822 3667 ea
848 3620 927 3668 uerte
954 3633 986 3668 m.
1011 3614 1028 3667 1
1051 3615 1076 3669 V
1125 3614 1255 3668 diccun-

134 3697 206 3753 ditate
220 3703 269 3756 PT
321 3703 412 3771 adque
436 3702 484 3756 VR
536 3700 723 3770 copulantium
750 3701 823 3754 VRT
875 3704 909 3757 10
925 3702 1020 3770 gaudii
1042 3702 1068 3754 T
1119 3702 1255 3756 iustorum

139 3785 233 3843 l'iuata
246 3810 265 3841 α
318 3806 426 3858 moysea
444 3807 475 3843 a
492 3805 595 3842 mareas
614 3805 646 3841 m.
665 3787 724 3842 2V
773 3794 816 3842 cot
833 3788 863 3842 in
880 3788 906 3842 V
957 3791 987 3842 ll
1006 3788 1194 3842 iocundamini
1207 3787 1257 3840 PT

134 3873 161 3924 1⁴
175 3871 254 3930 filiV
306 3877 339 3930 15
357 3877 496 3930 laetantur
514 3876 539 3928 R
590 3875 744 3929 unamimeo
763 3894 793 3928 ea
809 3876 950 3929 maminoto
972 3895 1005 3929 m.
1025 3874 1045 3928 2
1068 3875 1255 3930 Vunzani·

132 3959 213 4012 meaP
260 3961 439 4017 exultationi·
458 3979 488 4015 ea
506 3961 689 4016 exultationes
707 3981 739 4015 m.
759 3962 777 4014 1
795 3963 821 4015 R
874 3965 907 4017 17
926 3967 954 4016 et
971 3963 1006 4016 ad
1027 3963 1105 4016 cuim
1130 3962 1205 4016 VBP
1219 3962 1255 4016 ad

133 4045 375 4120 cuiuaEsort.recte
419 4048 755 4103 l9itorenalvinterm.2
770 4050 796 4103 V
838 4050 1053 4118 ffiimpnlcumc
1094 4050 1256 4104 modoine

133 4135 321 4206 optandumque
339 4139 399 4202 (om.
417 4133 607 4205 agendule
656 4136 823 4190 conciliante
842 4152 874 4190 ea
893 4138 918 4190 R
935 4137 1129 4191 conciliantem
1150 4137 1176 4190 V
1190 4153 1255 4190 con·

133 4269 231 4327 ciliante
248 4291 311 4328 caen
324 4275 402 4328 Vl'E
451 4277 487 4328 94
505 4275 527 4329 ci
545 4274 681 4328 maximae
692 4221 944 4330 luladhortationem
962 4277 1049 4345 ipeiuc
1067 4277 1099 4330 R.
