3075 4967
410 325 593 375 tractatus
617 322 651 375 in
675 322 849 391 psalmum
873 322 908 375 11.
1194 319 1234 385 67

115 529 173 574 uas
192 510 353 594 figulum
385 512 637 596 confringes,
668 531 708 576 ne
732 530 788 592 per
811 516 897 575 testae
920 509 1131 595 fragmentum
1154 512 1235 576 inre-

114 614 254 679 formabde
275 636 326 680 uas
348 622 454 696 posset
475 614 631 700 intellegi;
661 616 717 682 sed
741 616 801 679 ait:
831 634 902 679 uas
932 613 1064 698 siguli,
1098 616 1181 699 quod
1203 617 1235 680 in

114 718 169 799 ipsa
188 718 306 785 artifiois
327 719 485 785 molitione
508 738 563 784 uas
585 718 683 797 fieret,
706 725 742 784 ut
764 718 935 784 secundum
958 717 1236 799 praelatumexem·

113 820 185 902 plum
204 829 338 907 prompta
360 830 443 889 esset
476 823 625 889 ooniraoti
649 824 790 889 eiusdem
812 823 896 887 uasis
919 842 956 887 ex
979 822 1106 887 artificis
1128 822 1235 888 uolun-

114 930 165 991 tate
184 929 334 1007 reparatio.
1275 957 1287 993 a

148 1030 191 1095 11).
213 1032 270 1096 Sed
291 1032 513 1097 inrationabilis
536 1032 673 1097 materiae
696 1051 751 1097 uas
775 1033 869 1096 etiam
892 1030 949 1095 sub
971 1030 1031 1095 alia
1052 1031 1235 1117 intellegen-

112 1134 146 1196 tia
158 1135 191 1199 ad
206 1137 350 1201 rationem
368 1136 512 1201 humanae
527 1135 694 1201 uoluntatis
706 1141 845 1217 aptatum
860 1144 924 1200 est:
948 1134 1092 1201 homines
1107 1136 1233 1220 quidem

111 1256 157 1315 per
175 1238 238 1304 iraeo
258 1241 329 1305 uitia
352 1260 407 1305 sua
430 1242 550 1319 eadere,
582 1241 637 1305 sed
667 1240 694 1305 si
724 1241 755 1304 in
787 1239 836 1304 his
859 1241 1051 1320 poeniterent,
1074 1240 1106 1304 id
1129 1245 1184 1319 est
1207 1241 1234 1305 si

111 1340 206 1407 abhis
227 1344 406 1423 desinerent,
430 1364 463 1409 se
487 1364 608 1428 quoque
632 1344 708 1409 deus
731 1345 761 1407 iu
778 1342 837 1420 his,
861 1364 930 1426 qua
947 1343 986 1406 ad
1002 1362 1128 1423 prauam
1143 1363 1234 1409 rasus

110 1443 186 1511 huius
207 1449 400 1527 constituerit,
423 1450 579 1532 penitere,
602 1468 662 1512 non
686 1448 769 1531 quod
793 1448 844 1511 hio
869 1454 972 1512 motus
994 1448 1109 1511 mentis
1124 1466 1232 1513 seeun-
1263 1475 1287 1510 to

112 1548 172 1613 dum
200 1550 363 1617 humanam
393 1558 535 1617 naturam
558 1553 589 1616 in
624 1552 718 1617 deum
752 1552 884 1631 caderet,
920 1552 976 1615 sed
1011 1552 1083 1634 quia
1115 1550 1235 1617 homini

112 1660 251 1734 gestorum
274 1658 451 1737 peonitentia
474 1657 584 1721 modus
608 1664 656 1721 est
678 1656 902 1740 gerendorum:
925 1655 1137 1736 paeuitentiam
1160 1674 1234 1739 qno

111 1772 161 1838 que
179 1778 259 1824 suam
290 1760 366 1825 dens
397 1767 550 1826 memorat
578 1762 617 1825 ad
647 1780 783 1841 poenam,
814 1760 885 1843 quia
916 1760 1017 1840 puniri
1047 1758 1233 1836 desinerent,

111 1860 153 1941 qui
184 1881 247 1929 esse
284 1865 371 1945 impii
410 1864 608 1930 destitissent.
657 1871 692 1929 ut
729 1882 802 1947 ergo
838 1862 934 1947 figulo
972 1870 1149 1943 promptum
1187 1870 1234 1929 est

111 1966 239 2032 amissum
260 1988 316 2033 uas
339 1970 378 2033 ad
402 1970 543 2047 eandem,
572 1967 622 2033 uel
657 1988 751 2051 quam
774 1966 863 2045 uolet,
895 1968 1033 2047 speeiem
1055 1966 1232 2044 reformare,
1262 1994 1286 2031 a

112 2066 145 2130 its
164 2069 215 2135 deo
235 2070 325 2137 faoile
350 2078 406 2150 est,
439 2080 510 2154 post
543 2074 687 2137 uitiorum
721 2090 812 2136 casus
841 2070 981 2135 uolentes
1011 2090 1046 2135 se
1076 2071 1155 2154 erigi
1178 2090 1234 2151 per

110 2170 236 2239 doctrina
269 2196 332 2241 suae
355 2177 581 2242 institutionem
604 2176 644 2239 ad
666 2177 815 2255 pietatem
838 2194 877 2239 ex
899 2175 1059 2255 impietate
1081 2193 1233 2254 reparare.

145 2294 188 2358 41.
211 2296 270 2363 Sed
295 2304 326 2362 et
348 2296 399 2361 illa
423 2304 625 2381 tamquam
649 2317 718 2362 aas
741 2295 867 2381 siguli
890 2316 951 2360 non
974 2295 1146 2379 ignoranda
1161 2315 1232 2359 eon·

111 2394 200 2463 ratio
220 2408 273 2480 est,
298 2408 363 2466 tum
390 2422 461 2466 oum
484 2400 533 2467 his
568 2402 745 2483 corporibus
777 2399 933 2465 dissolutis
963 2404 995 2464 et
1023 2418 1096 2464 casu
1125 2400 1234 2464 mortis

110 2503 253 2569 eonsraotis
286 2526 343 2587 pro
378 2505 533 2571 uoluntate
566 2505 693 2571 artificis
727 2505 908 2570 restauratio
941 2503 1106 2571 adteretur.
1151 2504 1234 2588 quod
1260 2530 1286 2568 aa

110 2612 254 2691 utrumque
276 2609 475 2691 propheticus
499 2630 602 2675 sermo
625 2608 821 2693 significasse
850 2608 961 2673 eodem
990 2608 1074 2672 dioto
1103 2608 1233 2673 uidetur.

111 2726 169 2773 nam
199 2733 266 2777 oum
300 2716 514 2794 paenitentiam
549 2713 655 2780 utilem
688 2716 719 2778 iu
754 2712 813 2791 his,
849 2732 918 2796 quae
940 2719 1030 2776 antea
1052 2712 1232 2796 agebantur,

109 2817 232 2895 ostendit,
254 2819 417 2898 praesentis
442 2817 531 2883 huius
554 2819 625 2883 uitae
648 2824 679 2883 et
702 2816 868 2898 corporalis
884 2836 921 2882 er
935 2816 1018 2881 uitiis
1033 2816 1065 2879 in
1088 2816 1231 2880 uirtutem

109 2934 202 2983 nouam
223 2923 310 3006 quasi
333 2923 589 2987 instaurationem
613 2923 702 2987 dooet
724 2940 794 2987 esse
817 2928 967 3001 oportere,
992 2922 1037 2984 ira
1060 2920 1091 2983 in
1115 2938 1166 2985 eos
1182 2919 1230 2984 dei

110 3020 182 3087 sicuti
202 3027 366 3091 eriminum
389 3025 544 3091 uoluntate
566 3032 716 3091 cessante.
763 3033 796 3091 et
818 3044 1006 3108 quamquam
1030 3024 1063 3088 id
1086 3042 1122 3087 er
1144 3020 1232 3105 figuli
1259 3049 1284 3087 aa

109 3132 301 3207 aonparatione
335 3131 503 3212 protulerit,
538 3136 651 3202 tamen,
687 3150 758 3197 oum
793 3128 832 3193 de
861 3129 970 3193 eodem
993 3125 1090 3211 figulo
1112 3127 1170 3191 ait:
1193 3134 1231 3191 et

142 3268 171 3321 26
186 3268 302 3325 Hierem-
322 3270 422 3335 XVIII,
441 3274 466 3324 4.

141 3458 153 3509 1
170 3457 280 3525 figulum
298 3461 336 3514 Vr
353 3459 433 3528 figuli
448 3460 474 3512 R
492 3458 592 3529 figulus
605 3480 624 3509 α
642 3476 691 3513 om.
704 3459 788 3557 fossi.
804 3470 827 3513 ot
846 3460 909 3512 Par.
928 3456 1005 3512 1572
1022 3456 1068 3523 (aa
1085 3455 1232 3526 figlinum?

108 3558 134 3623 ff·
150 3562 249 3631 Bened.)
302 3563 462 3633 aeuningen
483 3580 537 3633 eoa,
556 3581 623 3617 nee
676 3568 747 3619 teste
765 3579 832 3617 corr.
850 3578 884 3615 m.
903 3562 923 3615 2
945 3563 971 3617 V
990 3566 1062 3617 teste
1081 3562 1107 3615 R
1159 3559 1231 3614 frac-

107 3668 249 3722 mentumR
300 3636 383 3752 dadd
391 3667 455 3721 m.2
469 3669 495 3722 V
542 3645 795 3723 duasi⁸corr.m.2
809 3667 835 3721 V
865 3665 941 3720 daed
949 3662 1232 3719 hooirrationabiiise

109 3750 132 3801 ll
154 3752 197 3807 dm
221 3774 250 3809 ez
276 3756 333 3811 dei
361 3773 427 3809 οονν.
455 3774 487 3809 m.
515 3754 536 3807 2
568 3755 593 3808 V
660 3756 693 3808 la
717 3753 815 3808 modus
833 3752 1014 3807 asmodaeus
1032 3770 1098 3805 corr.
1116 3768 1150 3803 m.
1170 3750 1186 3801 1
1210 3750 1235 3802 1’

107 3838 320 3919 oss-auitentiam
333 3872 356 3915 et
365 3863 403 3914 sic
413 3862 559 3931 saepissime
569 3860 595 3912 R
632 3860 664 3911 13
675 3876 793 3927 poenam
805 3876 835 3911 ez
849 3874 966 3926 paenam
978 3857 1005 3910 R
1045 3818 1181 3909 desinerndt
1193 3852 1231 3908 12¹

109 3961 357 4019 transmeassent
375 3964 401 4017 R
455 3967 487 4017 17
506 3938 784 4019 institutionemcorr.
803 3981 836 4017 m.
855 3960 875 4014 2
897 3962 923 4015 V
980 3960 1016 4014 ad
1042 3960 1175 4028 pietatem
1201 3977 1232 4012 aa

108 4045 135 4098 td
149 4048 302 4118 inpietatem
320 4070 354 4105 m.
373 4050 394 4103 2
417 4050 441 4105 V
492 4052 525 4104 19
543 4056 603 4105 tum
621 4068 678 4121 sap.
696 4052 741 4105 lin.
760 4068 778 4102 u
796 4047 868 4102 aa?
891 4048 916 4102 V
971 4048 1004 4101 21
1021 4046 1232 4117 significassem

108 4132 269 4201 dguifieasset
288 4158 321 4191 m.
343 4140 357 4190 1
381 4138 406 4191 V
455 4140 489 4193 118
507 4138 647 4207 praesenti
671 4138 695 4191 V
745 4136 775 4189 in
793 4137 899 4189 uirtute
922 4154 941 4185 α
967 4134 998 4187 in
1024 4134 1130 4187 uirtute
1153 4133 1178 4187 V
1201 4131 1232 4185 in

109 4218 208 4277 uirtutes
234 4242 264 4279 a
290 4226 319 4279 iu
346 4224 453 4278 uirtute
480 4244 512 4277 m.
540 4224 559 4278 3
578 4224 604 4278 R
665 4225 700 4277 a4
725 4223 768 4276 ira
788 4240 820 4276 aa
837 4222 877 4276 ita
894 4224 966 4274 on.2
990 4222 1014 4273 V
1072 4219 1102 4273 in
1120 4218 1230 4273 eosdem

109 4304 175 4362 denti
196 4311 223 4365 V.
1172 4327 1176 4336 ·

1040 4418 1072 4471 5*
