3075 4967
298 295 340 360 94
639 298 756 350 saneti
781 297 913 350 Hilarii
938 296 1102 365 episcopi

344 485 391 552 14.
416 485 458 550 Et
480 486 552 570 quia
574 487 606 552 in
628 486 871 571 regenerationis
894 494 1006 552 nostrie
1029 486 1188 551 natiuitete
1202 487 1234 550 in
1250 485 1318 551 haee
1341 505 1442 550 saera·

297 597 402 656 menta
423 591 569 668 iuramus,
584 589 941 666 renuntiantes-diabole,
962 589 1081 667 saeeulo,
1101 591 1243 671 pereatis,
1263 610 1334 656 eum
1348 590 1442 655 inter·

297 695 478 779 rogantibus
501 696 731 775 respondemus,
755 695 951 760 retinendam
966 694 1112 778 usquein
1128 694 1223 759 linem
1239 694 1442 759 confessionis

298 796 388 863 haim
410 797 506 863 fidem
529 798 768 864 statuitdieeus:
793 799 858 882 qui
882 798 990 862 iurat
1011 799 1193 878 proximo
1216 817 1285 862 auo
1308 805 1347 864 et
1369 818 1440 862 non

259 931 272 968 r
299 901 465 983 decipit.
511 903 653 986 quamuis
676 902 760 967 enim
783 902 854 986 quis
875 903 907 966 in
930 902 1086 967 mandatis
1116 901 1167 967 dei
1198 901 1250 966 diu
1282 903 1443 971 manserit,

298 1013 412 1084 tamen,
435 1006 461 1072 si
484 1005 648 1090 aliquando
678 1004 831 1084 fefellerit,
863 1006 926 1071 iam
948 1026 1011 1071 non
1041 1013 1155 1083 manet,
1179 1026 1251 1072 eum
1274 1004 1391 1084 fefellit,
1415 1015 1444 1071 et

297 1110 411 1175 iustitia
422 1112 555 1177 anterior
565 1111 721 1176 iniustitiae
734 1119 872 1191 tempore
883 1111 1041 1176 amittitur.
1058 1117 1089 1176 et
1100 1111 1216 1176 ideireo
1228 1111 1261 1174 in
1269 1109 1442 1194 euangelio:

296 1214 417 1294 beati,
451 1215 518 1299 qui
553 1215 781 1280 manserint
813 1235 940 1298 nsque
973 1214 1011 1280 in
1043 1213 1184 1290 finem,
1215 1213 1332 1279 ideireo
1362 1215 1443 1294 apud

297 1317 493 1384 Salomonem
516 1319 617 1384 omnis
638 1318 705 1384 leus
728 1319 760 1383 in
783 1320 866 1384 exitu
888 1319 1015 1397 canitur,
1045 1319 1117 1402 quia
1139 1319 1172 1382 in
1194 1317 1252 1394 his,
1281 1336 1351 1401 quae
1375 1339 1444 1398 pro-

245 1451 270 1486 ιο
297 1423 394 1488 missa
416 1430 487 1488 snut
509 1425 574 1498 deo,
597 1443 658 1488 non
682 1431 729 1490 est
751 1422 917 1507 aliquando
939 1422 1119 1488 fallendum.

343 1524 392 1591 15.
417 1525 477 1592 Sed
509 1527 608 1593 tendit
636 1528 797 1611 usquead
820 1527 1117 1592 eonsummutionem
1139 1526 1312 1608 perfectam
1335 1523 1443 1591 adaur-

299 1631 371 1696 uitie
394 1631 534 1698 eaelestis.
579 1652 653 1697 nam
675 1632 724 1697 aui
746 1632 856 1697 uitium
879 1651 971 1696 omne
991 1631 1126 1706 detersit,
1149 1631 1444 1714 cupiditatemque

297 1754 356 1818 que
379 1735 452 1814 eius,
477 1755 545 1820 qaae
568 1736 700 1800 nimium
722 1754 778 1799 nos
803 1734 925 1814 detinet,
949 1735 1087 1815 pecuniae
1103 1734 1215 1799 auertit
1229 1733 1352 1798 dicens:
1378 1735 1444 1816 qni

296 1839 508 1919 pecuniam
532 1859 641 1906 suem
663 1859 738 1904 non
763 1839 878 1905 dedit
900 1840 947 1905 ad
968 1857 1139 1904 usuram.
1170 1837 1444 1903 fullarhoebene·

244 1968 270 2006 rr
296 1942 401 2008 fieium
424 1949 454 2008 et
476 1942 651 2009 hamanitas
682 1942 874 2009 fraudulenta
905 1950 937 2008 et
959 1943 1108 2008 damnosa
1138 1941 1206 2007 haee
1235 1940 1445 2006 beniuolentia

297 2047 430 2112 docetur.
475 2048 550 2132 quid
580 2047 664 2113 enim
702 2051 763 2112 tam
799 2045 1000 2123 intolerabile,
1031 2065 1124 2129 qaam
1155 2052 1188 2110 ut
1217 2045 1372 2129 indigenti
1403 2047 1444 2110 ita

296 2149 481 2217 beneficium
512 2152 637 2229 tribuae,
668 2157 702 2216 ut
723 2151 826 2235 mngls
856 2156 954 2235 egeat,
978 2158 1008 2215 et
1031 2149 1188 2214 miseriam
1219 2150 1319 2230 inopis
1350 2169 1444 2230 opem

295 2254 410 2320 laturus
441 2255 643 2322 adcumules‘?
688 2255 713 2320 si
737 2254 932 2320 Christianus
955 2273 998 2330 es,
1026 2254 1100 2338 quid
1123 2274 1142 2318 a
1164 2253 1222 2318 deo
1245 2253 1367 2334 praemii
1392 2274 1445 2318 ex-

295 2365 409 2438 peetss,
432 2361 500 2442 ipse
524 2360 562 2425 ab
579 2359 755 2424 hominibus
772 2379 833 2423 non
848 2356 998 2424 beneficia
1014 2359 1212 2438 expectando,
1235 2359 1291 2423 sed
1303 2355 1444 2422 damna?

244 2489 270 2526 20
297 2463 323 2527 si
339 2461 532 2529 Christianus
556 2483 598 2543 es,
623 2463 697 2546 quid
719 2464 849 2527 otiosam
871 2462 1033 2542 pecuniam
1058 2469 1143 2526 tuam
1167 2463 1196 2526 in
1221 2462 1356 2527 reditum
1368 2481 1443 2527 eou-

295 2567 384 2646 ponis
407 2573 439 2632 et
461 2566 565 2632 fratris
585 2567 628 2632 tui
650 2567 796 2647 inopiam,
812 2586 867 2647 pro
891 2585 951 2648 quo
969 2563 1111 2630 christus
1126 2572 1264 2631 mortuus
1280 2572 1335 2643 est,
1350 2564 1444 2631 then·

296 2690 420 2736 sauram
435 2663 529 2736 'tuum
553 2668 675 2736 efficis?
698 2670 726 2735 si
741 2667 935 2735 Christianus
958 2689 1002 2742 es,
1025 2689 1086 2734 non
1109 2690 1213 2754 quaere
1235 2677 1270 2735 nt
1292 2668 1445 2754 largiaris,

296 2773 406 2840 saltem
423 2775 562 2841 debiturn
584 2775 630 2840 sie
651 2792 787 2855 reposee,
810 2795 849 2840 ne
872 2773 994 2854 spolies,
1024 2781 1055 2840 et
1076 2780 1234 2840 memento
1249 2793 1330 2856 eum,
1346 2794 1366 2837 a
1382 2794 1443 2858 que

297 2897 421 2944 usuram
443 2879 566 2960 repetis,
590 2897 659 2944 esse
674 2879 799 2958 inopem
811 2884 843 2944 et
854 2897 1032 2959 pauperem,
1054 2885 1286 2962 propterquam
1299 2875 1444 2944 cuneus

243 3005 269 3044 aa
295 2983 384 3064 inops
429 2982 523 3048 uoluit
567 3002 635 3048 esse
680 2989 710 3048 et
754 3003 878 3063 pauper.
923 2983 1027 3066 itaque
1072 2983 1138 3049 siue
1183 2981 1327 3048 iniuriam
1376 2981 1443 3047 siue

337 3119 471 3176 auerti.
490 3119 604 3188 xxuu,
624 3123 664 3174 rs.

339 3313 352 3366 l
378 3311 599 3364 saaramentoV
647 3312 664 3364 ss
692 3311 886 3365 renunoiantea
914 3312 940 3364 R
992 3310 1106 3365 diabalo
1130 3311 1156 3363 V
1204 3314 1221 3366 3
1247 3311 1397 3366 retinenda
1421 3311 1444 3364 Υ

294 3396 472 3452 eonimsionis
490 3397 571 3450 huius
589 3396 673 3450 fidem
691 3415 747 3468 rap.
766 3399 810 3450 liu.
830 3415 846 3450 a
864 3417 897 3450 m.
916 3397 937 3450 2
956 3397 982 3450 V
1030 3400 1047 3453 6
1067 3403 1096 3452 et
1112 3398 1218 3452 iustitia
1237 3415 1267 3451 ez
1284 3405 1313 3451 et
1331 3397 1442 3452 iustitia

294 3491 322 3539 et
340 3503 406 3538 corr.
425 3483 496 3538 nu?
519 3484 545 3536 V
594 3485 752 3538 'lenterior
769 3485 923 3539 iniustitiae
941 3503 998 3554 sup.
1018 3486 1062 3537 lin.
1082 3503 1098 3537 a
1116 3503 1149 3537 m.
1169 3484 1189 3538 2
1212 3485 1238 3538 V
1287 3490 1316 3538 et
1333 3483 1442 3539 ideireo

293 3571 323 3626 in
346 3571 510 3642 euuangelio
543 3571 568 3626 V
591 3573 620 3624 in
648 3572 813 3640 euuangelio
837 3573 863 3625 R
932 3576 950 3626 8
973 3587 1077 3639 nequae
1106 3572 1132 3622 Υ
1151 3588 1203 3640 usq
1227 3567 1319 3641 (surpra
1346 3589 1366 3640 q
1392 3573 1442 3625 ali·

294 3657 449 3730 quiderm.)
467 3660 493 3712 R
545 3661 562 3712 9
581 3657 756 3712 solomonem
779 3659 806 3710 V
854 3658 990 3728 promissa
1007 3675 1038 3711 ea
1054 3657 1221 3726 proximissa
1238 3676 1305 3712 corr.
1324 3677 1357 3712 m.
1379 3659 1396 3711 1
1420 3659 1445 3710 V

295 3745 495 3816 llperleetaR
548 3746 700 3800 admonitio
713 3746 944 3800 readmonitione
957 3763 989 3798 m.
1007 3745 1061 3798 IV
1110 3746 1361 3810 lodamnoselom.
1375 3746 1442 3812 etlb

295 3834 328 3888 18
339 3833 483 3886 laturosV
533 3833 647 3900 quidab
660 3835 727 3886 eoR
779 3832 1403 3902 praeminmpraemiiltpraemioicerr.m.1
1421 3834 1445 3886 V

295 3921 327 3974 le
340 3919 475 3988 expetedo
492 3920 519 3971 V
567 3922 602 3976 20
614 3920 638 3974 ei
657 3938 687 3973 ee
706 3921 743 3973 eit
761 3919 828 3973 nr?
845 3919 871 3973 V
918 3921 1036 3973 otiosam
1054 3939 1084 3973 ea·
1101 3903 1301 3974 otiosarum?
1317 3919 1443 3974 Venelt

293 4008 326 4061 sl
351 4011 380 4061 et
402 4024 458 4076 sap.
483 4009 527 4060 lin.
551 4025 568 4060 u
593 4026 626 4060 m.
651 4005 671 4059 2
700 4007 726 4060 V
774 4007 869 4060 fratris
887 4025 918 4060 ex
940 4005 1069 4060 afratrie
1087 4025 1121 4060 m.
1140 4005 1160 4058 2
1182 4007 1208 4060 V
1257 4005 1292 4060 de
1310 4005 1442 4060 thesaure

293 4113 342 4163 tuo
361 4128 391 4164 ee
407 4110 442 4164 de
460 4109 620 4165 thesaurum
638 4115 717 4164 tuum
736 4109 808 4164 m.2
831 4111 857 4164 Υ
904 4112 940 4164 22
956 4087 1111 4165 efflei⁸cerr
1137 4108 1204 4163 aa?
1221 4110 1247 4164 V
1284 4109 1441 4179 sirpianus

293 4195 360 4266 einr,
386 4214 442 4250 nou
474 4198 500 4251 V
548 4201 582 4252 23
600 4214 713 4268 reposce
732 4196 755 4266 (s
779 4199 807 4250 in
833 4195 898 4263 ras.)
925 4196 950 4246 R
977 4213 1091 4266 reposoe
1118 4216 1148 4250 ex
1173 4215 1286 4266 reposse
1313 4217 1346 4251 m.
1374 4196 1395 4249 2
1419 4197 1443 4250 V

293 4299 375 4336 eom.
399 4283 425 4336 V
473 4285 508 4337 24
525 4288 576 4348 xps
595 4288 623 4338 et
641 4283 719 4346 inops
743 4283 774 4336 Υ.
