3075 4967
297 304 361 370 850
639 304 757 358 sanati
779 304 916 358 Hilarii
934 303 1098 372 episcopi

296 496 436 575 praebeat
458 502 488 559 et
511 494 620 559 auibus
641 494 726 560 cibos
746 500 879 575 praestot,
895 493 969 577 quia
984 494 1023 558 ab
1039 512 1076 558 co
1091 492 1271 559 alimoniam
1287 494 1436 568 uniuersa

297 619 366 683 quar
389 598 514 677 creauit,
538 604 708 680 expectent
754 598 810 663 scd
834 596 902 662 haec
924 597 1028 661 omnia
1051 596 1230 681 diligentins
1252 598 1438 679 introspecta

295 701 529 787 significationis
552 703 678 769 alterius
701 702 848 768 uirtutem
871 703 903 766 in
926 720 960 766 se
984 700 1109 766 habant.

338 806 369 872 8.
394 807 516 873 Scimus
539 807 623 873 enim
648 826 716 873 essa
739 806 848 883 nubes,
872 806 984 903 quibus
1015 807 1101 882 dens,
1131 826 1171 870 nc
1201 827 1294 888 super
1316 806 1436 872 niueam

256 936 269 975 s
296 911 409 995 pluant,
432 912 567 990 mandat,
602 911 681 976 siout
713 930 771 991 par
805 909 931 975 Esaiam
966 910 1082 975 dotum
1105 916 1167 975 est:
1202 917 1243 975 et
1264 910 1437 976 nubibus

296 1016 502 1097 mandabo,
542 1034 587 1080 no
625 1015 769 1095 pluant
805 1034 926 1097 snper
964 1034 1050 1079 cam
1087 1014 1283 1095 pluuiam;
1322 1015 1437 1079 uinea

296 1119 400 1185 enim
430 1119 582 1184 domini
607 1116 789 1185 Sabaoth
823 1120 963 1186 domus
986 1117 1150 1184 Israhel
1180 1131 1252 1183 cst.
1296 1118 1437 1183 nouimus

225 1209 228 1215 ⁵
295 1224 402 1302 nubes,
437 1242 507 1307 qum
541 1244 605 1307 prae
639 1222 761 1307 fulgora
792 1223 857 1288 eius
880 1224 911 1287 iu
935 1229 1103 1302 conspectu
1125 1222 1241 1289 domini
1266 1229 1436 1288 transeunt:

295 1348 373 1409 prae
397 1326 568 1411 fulgora,
599 1328 707 1411 inquit.
742 1328 829 1392 eius
862 1328 902 1392 in
935 1336 1159 1407 conspectu
1192 1328 1282 1391 cius
1314 1328 1436 1391 nubes

243 1464 268 1500 ιο
296 1433 563 1498 transierunt.
610 1432 755 1497 nouimus
777 1431 884 1511 nubes,
908 1452 985 1515 quas
1008 1433 1085 1499 dous
1107 1431 1138 1496 in
1161 1451 1329 1496 ascensum
1352 1450 1436 1495 sunm

297 1537 412 1617 posuit:
447 1543 483 1602 ct
516 1537 653 1617 posuit
686 1538 831 1601 nubem
868 1555 1086 1601 ascensum
1124 1555 1245 1601 suum.
1299 1536 1436 1601 nouimus

294 1642 401 1719 nubes,
424 1642 463 1706 ad
487 1661 564 1725 quas
586 1661 685 1725 usquo
709 1642 758 1706 dci
781 1642 898 1706 ueritas
921 1646 985 1706 cst:
1020 1647 1207 1724 utusque
1237 1641 1284 1704 ad
1315 1641 1435 1705 nubas

294 1745 452 1810 ueritas
476 1752 550 1811 tua.
596 1751 626 1811 et
648 1744 705 1811 has
729 1744 970 1827 nubes-aliquot
984 1743 1060 1810 locis
1075 1751 1252 1809 sauctorum
1268 1744 1434 1808 doctrinam

295 1848 465 1933 significari
498 1852 575 1915 ratio
610 1848 750 1915 absoluta
785 1856 841 1928 est,
876 1870 944 1933 quae
981 1849 1086 1914 uetltae
1123 1848 1303 1913 infidelibus
1337 1847 1435 1929 pluere

243 1984 267 2021 rr
295 1953 416 2037 eloquia
439 1954 525 2019 arida
547 1954 709 2035 impiorum
725 1956 821 2019 corda
842 1974 903 2018 non
927 1954 1067 2037 irrigant
1111 1972 1190 2037 quar,
1209 1973 1281 2018 cum
1297 1953 1435 2017 dominus

296 2058 383 2136 adsit,
408 2078 478 2124 csse
501 2059 682 2124 cessabunt:
713 2064 746 2123 ut
775 2065 842 2123 orto
871 2057 937 2124 solo
960 2057 1119 2123 stellarum
1140 2056 1246 2122 lumen
1270 2055 1434 2132 hebetatur,

294 2163 337 2226 ita
359 2170 391 2228 ct
413 2163 560 2228 doctrinae
583 2162 709 2228 nubium
734 2164 861 2228 domino
882 2163 950 2244 ipso
973 2164 1035 2227 iam
1064 2182 1121 2243 per
1142 2181 1177 2227 sc
1199 2161 1341 2247 fulgente
1362 2182 1433 2242 prae

296 2272 425 2332 tcreunt.
470 2286 525 2348 per
541 2286 618 2351 quas
635 2248 727 2333 ctiam
747 2269 786 2332 ad
811 2268 973 2333 dominnm
996 2266 1221 2345 conscenditur,
1244 2267 1320 2331 dnm
1336 2265 1433 2330 diuina

295 2371 473 2452 praedicatio
495 2372 554 2437 iter
576 2371 666 2437 nobis
688 2372 777 2455 regni
801 2372 934 2437 celestis
956 2372 1106 2437 ostendit:
1129 2378 1161 2437 ct·
1182 2372 1252 2436 ideo
1268 2370 1319 2436 hac
1341 2370 1433 2434 nubes

243 2500 267 2538 ro
295 2466 384 2541 nobis
407 2476 514 2556 positae
537 2481 609 2540 aunt
632 2476 664 2540 in
686 2496 859 2542 assensum.
905 2477 1020 2541 ueritas
1043 2494 1169 2561 quoque
1198 2476 1249 2540 dei
1279 2474 1433 2558 usquead

294 2570 393 2645 nubes
427 2581 554 2645 easdem
589 2587 644 2657 est,
679 2581 751 2663 quia
783 2581 815 2645 iu
850 2601 884 2646 se
918 2601 1025 2646 ueram
1057 2581 1108 2645 dei
1137 2579 1345 2664 cognitionem
1366 2578 1429 2643 hauc

295 2684 432 2748 doctrina
453 2682 635 2765 prophetica
659 2686 804 2750 continet.

338 2786 366 2851 9.
393 2787 468 2852 Haec
492 2808 566 2873 ergo
589 2789 629 2853 ad
648 2789 974 2854 commemorationem
997 2789 1047 2854 dci
1071 2788 1208 2853 laudium
1231 2796 1431 2853 ercamrarum

295 2910 411 2974 genera
434 2890 531 2957 electa
555 2904 633 2970 sunt,
657 2912 734 2977 quae,
751 2910 818 2958 cum
843 2893 1029 2972 praeconium
1053 2892 1086 2956 in
1109 2912 1144 2957 se
1165 2892 1315 2958 creatoris
1336 2897 1430 2955 ostan-

243 3018 268 3055 rr
295 2994 413 3071 deront,
431 2994 637 3075 parabolicam
656 3004 768 3075 lamen,
785 2997 860 3074 siue,
876 3003 910 3061 ut
924 2995 1082 3078 apostolus
1097 2996 1149 3073 ait,
1172 2995 1428 3081 allegorumenam

295 3098 383 3163 nobis
418 3099 592 3164 doctrinam
628 3102 672 3163 ita
709 3110 951 3166 commemorata
987 3102 1171 3181 preberent.
1216 3099 1327 3165 carlum
1361 3118 1428 3181 ergo

295 3202 429 3269 nubibus
445 3204 625 3288 subtegitur,
649 3205 680 3269 id
701 3210 748 3271 est
771 3204 952 3288 prophetica
967 3205 1106 3271 doctrina
1122 3204 1214 3270 rebus
1236 3212 1287 3271 ost
1301 3204 1427 3269 subiecta

295 3306 416 3373 diuinis.
462 3306 564 3389 pluuia
597 3309 688 3373 terris
722 3308 902 3387 infunditur,
938 3309 1058 3393 eloquia
1092 3308 1210 3374 scilicet
1232 3307 1342 3373 harum
1362 3308 1426 3371 sub

295 3417 448 3477 tartarum
478 3413 605 3477 nubium
629 3412 865 3493 profunduntur,
888 3434 945 3494 per
967 3433 1036 3496 quae
1058 3413 1239 3479 infructuosi
1264 3413 1322 3493 ipsi
1342 3420 1425 3495 atquc

338 3603 446 3657 susat.
465 3602 495 3669 r,
514 3606 538 3657 a.
575 3604 652 3657 ora.
671 3604 757 3671 xuu,
779 3608 818 3658 ra.
856 3607 887 3658 11
907 3604 949 3657 Pr.
969 3604 1039 3671 our,
1057 3607 1082 3657 a.
1120 3608 1153 3659 ro
1170 3606 1212 3657 Pr.
1232 3605 1303 3664 nur,
1324 3608 1360 3657 n.

340 3759 450 3814 laibos
469 3779 499 3814 ez
516 3760 585 3814 cibis
610 3780 642 3815 m.
663 3762 678 3813 1
697 3762 723 3815 R
775 3764 877 3831 8p1ae
904 3762 1029 3831 fulgorus
1048 3762 1074 3815 R
1130 3764 1162 3816 10
1179 3778 1248 3831 quas
1274 3780 1305 3815 cc
1329 3756 1423 3829 quali

296 3849 328 3900 13
347 3847 454 3915 aliquot
481 3866 511 3900 ex
537 3848 649 3917 aliquod
676 3850 702 3901 R
757 3852 789 3903 15
808 3848 935 3917 aeloquia
963 3849 989 3902 R
1016 3848 1067 3914 (dn
1092 3859 1121 3901 at
1147 3866 1231 3902 occas
1257 3866 1313 3902 cnm
1339 3847 1421 3916 pluam

294 3936 485 4003 coniungendas
510 3937 550 4000 sit,
577 3937 612 4004 cf.
640 3938 703 3989 Abla
732 3936 783 3999 11⁷,
812 3935 848 3988 73
874 3936 984 4004 eloquio
1008 3936 1037 3988 E
1093 3935 1213 4004 irrigant
1239 3936 1266 3989 R
1292 3935 1379 4004 rigant
1400 3930 1423 3981 E

295 4022 328 4074 16
346 4021 456 4074 solacR
508 4020 706 4077 haebctstnrlt
760 4025 793 4074 17
812 4023 1109 4077 doctrinaeEd.BariI.
1129 4022 1207 4076 1550
1221 4033 1246 4076 et
1261 4024 1343 4075 Poris.
1358 4014 1421 4072 157?

294 4106 422 4161 doctrina
441 4109 467 4161 R
518 4114 696 4177 praetercunt
715 4128 727 4163 e
745 4115 902 4178 praetereat
920 4111 946 4163 R
963 4110 996 4173 cf.
1014 4111 1080 4163 Aba
1097 4110 1149 4172 Ν,
1169 4110 1203 4162 74
1255 4113 1290 4164 23
1313 4106 1419 4162 laudium

295 4195 321 4246 R
338 4195 372 4262 cf.
393 4194 466 4247 Nouo
485 4196 614 4249 Fomenl.
635 4197 657 4262 I,
676 4195 903 4250 2721audums
952 4197 1262 4266 tiballagoruminamR
1312 4198 1345 4249 28
1360 4191 1419 4246 nalo

295 4280 360 4345 quia
380 4282 404 4331 R
457 4283 647 4336 subtextarum
666 4284 691 4336 R
709 4284 898 4337 subtectarum
918 4284 950 4336 E.
