<?xml version="1.0" encoding="UTF-8"?>
<!DOCTYPE html PUBLIC "-//W3C//DTD XHTML 1.0 Transitional//EN"
    "http://www.w3.org/TR/xhtml1/DTD/xhtml1-transitional.dtd">
<html xmlns="http://www.w3.org/1999/xhtml" xml:lang="en" lang="en">
 <head>
  <title>
</title>
<meta http-equiv="Content-Type" content="text/html;charset=utf-8" />
  <meta name='ocr-system' content='tesseract 3.04.00' />
  <meta name='ocr-capabilities' content='ocr_page ocr_carea ocr_par ocr_line ocrx_word'/>
</head>
<body>
  <div class='ocr_page' id='page_1' title='image "./corpusscriptoru23wiengoog_0235.png"; bbox 0 0 3075 4967; ppageno 0'>
   <div class='ocr_carea' id='block_1_1' title="bbox 419 278 1246 350">
    <p class='ocr_par' dir='ltr' id='par_1_1' title="bbox 419 278 1246 350">
     <span class='ocr_line' id='line_1_1' title="bbox 419 278 1246 350; baseline 0.01 -16"><span class='ocrx_word' id='word_1_1' title='bbox 419 290 600 337; x_wconf 82' lang='lat' dir='ltr'>tractatus</span> <span class='ocrx_word' id='word_1_2' title='bbox 624 283 657 335; x_wconf 88' lang='lat' dir='ltr'>in</span> <span class='ocrx_word' id='word_1_3' title='bbox 684 282 853 350; x_wconf 87' lang='lat' dir='ltr'>psalmum</span> <span class='ocrx_word' id='word_1_4' title='bbox 879 281 935 334; x_wconf 85' lang='lat' dir='ltr'>LX.</span> <span class='ocrx_word' id='word_1_5' title='bbox 1184 278 1246 342; x_wconf 77' lang='lat'>205</span> 
     </span>
    </p>
   </div>
   <div class='ocr_carea' id='block_1_2' title="bbox 142 468 1299 973">
    <p class='ocr_par' dir='ltr' id='par_1_2' title="bbox 142 468 1247 867">
     <span class='ocr_line' id='line_1_2' title="bbox 142 468 1244 553; baseline -0.004 -15"><span class='ocrx_word' id='word_1_6' title='bbox 142 474 241 538; x_wconf 87' lang='lat' dir='ltr'>insidias</span> <span class='ocrx_word' id='word_1_7' title='bbox 265 474 451 538; x_wconf 74' lang='lat' dir='ltr'><strong>sustinemus</strong></span> <span class='ocrx_word' id='word_1_8' title='bbox 482 473 637 538; x_wconf 86' lang='lat' dir='ltr'>tutissima</span> <span class='ocrx_word' id='word_1_9' title='bbox 659 470 823 536; x_wconf 88' lang='lat' dir='ltr'>aduersum</span> <span class='ocrx_word' id='word_1_10' title='bbox 848 489 919 534; x_wconf 91' lang='lat' dir='ltr'>eum</span> <span class='ocrx_word' id='word_1_11' title='bbox 942 468 1157 553; x_wconf 74' lang='lat' dir='ltr'>spiritalesque</span> <span class='ocrx_word' id='word_1_12' title='bbox 1179 470 1244 534; x_wconf 88' lang='lat' dir='ltr'>sius</span> 
     </span>
     <span class='ocr_line' id='line_1_3' title="bbox 142 572 1246 660; baseline -0.002 -20"><span class='ocrx_word' id='word_1_13' title='bbox 142 577 265 660; x_wconf 72' lang='lat' dir='ltr'>nequitias</span> <span class='ocrx_word' id='word_1_14' title='bbox 293 575 367 642; x_wconf 86' lang='lat' dir='ltr'>fidei</span> <span class='ocrx_word' id='word_1_15' title='bbox 405 577 572 642; x_wconf 90' lang='lat' dir='ltr'>munitione</span> <span class='ocrx_word' id='word_1_16' title='bbox 609 575 763 655; x_wconf 79' lang='lat' dir='ltr'>consepti:</span> <span class='ocrx_word' id='word_1_17' title='bbox 801 593 871 640; x_wconf 90' lang='lat' dir='ltr'>eum</span> <span class='ocrx_word' id='word_1_18' title='bbox 907 573 937 637; x_wconf 94' lang='lat' dir='ltr'>in</span> <span class='ocrx_word' id='word_1_19' title='bbox 972 572 1167 638; x_wconf 81' lang='lat' dir='ltr'>tabernaculo</span> <span class='ocrx_word' id='word_1_20' title='bbox 1198 573 1246 638; x_wconf 87' lang='lat' dir='ltr'>dei</span> 
     </span>
     <span class='ocr_line' id='line_1_4' title="bbox 143 677 1247 757; baseline -0.003 -13"><span class='ocrx_word' id='word_1_21' title='bbox 143 680 274 746; x_wconf 69' lang='lat' dir='ltr'>habitaturi</span> <span class='ocrx_word' id='word_1_22' title='bbox 298 682 396 747; x_wconf 89' lang='lat' dir='ltr'>simus</span> <span class='ocrx_word' id='word_1_23' title='bbox 418 681 448 746; x_wconf 92' lang='lat' dir='ltr'>io</span> <span class='ocrx_word' id='word_1_24' title='bbox 473 679 594 757; x_wconf 76' lang='lat' dir='ltr'>sabula,</span> <span class='ocrx_word' id='word_1_25' title='bbox 628 680 696 745; x_wconf 88' lang='lat' dir='ltr'>sine</span> <span class='ocrx_word' id='word_1_26' title='bbox 729 677 790 742; x_wconf 92' lang='lat' dir='ltr'>ullo</span> <span class='ocrx_word' id='word_1_27' title='bbox 823 677 942 744; x_wconf 87' lang='lat' dir='ltr'>soilioet</span> <span class='ocrx_word' id='word_1_28' title='bbox 970 678 1070 744; x_wconf 85' lang='lat' dir='ltr'>aetatis</span> <span class='ocrx_word' id='word_1_29' title='bbox 1100 678 1193 742; x_wconf 91' lang='lat' dir='ltr'>modo</span> <span class='ocrx_word' id='word_1_30' title='bbox 1214 677 1247 741; x_wconf 93' lang='lat' dir='ltr'>in</span> 
     </span>
     <span class='ocr_line' id='line_1_5' title="bbox 142 782 1028 867; baseline -0.003 -19"><span class='ocrx_word' id='word_1_31' title='bbox 142 791 259 850; x_wconf 84' lang='lat' dir='ltr'>aternum</span> <span class='ocrx_word' id='word_1_32' title='bbox 280 784 444 850; x_wconf 87' lang='lat' dir='ltr'>fluentibus</span> <span class='ocrx_word' id='word_1_33' title='bbox 466 783 585 850; x_wconf 80' lang='lat' dir='ltr'>saeculis</span> <span class='ocrx_word' id='word_1_34' title='bbox 608 783 858 867; x_wconf 78' lang='lat' dir='ltr'>temporibusque</span> <span class='ocrx_word' id='word_1_35' title='bbox 882 782 1028 848; x_wconf 89' lang='lat' dir='ltr'>mansuri.</span> 
     </span>
    </p>

    <p class='ocr_par' dir='ltr' id='par_1_3' title="bbox 173 885 1299 973">
     <span class='ocr_line' id='line_1_6' title="bbox 173 885 1299 973; baseline 0.002 -23"><span class='ocrx_word' id='word_1_36' title='bbox 173 889 196 951; x_wconf 87' lang='lat' dir='ltr'>l.</span> <span class='ocrx_word' id='word_1_37' title='bbox 216 888 262 955; x_wconf 88' lang='lat' dir='ltr'>Set</span> <span class='ocrx_word' id='word_1_38' title='bbox 293 890 365 973; x_wconf 88' lang='lat' dir='ltr'>quia</span> <span class='ocrx_word' id='word_1_39' title='bbox 397 888 472 966; x_wconf 78' lang='lat' dir='ltr'>bae,</span> <span class='ocrx_word' id='word_1_40' title='bbox 507 887 649 971; x_wconf 86' lang='lat' dir='ltr'>quamuis</span> <span class='ocrx_word' id='word_1_41' title='bbox 683 907 738 968; x_wconf 88' lang='lat' dir='ltr'>spe</span> <span class='ocrx_word' id='word_1_42' title='bbox 767 889 901 969; x_wconf 89' lang='lat' dir='ltr'>reposita</span> <span class='ocrx_word' id='word_1_43' title='bbox 935 887 997 951; x_wconf 92' lang='lat' dir='ltr'>iam</span> <span class='ocrx_word' id='word_1_44' title='bbox 1027 886 1143 951; x_wconf 87' lang='lat' dir='ltr'>sanetis</span> <span class='ocrx_word' id='word_1_45' title='bbox 1177 885 1247 962; x_wconf 88' lang='lat' dir='ltr'>sint,</span> <span class='ocrx_word' id='word_1_46' title='bbox 1286 915 1299 952; x_wconf 77' lang='lat' dir='ltr'>a</span> 
     </span>
    </p>
   </div>
   <div class='ocr_carea' id='block_1_3' title="bbox 32 970 1247 1176">
    <p class='ocr_par' dir='ltr' id='par_1_4' title="bbox 32 970 1247 1176">
     <span class='ocr_line' id='line_1_7' title="bbox 32 970 1247 1074; baseline -0.001 -20"><span class='ocrx_word' id='word_1_47' title='bbox 32 970 33 977; x_wconf 7' lang='grc' dir='ltr'>ἵ</span> <span class='ocrx_word' id='word_1_48' title='bbox 141 1007 221 1056; x_wconf 88' lang='lat' dir='ltr'>temen</span> <span class='ocrx_word' id='word_1_49' title='bbox 239 991 335 1058; x_wconf 87' lang='lat' dir='ltr'>adhue</span> <span class='ocrx_word' id='word_1_50' title='bbox 358 993 416 1058; x_wconf 93' lang='lat' dir='ltr'>snb</span> <span class='ocrx_word' id='word_1_51' title='bbox 429 991 661 1073; x_wconf 79' lang='lat' dir='ltr'>dispensatione</span> <span class='ocrx_word' id='word_1_52' title='bbox 676 996 850 1072; x_wconf 88' lang='lat' dir='ltr'>temporum</span> <span class='ocrx_word' id='word_1_53' title='bbox 867 989 1056 1068; x_wconf 83' lang='lat' dir='ltr'>differantur,</span> <span class='ocrx_word' id='word_1_54' title='bbox 1072 1009 1133 1074; x_wconf 88' lang='lat' dir='ltr'>qua</span> <span class='ocrx_word' id='word_1_55' title='bbox 1148 989 1247 1054; x_wconf 90' lang='lat' dir='ltr'>muni·</span> 
     </span>
     <span class='ocr_line' id='line_1_8' title="bbox 32 1093 1243 1176; baseline -0.002 -17"><span class='ocrx_word' id='word_1_56' title='bbox 32 1166 33 1169; x_wconf 8' lang='grc' dir='ltr'><strong>Ἴ</strong></span> <span class='ocrx_word' id='word_1_57' title='bbox 142 1095 203 1160; x_wconf 86' lang='lat' dir='ltr'>tione</span> <span class='ocrx_word' id='word_1_58' title='bbox 221 1097 337 1162; x_wconf 86' lang='lat' dir='ltr'>interim</span> <span class='ocrx_word' id='word_1_59' title='bbox 362 1102 443 1161; x_wconf 90' lang='lat' dir='ltr'>tutus</span> <span class='ocrx_word' id='word_1_60' title='bbox 466 1097 514 1174; x_wconf 90' lang='lat' dir='ltr'>sit,</span> <span class='ocrx_word' id='word_1_61' title='bbox 537 1096 697 1161; x_wconf 74' lang='lat' dir='ltr'>interiecto</span> <span class='ocrx_word' id='word_1_62' title='bbox 712 1093 886 1176; x_wconf 76' lang='lat' dir='ltr'>diapsalma</span> <span class='ocrx_word' id='word_1_63' title='bbox 912 1094 1103 1159; x_wconf 88' lang='lat' dir='ltr'>demonstrat</span> <span class='ocrx_word' id='word_1_64' title='bbox 1126 1093 1243 1159; x_wconf 87' lang='lat' dir='ltr'>dicens:</span> 
     </span>
    </p>
   </div>
   <div class='ocr_carea' id='block_1_4' title="bbox 141 1198 1246 1285">
    <p class='ocr_par' dir='ltr' id='par_1_5' title="bbox 32 1190 1246 1295">
     <span class='ocr_line' id='line_1_9' title="bbox 141 1198 1246 1285; baseline -0.002 -23.18"><span class='ocrx_word' id='word_1_65' title='bbox 141 1206 302 1285; x_wconf 83' lang='lat' dir='ltr'>protegar</span> <span class='ocrx_word' id='word_1_66' title='bbox 323 1203 362 1264; x_wconf 95' lang='lat' dir='ltr'>in</span> <span class='ocrx_word' id='word_1_67' title='bbox 386 1199 616 1266; x_wconf 89' lang='lat' dir='ltr'>uelamento</span> <span class='ocrx_word' id='word_1_68' title='bbox 639 1199 792 1264; x_wconf 88' lang='lat' dir='ltr'>alarum</span> <span class='ocrx_word' id='word_1_69' title='bbox 817 1198 1246 1283; x_wconf 80' lang='lat' dir='ltr'>tuarum‚quoniamtn‚</span> 
     </span>
    </p>
   </div>
   <div class='ocr_carea' id='block_1_5' title="bbox 32 1301 1247 1383">
    <p class='ocr_par' dir='ltr' id='par_1_6' title="bbox 32 1301 1247 1383">
     <span class='ocr_line' id='line_1_10' title="bbox 32 1301 1247 1383; baseline -0.003 -17"><span class='ocrx_word' id='word_1_70' title='bbox 32 1304 33 1311; x_wconf 77' lang='grc'>’</span> <span class='ocrx_word' id='word_1_71' title='bbox 140 1303 433 1370; x_wconf 84' lang='lat' dir='ltr'>deuaeraudisti</span> <span class='ocrx_word' id='word_1_72' title='bbox 458 1304 686 1368; x_wconf 84' lang='lat' dir='ltr'>orationem</span> <span class='ocrx_word' id='word_1_73' title='bbox 710 1323 843 1368; x_wconf 92' lang='lat' dir='ltr'>meam.</span> <span class='ocrx_word' id='word_1_74' title='bbox 890 1303 1109 1383; x_wconf 79' lang='lat' dir='ltr'>protectionem</span> <span class='ocrx_word' id='word_1_75' title='bbox 1128 1301 1247 1366; x_wconf 89' lang='lat' dir='ltr'>miseri·</span> 
     </span>
    </p>
   </div>
   <div class='ocr_carea' id='block_1_6' title="bbox 130 1404 1301 2219">
    <p class='ocr_par' dir='ltr' id='par_1_7' title="bbox 130 1404 1299 1802">
     <span class='ocr_line' id='line_1_11' title="bbox 130 1404 1299 1494; baseline 0.002 -25"><span class='ocrx_word' id='word_1_76' title='bbox 130 1408 227 1494; x_wconf 14' lang='lat' dir='ltr'>*cordia</span> <span class='ocrx_word' id='word_1_77' title='bbox 247 1410 291 1473; x_wconf 93' lang='lat' dir='ltr'>dei</span> <span class='ocrx_word' id='word_1_78' title='bbox 315 1409 373 1474; x_wconf 93' lang='lat' dir='ltr'>sub</span> <span class='ocrx_word' id='word_1_79' title='bbox 395 1407 571 1474; x_wconf 90' lang='lat' dir='ltr'>uelamento</span> <span class='ocrx_word' id='word_1_80' title='bbox 594 1407 713 1473; x_wconf 89' lang='lat' dir='ltr'>alarum</span> <span class='ocrx_word' id='word_1_81' title='bbox 742 1409 865 1472; x_wconf 88' lang='lat' dir='ltr'>diuinus</span> <span class='ocrx_word' id='word_1_82' title='bbox 896 1426 997 1472; x_wconf 87' lang='lat' dir='ltr'>sermo</span> <span class='ocrx_word' id='word_1_83' title='bbox 1021 1404 1185 1490; x_wconf 84' lang='lat' dir='ltr'>signifieat,</span> <span class='ocrx_word' id='word_1_84' title='bbox 1209 1405 1247 1468; x_wconf 92' lang='lat' dir='ltr'>de</span> <span class='ocrx_word' id='word_1_85' title='bbox 1275 1436 1299 1471; x_wconf 81' lang='grc' dir='ltr'>ιο</span> 
     </span>
     <span class='ocr_line' id='line_1_12' title="bbox 139 1509 1248 1598; baseline -0.002 -24"><span class='ocrx_word' id='word_1_86' title='bbox 139 1528 184 1592; x_wconf 89' lang='lat' dir='ltr'>qno</span> <span class='ocrx_word' id='word_1_87' title='bbox 203 1514 264 1596; x_wconf 87' lang='lat' dir='ltr'>qnia</span> <span class='ocrx_word' id='word_1_88' title='bbox 285 1513 494 1598; x_wconf 90' lang='lat' dir='ltr'>superioribus</span> <span class='ocrx_word' id='word_1_89' title='bbox 517 1518 679 1578; x_wconf 83' lang='lat' dir='ltr'>tractatum</span> <span class='ocrx_word' id='word_1_90' title='bbox 703 1518 758 1586; x_wconf 88' lang='lat' dir='ltr'>est,</span> <span class='ocrx_word' id='word_1_91' title='bbox 782 1511 954 1592; x_wconf 89' lang='lat' dir='ltr'>superfluus</span> <span class='ocrx_word' id='word_1_92' title='bbox 977 1529 1058 1576; x_wconf 88' lang='lat' dir='ltr'>nuno</span> <span class='ocrx_word' id='word_1_93' title='bbox 1082 1517 1112 1574; x_wconf 91' lang='lat' dir='ltr'>et</span> <span class='ocrx_word' id='word_1_94' title='bbox 1134 1509 1248 1574; x_wconf 86' lang='lat' dir='ltr'>otiosus</span> 
     </span>
     <span class='ocr_line' id='line_1_13' title="bbox 138 1611 1246 1699; baseline -0.003 -22"><span class='ocrx_word' id='word_1_95' title='bbox 138 1615 183 1678; x_wconf 88' lang='lat' dir='ltr'>erit</span> <span class='ocrx_word' id='word_1_96' title='bbox 199 1636 299 1682; x_wconf 91' lang='lat' dir='ltr'>sermo.</span> <span class='ocrx_word' id='word_1_97' title='bbox 345 1619 401 1683; x_wconf 87' lang='lat' dir='ltr'>sed</span> <span class='ocrx_word' id='word_1_98' title='bbox 423 1617 622 1699; x_wconf 80' lang='lat' dir='ltr'>protectionis</span> <span class='ocrx_word' id='word_1_99' title='bbox 644 1616 789 1682; x_wconf 89' lang='lat' dir='ltr'>meritum</span> <span class='ocrx_word' id='word_1_100' title='bbox 806 1637 843 1682; x_wconf 86' lang='lat' dir='ltr'>err</span> <span class='ocrx_word' id='word_1_101' title='bbox 859 1615 921 1680; x_wconf 90' lang='lat' dir='ltr'>fide</span> <span class='ocrx_word' id='word_1_102' title='bbox 937 1615 1081 1680; x_wconf 89' lang='lat' dir='ltr'>orationis</span> <span class='ocrx_word' id='word_1_103' title='bbox 1097 1611 1246 1678; x_wconf 90' lang='lat' dir='ltr'>indultum</span> 
     </span>
     <span class='ocr_line' id='line_1_14' title="bbox 137 1719 1015 1802; baseline 0.001 -21"><span class='ocrx_word' id='word_1_104' title='bbox 137 1723 347 1787; x_wconf 85' lang='lat' dir='ltr'>ertsocundum</span> <span class='ocrx_word' id='word_1_105' title='bbox 372 1720 463 1786; x_wconf 90' lang='lat' dir='ltr'>illud:</span> <span class='ocrx_word' id='word_1_106' title='bbox 486 1722 619 1802; x_wconf 87' lang='lat' dir='ltr'>petite</span> <span class='ocrx_word' id='word_1_107' title='bbox 642 1725 682 1785; x_wconf 90' lang='lat' dir='ltr'>et</span> <span class='ocrx_word' id='word_1_108' title='bbox 704 1721 867 1785; x_wconf 89' lang='lat' dir='ltr'>dabitur</span> <span class='ocrx_word' id='word_1_109' title='bbox 889 1719 1015 1784; x_wconf 90' lang='lat' dir='ltr'>uobis.</span> 
     </span>
    </p>

    <p class='ocr_par' dir='ltr' id='par_1_8' title="bbox 135 1821 1301 2219">
     <span class='ocr_line' id='line_1_15' title="bbox 170 1821 1248 1908; baseline -0.002 -23"><span class='ocrx_word' id='word_1_110' title='bbox 170 1822 192 1886; x_wconf 78' lang='lat'>5.</span> <span class='ocrx_word' id='word_1_111' title='bbox 213 1823 284 1904; x_wconf 81' lang='lat' dir='ltr'>Quin</span> <span class='ocrx_word' id='word_1_112' title='bbox 308 1827 463 1890; x_wconf 85' lang='lat' dir='ltr'>etiamad</span> <span class='ocrx_word' id='word_1_113' title='bbox 487 1845 580 1908; x_wconf 90' lang='lat' dir='ltr'>quam</span> <span class='ocrx_word' id='word_1_114' title='bbox 605 1844 694 1906; x_wconf 88' lang='lat' dir='ltr'>spem</span> <span class='ocrx_word' id='word_1_115' title='bbox 724 1824 913 1905; x_wconf 80' lang='lat' dir='ltr'>protectione</span> <span class='ocrx_word' id='word_1_116' title='bbox 936 1823 1051 1888; x_wconf 88' lang='lat' dir='ltr'>alamm</span> <span class='ocrx_word' id='word_1_117' title='bbox 1077 1823 1127 1886; x_wconf 89' lang='lat' dir='ltr'>dei</span> <span class='ocrx_word' id='word_1_118' title='bbox 1150 1821 1248 1884; x_wconf 93' lang='lat' dir='ltr'>inum·</span> 
     </span>
     <span class='ocr_line' id='line_1_16' title="bbox 135 1924 1301 2006; baseline 0.005 -19"><span class='ocrx_word' id='word_1_119' title='bbox 135 1925 245 1992; x_wconf 87' lang='lat' dir='ltr'>brandus</span> <span class='ocrx_word' id='word_1_120' title='bbox 280 1935 377 2006; x_wconf 89' lang='lat' dir='ltr'>esset,</span> <span class='ocrx_word' id='word_1_121' title='bbox 423 1929 559 1994; x_wconf 91' lang='lat' dir='ltr'>ostendit</span> <span class='ocrx_word' id='word_1_122' title='bbox 604 1928 725 1994; x_wconf 82' lang='lat' dir='ltr'>dicens:</span> <span class='ocrx_word' id='word_1_123' title='bbox 772 1927 926 1994; x_wconf 85' lang='lat' dir='ltr'>dedisti</span> <span class='ocrx_word' id='word_1_124' title='bbox 971 1924 1246 1990; x_wconf 86' lang='lat' dir='ltr'>hereditatem</span> <span class='ocrx_word' id='word_1_125' title='bbox 1276 1953 1301 1994; x_wconf 80' lang='lat' dir='ltr'>rs</span> 
     </span>
     <span class='ocr_line' id='line_1_17' title="bbox 136 2029 1248 2112; baseline 0.003 -22"><span class='ocrx_word' id='word_1_126' title='bbox 136 2030 351 2098; x_wconf 87' lang='lat' dir='ltr'>timentibus</span> <span class='ocrx_word' id='word_1_127' title='bbox 386 2052 526 2098; x_wconf 90' lang='lat' dir='ltr'>nomen</span> <span class='ocrx_word' id='word_1_128' title='bbox 569 2039 685 2098; x_wconf 89' lang='lat' dir='ltr'>tuum.</span> <span class='ocrx_word' id='word_1_129' title='bbox 731 2032 819 2097; x_wconf 87' lang='lat' dir='ltr'>dies</span> <span class='ocrx_word' id='word_1_130' title='bbox 858 2049 977 2110; x_wconf 85' lang='lat' dir='ltr'>super</span> <span class='ocrx_word' id='word_1_131' title='bbox 1015 2029 1103 2094; x_wconf 88' lang='lat' dir='ltr'>diss</span> <span class='ocrx_word' id='word_1_132' title='bbox 1137 2029 1248 2112; x_wconf 84' lang='lat' dir='ltr'>regis</span> 
     </span>
     <span class='ocr_line' id='line_1_18' title="bbox 137 2133 1248 2219; baseline 0.001 -24"><span class='ocrx_word' id='word_1_133' title='bbox 137 2133 531 2213; x_wconf 76' lang='lat' dir='ltr'>adiciesannoseius</span> <span class='ocrx_word' id='word_1_134' title='bbox 555 2137 742 2219; x_wconf 87' lang='lat' dir='ltr'>usquein</span> <span class='ocrx_word' id='word_1_135' title='bbox 767 2135 871 2200; x_wconf 91' lang='lat' dir='ltr'>diem</span> <span class='ocrx_word' id='word_1_136' title='bbox 902 2133 1187 2218; x_wconf 79' lang='lat' dir='ltr'>generationis</span> <span class='ocrx_word' id='word_1_137' title='bbox 1211 2139 1248 2197; x_wconf 92' lang='lat' dir='ltr'>et</span> 
     </span>
    </p>
   </div>
   <div class='ocr_carea' id='block_1_7' title="bbox 32 2239 1300 2527">
    <p class='ocr_par' dir='ltr' id='par_1_9' title="bbox 32 2239 1300 2527">
     <span class='ocr_line' id='line_1_19' title="bbox 32 2239 1248 2320; baseline -0.002 -17"><span class='ocrx_word' id='word_1_138' title='bbox 32 2296 33 2303; x_wconf 74' lang='grc'>,</span> <span class='ocrx_word' id='word_1_139' title='bbox 138 2241 402 2317; x_wconf 84' lang='lat' dir='ltr'>generationis.</span> <span class='ocrx_word' id='word_1_140' title='bbox 448 2241 723 2320; x_wconf 91' lang='lat' dir='ltr'>permanetin</span> <span class='ocrx_word' id='word_1_141' title='bbox 746 2247 936 2304; x_wconf 78' lang='lat' dir='ltr'>aternum</span> <span class='ocrx_word' id='word_1_142' title='bbox 967 2239 1003 2303; x_wconf 95' lang='lat' dir='ltr'>in</span> <span class='ocrx_word' id='word_1_143' title='bbox 1028 2243 1248 2319; x_wconf 88' lang='lat' dir='ltr'>eonspeetu</span> 
     </span>
     <span class='ocr_line' id='line_1_20' title="bbox 32 2339 1250 2422; baseline 0.001 -19"><span class='ocrx_word' id='word_1_144' title='bbox 32 2386 33 2389; x_wconf 63' lang='lat'>,</span> <span class='ocrx_word' id='word_1_145' title='bbox 138 2339 195 2404; x_wconf 89' lang='lat' dir='ltr'>dei.</span> <span class='ocrx_word' id='word_1_146' title='bbox 232 2343 293 2410; x_wconf 81' lang='lat' dir='ltr'>baeo</span> <span class='ocrx_word' id='word_1_147' title='bbox 325 2345 407 2410; x_wconf 92' lang='lat' dir='ltr'>enim</span> <span class='ocrx_word' id='word_1_148' title='bbox 442 2344 599 2410; x_wconf 87' lang='lat' dir='ltr'>hereditas</span> <span class='ocrx_word' id='word_1_149' title='bbox 632 2345 730 2410; x_wconf 90' lang='lat' dir='ltr'>saneti</span> <span class='ocrx_word' id='word_1_150' title='bbox 764 2349 820 2420; x_wconf 85' lang='lat' dir='ltr'>est,</span> <span class='ocrx_word' id='word_1_151' title='bbox 853 2343 916 2408; x_wconf 91' lang='lat' dir='ltr'>uita</span> <span class='ocrx_word' id='word_1_152' title='bbox 946 2349 977 2408; x_wconf 89' lang='lat' dir='ltr'>et</span> <span class='ocrx_word' id='word_1_153' title='bbox 1010 2341 1195 2422; x_wconf 88' lang='lat' dir='ltr'>ineorruptio</span> <span class='ocrx_word' id='word_1_154' title='bbox 1218 2346 1250 2406; x_wconf 90' lang='lat' dir='ltr'>et</span> 
     </span>
     <span class='ocr_line' id='line_1_21' title="bbox 32 2442 1300 2527; baseline 0.002 -20"><span class='ocrx_word' id='word_1_155' title='bbox 32 2508 33 2523; x_wconf 29' lang='lat'><em>2</em></span> <span class='ocrx_word' id='word_1_156' title='bbox 138 2462 243 2527; x_wconf 78' lang='lat' dir='ltr'>regnum</span> <span class='ocrx_word' id='word_1_157' title='bbox 264 2455 295 2514; x_wconf 88' lang='lat' dir='ltr'>et</span> <span class='ocrx_word' id='word_1_158' title='bbox 317 2454 469 2514; x_wconf 81' lang='lat' dir='ltr'>eoaeterna</span> <span class='ocrx_word' id='word_1_159' title='bbox 499 2451 557 2514; x_wconf 90' lang='lat' dir='ltr'>deo</span> <span class='ocrx_word' id='word_1_160' title='bbox 581 2447 738 2513; x_wconf 88' lang='lat' dir='ltr'>habitatio.</span> <span class='ocrx_word' id='word_1_161' title='bbox 784 2467 844 2512; x_wconf 90' lang='lat' dir='ltr'>non</span> <span class='ocrx_word' id='word_1_162' title='bbox 878 2444 996 2511; x_wconf 85' lang='lat' dir='ltr'>Israhel</span> <span class='ocrx_word' id='word_1_163' title='bbox 1032 2451 1150 2510; x_wconf 90' lang='lat' dir='ltr'>tantum</span> <span class='ocrx_word' id='word_1_164' title='bbox 1181 2442 1249 2508; x_wconf 78' lang='lat' dir='ltr'>haeo</span> <span class='ocrx_word' id='word_1_165' title='bbox 1275 2473 1300 2510; x_wconf 78' lang='lat' dir='ltr'>ao</span> 
     </span>
    </p>
   </div>
   <div class='ocr_carea' id='block_1_8' title="bbox 32 2544 1299 3053">
    <p class='ocr_par' dir='ltr' id='par_1_10' title="bbox 32 2544 1299 3053">
     <span class='ocr_line' id='line_1_22' title="bbox 32 2544 1247 2634; baseline 0.002 -25"><span class='ocrx_word' id='word_1_166' title='bbox 32 2586 33 2589; x_wconf 58' lang='lat'><em>=</em></span> <span class='ocrx_word' id='word_1_167' title='bbox 137 2544 263 2617; x_wconf 81' lang='lat' dir='ltr'>hereditas</span> <span class='ocrx_word' id='word_1_168' title='bbox 297 2554 412 2634; x_wconf 78' lang='lat' dir='ltr'>scripta</span> <span class='ocrx_word' id='word_1_169' title='bbox 441 2559 497 2630; x_wconf 75' lang='lat' dir='ltr'>eat,</span> <span class='ocrx_word' id='word_1_170' title='bbox 531 2553 587 2616; x_wconf 93' lang='lat' dir='ltr'>sed</span> <span class='ocrx_word' id='word_1_171' title='bbox 612 2552 791 2617; x_wconf 88' lang='lat' dir='ltr'>timentibus</span> <span class='ocrx_word' id='word_1_172' title='bbox 826 2553 874 2616; x_wconf 91' lang='lat' dir='ltr'>dei</span> <span class='ocrx_word' id='word_1_173' title='bbox 909 2568 1030 2616; x_wconf 89' lang='lat' dir='ltr'>nomen.</span> <span class='ocrx_word' id='word_1_174' title='bbox 1075 2549 1143 2614; x_wconf 89' lang='lat' dir='ltr'>dias</span> <span class='ocrx_word' id='word_1_175' title='bbox 1165 2549 1247 2613; x_wconf 92' lang='lat' dir='ltr'>enim</span> 
     </span>
     <span class='ocr_line' id='line_1_23' title="bbox 32 2653 1246 2741; baseline 0.002 -27"><span class='ocrx_word' id='word_1_176' title='bbox 32 2668 33 2685; x_wconf 63' lang='lat'>¹</span> <span class='ocrx_word' id='word_1_177' title='bbox 136 2656 222 2718; x_wconf 85' lang='lat' dir='ltr'>aterni</span> <span class='ocrx_word' id='word_1_178' title='bbox 241 2665 308 2726; x_wconf 85' lang='lat' dir='ltr'>sunt</span> <span class='ocrx_word' id='word_1_179' title='bbox 330 2659 423 2741; x_wconf 81' lang='lat' dir='ltr'>regis,</span> <span class='ocrx_word' id='word_1_180' title='bbox 447 2657 511 2721; x_wconf 86' lang='lat' dir='ltr'>siue</span> <span class='ocrx_word' id='word_1_181' title='bbox 535 2658 606 2739; x_wconf 89' lang='lat' dir='ltr'>quia</span> <span class='ocrx_word' id='word_1_182' title='bbox 629 2657 737 2733; x_wconf 87' lang='lat' dir='ltr'>saneti,</span> <span class='ocrx_word' id='word_1_183' title='bbox 760 2657 812 2739; x_wconf 91' lang='lat' dir='ltr'>qui</span> <span class='ocrx_word' id='word_1_184' title='bbox 836 2655 953 2736; x_wconf 78' lang='lat' dir='ltr'>peceati</span> <span class='ocrx_word' id='word_1_185' title='bbox 977 2653 1058 2720; x_wconf 89' lang='lat' dir='ltr'>serui</span> <span class='ocrx_word' id='word_1_186' title='bbox 1074 2671 1134 2716; x_wconf 90' lang='lat' dir='ltr'>non</span> <span class='ocrx_word' id='word_1_187' title='bbox 1150 2661 1246 2729; x_wconf 85' lang='lat' dir='ltr'>erunt,</span> 
     </span>
     <span class='ocr_line' id='line_1_24' title="bbox 135 2742 1248 2840; baseline -0.001 -19"><span class='ocrx_word' id='word_1_188' title='bbox 135 2774 209 2838; x_wconf 82' lang='lat' dir='ltr'>reges</span> <span class='ocrx_word' id='word_1_189' title='bbox 228 2769 293 2827; x_wconf 87' lang='lat' dir='ltr'>sunt</span> <span class='ocrx_word' id='word_1_190' title='bbox 322 2762 492 2828; x_wconf 87' lang='lat' dir='ltr'>seeundum</span> <span class='ocrx_word' id='word_1_191' title='bbox 519 2760 592 2826; x_wconf 91' lang='lat' dir='ltr'>illud</span> <span class='ocrx_word' id='word_1_192' title='bbox 617 2742 762 2840; x_wconf 84' lang='lat' dir='ltr'>apostoli:</span> <span class='ocrx_word' id='word_1_193' title='bbox 792 2759 867 2825; x_wconf 91' lang='lat' dir='ltr'>iam</span> <span class='ocrx_word' id='word_1_194' title='bbox 900 2759 987 2823; x_wconf 90' lang='lat' dir='ltr'>eine</span> <span class='ocrx_word' id='word_1_195' title='bbox 1018 2756 1134 2822; x_wconf 88' lang='lat' dir='ltr'>nobis</span> <span class='ocrx_word' id='word_1_196' title='bbox 1164 2775 1248 2839; x_wconf 81' lang='lat' dir='ltr'>reg-</span> 
     </span>
     <span class='ocr_line' id='line_1_25' title="bbox 135 2861 1248 2948; baseline 0.002 -28"><span class='ocrx_word' id='word_1_197' title='bbox 135 2865 301 2932; x_wconf 88' lang='lat' dir='ltr'>nastiset</span> <span class='ocrx_word' id='word_1_198' title='bbox 324 2865 477 2930; x_wconf 90' lang='lat' dir='ltr'>utinam</span> <span class='ocrx_word' id='word_1_199' title='bbox 512 2864 758 2948; x_wconf 84' lang='lat' dir='ltr'>regnaretis,</span> <span class='ocrx_word' id='word_1_200' title='bbox 792 2871 833 2930; x_wconf 89' lang='lat' dir='ltr'>ut</span> <span class='ocrx_word' id='word_1_201' title='bbox 867 2870 906 2927; x_wconf 90' lang='lat' dir='ltr'>et</span> <span class='ocrx_word' id='word_1_202' title='bbox 939 2881 1007 2926; x_wconf 92' lang='lat' dir='ltr'>nos</span> <span class='ocrx_word' id='word_1_203' title='bbox 1041 2861 1248 2926; x_wconf 81' lang='lat' dir='ltr'>uobiscum</span> 
     </span>
     <span class='ocr_line' id='line_1_26' title="bbox 135 2962 1299 3053; baseline 0.005 -29"><span class='ocrx_word' id='word_1_204' title='bbox 135 2981 461 3053; x_wconf 80' lang='lat' dir='ltr'>conregnaremus,</span> <span class='ocrx_word' id='word_1_205' title='bbox 485 2969 549 3033; x_wconf 89' lang='lat' dir='ltr'>siue</span> <span class='ocrx_word' id='word_1_206' title='bbox 573 2969 645 3051; x_wconf 87' lang='lat' dir='ltr'>quia</span> <span class='ocrx_word' id='word_1_207' title='bbox 667 2968 717 3032; x_wconf 87' lang='lat' dir='ltr'>bie</span> <span class='ocrx_word' id='word_1_208' title='bbox 740 2968 824 3032; x_wconf 91' lang='lat' dir='ltr'>idem</span> <span class='ocrx_word' id='word_1_209' title='bbox 848 2968 939 3032; x_wconf 91' lang='lat' dir='ltr'>etiam</span> <span class='ocrx_word' id='word_1_210' title='bbox 964 2986 1018 3032; x_wconf 87' lang='lat' dir='ltr'>rer</span> <span class='ocrx_word' id='word_1_211' title='bbox 1033 2965 1074 3030; x_wconf 88' lang='lat' dir='ltr'>sit</span> <span class='ocrx_word' id='word_1_212' title='bbox 1088 2962 1246 3046; x_wconf 86' lang='lat' dir='ltr'>propbeta,</span> <span class='ocrx_word' id='word_1_213' title='bbox 1274 2993 1299 3030; x_wconf 76' lang='lat' dir='ltr'>aa</span> 
     </span>
    </p>
   </div>
   <div class='ocr_carea' id='block_1_9' title="bbox 169 3106 893 3176">
    <p class='ocr_par' dir='ltr' id='par_1_11' title="bbox 169 3106 893 3176">
     <span class='ocr_line' id='line_1_27' title="bbox 169 3106 893 3176; baseline 0.001 -19"><span class='ocrx_word' id='word_1_214' title='bbox 169 3106 196 3160; x_wconf 84' lang='lat' dir='ltr'>le</span> <span class='ocrx_word' id='word_1_215' title='bbox 211 3106 300 3162; x_wconf 82' lang='lat' dir='ltr'>blatth.</span> <span class='ocrx_word' id='word_1_216' title='bbox 318 3109 380 3176; x_wconf 84' lang='lat' dir='ltr'>Vll,</span> <span class='ocrx_word' id='word_1_217' title='bbox 400 3111 430 3174; x_wconf 81' lang='lat'>73</span> <span class='ocrx_word' id='word_1_218' title='bbox 448 3109 515 3162; x_wconf 86' lang='lat' dir='ltr'>Luo.</span> <span class='ocrx_word' id='word_1_219' title='bbox 535 3109 581 3174; x_wconf 85' lang='lat' dir='ltr'>xl,</span> <span class='ocrx_word' id='word_1_220' title='bbox 600 3111 625 3161; x_wconf 88' lang='grc'>9.</span> <span class='ocrx_word' id='word_1_221' title='bbox 660 3109 695 3161; x_wconf 75' lang='lat'>23</span> <span class='ocrx_word' id='word_1_222' title='bbox 715 3107 725 3160; x_wconf 96' lang='lat' dir='ltr'>l</span> <span class='ocrx_word' id='word_1_223' title='bbox 745 3107 806 3160; x_wconf 89' lang='lat' dir='ltr'>Cor.</span> <span class='ocrx_word' id='word_1_224' title='bbox 825 3109 849 3170; x_wconf 83' lang='grc'>4,</span> <span class='ocrx_word' id='word_1_225' title='bbox 869 3108 893 3159; x_wconf 85' lang='grc'>8.</span> 
     </span>
    </p>
   </div>
   <div class='ocr_carea' id='block_1_10' title="bbox 169 3225 1247 3312">
    <p class='ocr_par' dir='ltr' id='par_1_12' title="bbox 169 3225 1247 3312">
     <span class='ocr_line' id='line_1_28' title="bbox 169 3225 1247 3312; baseline -0.002 -34"><span class='ocrx_word' id='word_1_226' title='bbox 169 3227 411 3285; x_wconf 77' lang='lat' dir='ltr'>laduarsnseuma</span> <span class='ocrx_word' id='word_1_227' title='bbox 451 3228 705 3312; x_wconf 82' lang='lat' dir='ltr'>2munitionemP</span> <span class='ocrx_word' id='word_1_228' title='bbox 749 3227 901 3295; x_wconf 85' lang='lat' dir='ltr'>ooneptiV</span> <span class='ocrx_word' id='word_1_229' title='bbox 943 3225 1092 3281; x_wconf 80' lang='lat' dir='ltr'>amodiV</span> <span class='ocrx_word' id='word_1_230' title='bbox 1136 3228 1247 3278; x_wconf 71' lang='lat' dir='ltr'>lanan·</span> 
     </span>
    </p>
   </div>
   <div class='ocr_carea' id='block_1_11' title="bbox 134 3327 1250 3763">
    <p class='ocr_par' dir='ltr' id='par_1_13' title="bbox 134 3327 1250 3763">
     <span class='ocr_line' id='line_1_29' title="bbox 134 3327 1246 3394; baseline -0.005 -8"><span class='ocrx_word' id='word_1_231' title='bbox 134 3329 236 3385; x_wconf 71' lang='lat' dir='ltr'>turitR</span> <span class='ocrx_word' id='word_1_232' title='bbox 283 3336 360 3388; x_wconf 71' lang='lat' dir='ltr'>duat</span> <span class='ocrx_word' id='word_1_233' title='bbox 392 3333 417 3387; x_wconf 89' lang='lat' dir='ltr'><em>V</em></span> <span class='ocrx_word' id='word_1_234' title='bbox 441 3338 468 3387; x_wconf 86' lang='lat' dir='ltr'>at</span> <span class='ocrx_word' id='word_1_235' title='bbox 495 3335 520 3386; x_wconf 78' lang='lat' dir='ltr'>lt</span> <span class='ocrx_word' id='word_1_236' title='bbox 579 3331 667 3387; x_wconf 86' lang='lat' dir='ltr'>saneti</span> <span class='ocrx_word' id='word_1_237' title='bbox 701 3331 761 3384; x_wconf 84' lang='lat' dir='ltr'>VPe</span> <span class='ocrx_word' id='word_1_238' title='bbox 815 3330 852 3383; x_wconf 89' lang='lat' dir='ltr'>sit</span> <span class='ocrx_word' id='word_1_239' title='bbox 884 3331 908 3383; x_wconf 88' lang='lat' dir='ltr'><em>V</em></span> <span class='ocrx_word' id='word_1_240' title='bbox 959 3333 1085 3382; x_wconf 86' lang='lat' dir='ltr'>&#39;ltutum</span> <span class='ocrx_word' id='word_1_241' title='bbox 1113 3333 1171 3392; x_wconf 82' lang='lat' dir='ltr'>(ont.</span> <span class='ocrx_word' id='word_1_242' title='bbox 1200 3327 1246 3394; x_wconf 87' lang='lat' dir='ltr'>sit)</span> 
     </span>
     <span class='ocr_line' id='line_1_30' title="bbox 136 3412 1248 3490; baseline -0.006 -17"><span class='ocrx_word' id='word_1_243' title='bbox 136 3412 175 3465; x_wconf 82' lang='grc' dir='ltr'>ΡΤ</span> <span class='ocrx_word' id='word_1_244' title='bbox 233 3421 399 3490; x_wconf 86' lang='lat' dir='ltr'>diabpsalma</span> <span class='ocrx_word' id='word_1_245' title='bbox 426 3421 453 3472; x_wconf 89' lang='lat' dir='ltr'><em>P</em></span> <span class='ocrx_word' id='word_1_246' title='bbox 519 3423 536 3474; x_wconf 84' lang='lat'>8</span> <span class='ocrx_word' id='word_1_247' title='bbox 563 3424 693 3488; x_wconf 79' lang='lat' dir='ltr'>protegat</span> <span class='ocrx_word' id='word_1_248' title='bbox 722 3417 747 3469; x_wconf 95' lang='lat' dir='ltr'><em>V</em></span> <span class='ocrx_word' id='word_1_249' title='bbox 815 3419 832 3469; x_wconf 89' lang='lat'>9</span> <span class='ocrx_word' id='word_1_250' title='bbox 859 3433 947 3469; x_wconf 85' lang='lat' dir='ltr'>meam</span> <span class='ocrx_word' id='word_1_251' title='bbox 978 3433 1026 3468; x_wconf 89' lang='lat' dir='ltr'>om.</span> <span class='ocrx_word' id='word_1_252' title='bbox 1060 3415 1083 3468; x_wconf 91' lang='lat' dir='ltr'><em>V</em></span> <span class='ocrx_word' id='word_1_253' title='bbox 1153 3415 1182 3466; x_wconf 93' lang='lat' dir='ltr'>ll</span> <span class='ocrx_word' id='word_1_254' title='bbox 1203 3431 1248 3466; x_wconf 90' lang='lat' dir='ltr'>su-</span> 
     </span>
     <span class='ocr_line' id='line_1_31' title="bbox 134 3499 1247 3577; baseline -0.012 -12"><span class='ocrx_word' id='word_1_255' title='bbox 134 3503 264 3564; x_wconf 65' lang='lat' dir='ltr'>redonnus</span> <span class='ocrx_word' id='word_1_256' title='bbox 288 3507 403 3577; x_wconf 84' lang='lat' dir='ltr'>psalmis</span> <span class='ocrx_word' id='word_1_257' title='bbox 435 3507 536 3560; x_wconf 85' lang='lat' dir='ltr'><em>VPTE</em></span> <span class='ocrx_word' id='word_1_258' title='bbox 586 3510 737 3558; x_wconf 82' lang='lat' dir='ltr'>tractatum</span> <span class='ocrx_word' id='word_1_259' title='bbox 764 3522 794 3556; x_wconf 79' lang='lat' dir='ltr'>er</span> <span class='ocrx_word' id='word_1_260' title='bbox 821 3509 942 3557; x_wconf 80' lang='lat' dir='ltr'>tractum</span> <span class='ocrx_word' id='word_1_261' title='bbox 971 3503 995 3554; x_wconf 91' lang='lat' dir='ltr'><em>P</em></span> <span class='ocrx_word' id='word_1_262' title='bbox 1047 3505 1079 3556; x_wconf 82' lang='lat'>13</span> <span class='ocrx_word' id='word_1_263' title='bbox 1097 3499 1247 3554; x_wconf 84' lang='lat' dir='ltr'>seeundum</span> 
     </span>
     <span class='ocr_line' id='line_1_32' title="bbox 134 3584 1247 3663; baseline 0.002 -25"><span class='ocrx_word' id='word_1_264' title='bbox 134 3584 190 3642; x_wconf 86' lang='lat' dir='ltr'>illud</span> <span class='ocrx_word' id='word_1_265' title='bbox 205 3596 287 3647; x_wconf 85' lang='lat' dir='ltr'>om.V</span> <span class='ocrx_word' id='word_1_266' title='bbox 340 3597 373 3649; x_wconf 84' lang='lat'>14</span> <span class='ocrx_word' id='word_1_267' title='bbox 390 3594 592 3663; x_wconf 71' lang='lat' dir='ltr'>promotionem</span> <span class='ocrx_word' id='word_1_268' title='bbox 617 3593 641 3645; x_wconf 93' lang='lat' dir='ltr'><em>V</em></span> <span class='ocrx_word' id='word_1_269' title='bbox 690 3591 891 3645; x_wconf 87' lang='lat' dir='ltr'>inumbrandus</span> <span class='ocrx_word' id='word_1_270' title='bbox 919 3589 954 3642; x_wconf 86' lang='lat' dir='ltr'>sit</span> <span class='ocrx_word' id='word_1_271' title='bbox 982 3591 1026 3654; x_wconf 72' lang='lat' dir='ltr'>(aa</span> <span class='ocrx_word' id='word_1_272' title='bbox 1044 3588 1099 3650; x_wconf 83' lang='lat' dir='ltr'>set)</span> <span class='ocrx_word' id='word_1_273' title='bbox 1124 3605 1190 3641; x_wconf 82' lang='lat' dir='ltr'>corr.</span> <span class='ocrx_word' id='word_1_274' title='bbox 1214 3605 1247 3640; x_wconf 84' lang='lat' dir='ltr'>m.</span> 
     </span>
     <span class='ocr_line' id='line_1_33' title="bbox 134 3671 1250 3763; baseline -0.008 -29"><span class='ocrx_word' id='word_1_275' title='bbox 134 3671 183 3727; x_wconf 75' lang='lat' dir='ltr'>2V</span> <span class='ocrx_word' id='word_1_276' title='bbox 227 3682 257 3733; x_wconf 83' lang='lat'>16</span> <span class='ocrx_word' id='word_1_277' title='bbox 272 3681 434 3735; x_wconf 79' lang='lat' dir='ltr'>timentibus</span> <span class='ocrx_word' id='word_1_278' title='bbox 451 3686 480 3734; x_wconf 88' lang='lat' dir='ltr'>te</span> <span class='ocrx_word' id='word_1_279' title='bbox 499 3681 575 3733; x_wconf 71' lang='lat' dir='ltr'>RH‘</span> <span class='ocrx_word' id='word_1_280' title='bbox 627 3679 747 3763; x_wconf 55' lang='lat' dir='ltr'>regffisV</span> <span class='ocrx_word' id='word_1_281' title='bbox 801 3679 830 3729; x_wconf 78' lang='lat' dir='ltr'>l&#39;l</span> <span class='ocrx_word' id='word_1_282' title='bbox 850 3677 979 3730; x_wconf 91' lang='lat' dir='ltr'>annusV</span> <span class='ocrx_word' id='word_1_283' title='bbox 1029 3676 1058 3728; x_wconf 91' lang='lat' dir='ltr'>in</span> <span class='ocrx_word' id='word_1_284' title='bbox 1077 3673 1250 3728; x_wconf 65' lang='lat' dir='ltr'>diastema:</span> 
     </span>
    </p>
   </div>
   <div class='ocr_carea' id='block_1_12' title="bbox 133 3777 1248 4106">
    <p class='ocr_par' dir='ltr' id='par_1_14' title="bbox 133 3777 1248 4106">
     <span class='ocr_line' id='line_1_34' title="bbox 133 3777 1247 3854; baseline 0.002 -26"><span class='ocrx_word' id='word_1_285' title='bbox 133 3782 293 3841; x_wconf 81' lang='lat' dir='ltr'>generationis</span> <span class='ocrx_word' id='word_1_286' title='bbox 305 3789 334 3838; x_wconf 85' lang='lat' dir='ltr'>et</span> <span class='ocrx_word' id='word_1_287' title='bbox 345 3783 519 3854; x_wconf 80' lang='lat' dir='ltr'>generationi</span> <span class='ocrx_word' id='word_1_288' title='bbox 529 3802 560 3837; x_wconf 74' lang='lat' dir='ltr'>aa</span> <span class='ocrx_word' id='word_1_289' title='bbox 571 3783 714 3852; x_wconf 80' lang='lat' dir='ltr'>generatio</span> <span class='ocrx_word' id='word_1_290' title='bbox 723 3783 788 3833; x_wconf 64' lang='lat' dir='ltr'>ml)</span> <span class='ocrx_word' id='word_1_291' title='bbox 803 3779 1021 3849; x_wconf 84' lang='lat' dir='ltr'>Vganerationis</span> <span class='ocrx_word' id='word_1_292' title='bbox 1031 3781 1056 3831; x_wconf 79' lang='lat' dir='ltr'>ll</span> <span class='ocrx_word' id='word_1_293' title='bbox 1110 3777 1144 3832; x_wconf 91' lang='lat'>18</span> <span class='ocrx_word' id='word_1_294' title='bbox 1153 3795 1247 3846; x_wconf 91' lang='lat' dir='ltr'>super·</span> 
     </span>
     <span class='ocr_line' id='line_1_35' title="bbox 134 3865 1247 3936; baseline -0.002 -16"><span class='ocrx_word' id='word_1_295' title='bbox 134 3871 209 3920; x_wconf 77' lang='lat' dir='ltr'>manet</span> <span class='ocrx_word' id='word_1_296' title='bbox 229 3869 308 3929; x_wconf 84' lang='lat' dir='ltr'>(lectio</span> <span class='ocrx_word' id='word_1_297' title='bbox 332 3881 396 3924; x_wconf 81' lang='lat' dir='ltr'>aeto</span> <span class='ocrx_word' id='word_1_298' title='bbox 419 3889 449 3925; x_wconf 77' lang='lat' dir='ltr'>ea</span> <span class='ocrx_word' id='word_1_299' title='bbox 464 3871 538 3936; x_wconf 78' lang='lat' dir='ltr'>solae</span> <span class='ocrx_word' id='word_1_300' title='bbox 567 3871 692 3922; x_wconf 74' lang='lat' dir='ltr'>diuisione</span> <span class='ocrx_word' id='word_1_301' title='bbox 720 3869 903 3921; x_wconf 75' lang='lat' dir='ltr'>uocabulorum</span> <span class='ocrx_word' id='word_1_302' title='bbox 933 3871 962 3920; x_wconf 85' lang='lat' dir='ltr'>et</span> <span class='ocrx_word' id='word_1_303' title='bbox 980 3865 1152 3933; x_wconf 83' lang='lat' dir='ltr'>generationi</span> <span class='ocrx_word' id='word_1_304' title='bbox 1172 3880 1247 3934; x_wconf 84' lang='lat' dir='ltr'>spar-</span> 
     </span>
     <span class='ocr_line' id='line_1_36' title="bbox 134 3951 1248 4024; baseline 0.002 -22"><span class='ocrx_word' id='word_1_305' title='bbox 134 3953 218 4019; x_wconf 85' lang='lat' dir='ltr'>manet)</span> <span class='ocrx_word' id='word_1_306' title='bbox 240 3956 263 4009; x_wconf 92' lang='lat' dir='ltr'><em>V</em></span> <span class='ocrx_word' id='word_1_307' title='bbox 308 3961 344 4013; x_wconf 77' lang='lat'>20</span> <span class='ocrx_word' id='word_1_308' title='bbox 361 3969 420 4012; x_wconf 84' lang='lat' dir='ltr'>onte</span> <span class='ocrx_word' id='word_1_309' title='bbox 442 3956 577 4011; x_wconf 85' lang='lat' dir='ltr'>habitatio</span> <span class='ocrx_word' id='word_1_310' title='bbox 596 3956 613 4008; x_wconf 74' lang='grc'><em>4</em></span> <span class='ocrx_word' id='word_1_311' title='bbox 632 3959 679 4010; x_wconf 83' lang='lat' dir='ltr'>litt.</span> <span class='ocrx_word' id='word_1_312' title='bbox 698 3973 772 4023; x_wconf 66' lang='lat' dir='ltr'>eros„</span> <span class='ocrx_word' id='word_1_313' title='bbox 791 3971 899 4024; x_wconf 76' lang='lat' dir='ltr'>priorum</span> <span class='ocrx_word' id='word_1_314' title='bbox 917 3951 937 4006; x_wconf 79' lang='lat'><em>3</em></span> <span class='ocrx_word' id='word_1_315' title='bbox 947 3954 1029 4022; x_wconf 81' lang='lat' dir='ltr'>prior.</span> <span class='ocrx_word' id='word_1_316' title='bbox 1053 3951 1107 4006; x_wconf 89' lang='lat' dir='ltr'>hab</span> <span class='ocrx_word' id='word_1_317' title='bbox 1131 3963 1205 4005; x_wconf 83' lang='lat' dir='ltr'>arunt</span> <span class='ocrx_word' id='word_1_318' title='bbox 1223 3952 1248 4004; x_wconf 84' lang='lat' dir='ltr'><em>R</em></span> 
     </span>
     <span class='ocr_line' id='line_1_37' title="bbox 134 4029 1247 4106; baseline -0.004 -12"><span class='ocrx_word' id='word_1_319' title='bbox 134 4033 228 4094; x_wconf 78' lang='lat' dir='ltr'>hbbael</span> <span class='ocrx_word' id='word_1_320' title='bbox 241 4029 580 4098; x_wconf 72' lang='lat' dir='ltr'>Vlsraheliuellsraelila&#39;</span> <span class='ocrx_word' id='word_1_321' title='bbox 621 4045 653 4097; x_wconf 71' lang='lat'>21</span> <span class='ocrx_word' id='word_1_322' title='bbox 673 4042 835 4096; x_wconf 87' lang='lat' dir='ltr'>timentibus</span> <span class='ocrx_word' id='word_1_323' title='bbox 848 4057 947 4094; x_wconf 89' lang='lat' dir='ltr'>nomen</span> <span class='ocrx_word' id='word_1_324' title='bbox 960 4039 1075 4092; x_wconf 84' lang='lat' dir='ltr'>tnumR</span> <span class='ocrx_word' id='word_1_325' title='bbox 1121 4039 1156 4092; x_wconf 73' lang='grc'>22</span> <span class='ocrx_word' id='word_1_326' title='bbox 1173 4037 1247 4106; x_wconf 76' lang='lat' dir='ltr'>regis</span> 
     </span>
    </p>
   </div>
   <div class='ocr_carea' id='block_1_13' title="bbox 135 4123 1245 4251">
    <p class='ocr_par' dir='ltr' id='par_1_15' title="bbox 135 4123 1245 4251">
     <span class='ocr_line' id='line_1_38' title="bbox 135 4123 1245 4199; baseline -0.005 -18"><span class='ocrx_word' id='word_1_327' title='bbox 135 4137 158 4172; x_wconf 63' lang='grc' dir='ltr'><em>α</em></span> <span class='ocrx_word' id='word_1_328' title='bbox 171 4142 239 4195; x_wconf 74' lang='lat' dir='ltr'>reges</span> <span class='ocrx_word' id='word_1_329' title='bbox 255 4148 286 4185; x_wconf 88' lang='lat' dir='ltr'>m.</span> <span class='ocrx_word' id='word_1_330' title='bbox 305 4131 325 4185; x_wconf 79' lang='lat'><em>2</em></span> <span class='ocrx_word' id='word_1_331' title='bbox 349 4131 372 4185; x_wconf 94' lang='lat' dir='ltr'><em>V</em></span> <span class='ocrx_word' id='word_1_332' title='bbox 421 4133 455 4184; x_wconf 78' lang='lat'>23</span> <span class='ocrx_word' id='word_1_333' title='bbox 472 4131 609 4199; x_wconf 81' lang='lat' dir='ltr'>regnastis</span> <span class='ocrx_word' id='word_1_334' title='bbox 633 4128 794 4196; x_wconf 80' lang='lat' dir='ltr'>Vregnatis</span> <span class='ocrx_word' id='word_1_335' title='bbox 813 4127 917 4181; x_wconf 76' lang='grc' dir='ltr'><em>ΒΡΙἜ</em></span> <span class='ocrx_word' id='word_1_336' title='bbox 933 4127 967 4195; x_wconf 85' lang='lat' dir='ltr'>es.</span> <span class='ocrx_word' id='word_1_337' title='bbox 983 4127 1047 4196; x_wconf 75' lang='lat' dir='ltr'>pert.</span> <span class='ocrx_word' id='word_1_338' title='bbox 1067 4127 1129 4178; x_wconf 76' lang='lat' dir='ltr'>Abla.</span> <span class='ocrx_word' id='word_1_339' title='bbox 1150 4125 1166 4176; x_wconf 89' lang='lat' dir='ltr'><em>I</em></span> <span class='ocrx_word' id='word_1_340' title='bbox 1170 4123 1200 4192; x_wconf 87' lang='lat' dir='ltr'>V,</span> <span class='ocrx_word' id='word_1_341' title='bbox 1210 4123 1245 4178; x_wconf 63' lang='lat'>84</span> 
     </span>
     <span class='ocr_line' id='line_1_39' title="bbox 868 4213 876 4251; baseline 0 0"><span class='ocrx_word' id='word_1_342' title='bbox 868 4213 876 4251; x_wconf 85' lang='lat' dir='ltr'>t</span> 
     </span>
    </p>
   </div>
   <div class='ocr_carea' id='block_1_14' title="bbox 136 4258 1108 4338">
    <p class='ocr_par' dir='ltr' id='par_1_16' title="bbox 136 4258 1108 4338">
     <span class='ocr_line' id='line_1_40' title="bbox 136 4258 1108 4338; baseline 0.004 -26"><span class='ocrx_word' id='word_1_343' title='bbox 136 4258 392 4336; x_wconf 79' lang='lat' dir='ltr'>2bmnregnaremns</span> <span class='ocrx_word' id='word_1_344' title='bbox 415 4269 517 4323; x_wconf 85' lang='lat' dir='ltr'><em>VPTE</em></span> <span class='ocrx_word' id='word_1_345' title='bbox 532 4284 732 4338; x_wconf 78' lang='lat' dir='ltr'>conregnemus</span> <span class='ocrx_word' id='word_1_346' title='bbox 751 4267 777 4320; x_wconf 83' lang='lat' dir='ltr'><em>R</em></span> <span class='ocrx_word' id='word_1_347' title='bbox 830 4283 884 4334; x_wconf 86' lang='lat' dir='ltr'>qua</span> <span class='ocrx_word' id='word_1_348' title='bbox 902 4282 968 4320; x_wconf 84' lang='lat' dir='ltr'>corr.</span> <span class='ocrx_word' id='word_1_349' title='bbox 987 4283 1020 4318; x_wconf 89' lang='lat' dir='ltr'>m.</span> <span class='ocrx_word' id='word_1_350' title='bbox 1041 4265 1055 4317; x_wconf 82' lang='lat'><em>1</em></span> <span class='ocrx_word' id='word_1_351' title='bbox 1080 4265 1108 4317; x_wconf 92' lang='lat' dir='ltr'>V.</span> 
     </span>
    </p>
   </div>
   <div class='ocr_carea' id='block_1_15' title="bbox 0 0 1542 4967">
    <p class='ocr_par' dir='ltr' id='par_1_17' title="bbox 0 0 1542 4967">
     <span class='ocr_line' id='line_1_41' title="bbox 0 0 1542 4967; baseline 0 2"><span class='ocrx_word' id='word_1_352' title='bbox 0 0 1542 4967; x_wconf 95' lang='lat' dir='ltr'> </span> 
     </span>
    </p>
   </div>
  </div>
 </body>
</html>
