3075 4967
390 310 571 360 treetetus
590 306 624 359 in
642 304 815 373 psalmum
832 302 954 357 cxvln.
1179 300 1243 368 439

118 495 211 561 besti
258 510 457 577 pensores
503 494 669 578 spiritu,
722 494 909 577 quonism
955 493 1136 577 ipsorum
1181 498 1245 557 est

117 619 269 684 regnum
291 600 489 677 erulorum,
513 599 636 665 disens:
671 597 782 663 besti
811 597 1014 682 lugentes,
1038 596 1133 681 quis
1162 596 1244 677 ipsi

117 704 430 777 eonsolsbuntur.
469 703 590 769 diosus:
628 700 874 777 benedicite,
909 700 976 785 qui
1008 720 1079 766 uos
1112 719 1245 784 perse-

116 818 256 885 cuntur,
289 814 327 877 et
360 815 473 874 orste
506 827 576 889 pro
610 806 959 872 oslumnisntibus
988 805 1117 871 uobis.
1162 804 1245 871 haue

116 911 202 997 legem
228 914 289 979 oris
320 913 370 979 dei
405 914 519 978 bonum
553 911 611 977 sibi
646 930 715 977 esse
748 909 903 995 prophete
931 909 1092 975 confessus
1120 916 1184 976 est:
1214 915 1245 975 et
1283 933 1297 973 s

116 1016 215 1083 bouum
251 1036 313 1083 nou
334 1036 407 1083 sum
431 1015 657 1097 oonpsrutionis
680 1022 711 1079 et
733 1012 922 1079 definitionis
944 1021 976 1091 et
997 1014 1082 1080 modi
1104 1033 1244 1091 numero,

116 1123 159 1186 sed
179 1142 303 1202 super
327 1121 462 1186 milies
486 1120 572 1185 suri
597 1126 634 1185 et
656 1118 828 1203 argenti.
873 1116 1051 1183 indefinitus
1067 1117 1118 1183 bio
1141 1137 1244 1183 sermo

116 1234 251 1291 osteum
275 1226 386 1291 dieitur
409 1223 553 1301 milies,
578 1223 650 1307 quis
672 1222 832 1288 indefinite
854 1222 936 1287 boue
958 1229 1007 1287 est
1029 1220 1079 1287 lex
1101 1222 1164 1287 oris
1180 1222 1243 1286 dei:

117 1346 144 1393 ex
164 1330 380 1411 oonpurstioue
402 1348 477 1394 uero
501 1346 604 1394 rerum
627 1327 760 1392 msxime
794 1327 827 1391 in
849 1328 939 1393 torris
961 1326 1163 1407 pretiosorum
1185 1326 1246 1391 uti·

116 1430 218 1499 litatem
242 1435 394 1499 bonorum
417 1452 533 1507 sonum,
557 1452 626 1515 quae
649 1450 668 1495 u
690 1432 748 1495 deo
772 1437 844 1495 sunt
865 1438 987 1508 statute,
1010 1428 1199 1513 signifiosns.
1272 1454 1297 1491 ιο

151 1722 584 1794 Monustuaeieee'runt
608 1746 665 1793 ms
682 1724 1244 1810 etpsrsueruntmeetreliqus.

152 1850 175 1915 1.
198 1850 373 1915 Commune
396 1848 544 1915 iudicium
568 1857 623 1927 est,
659 1849 739 1913 inter
772 1848 876 1913 omnis
908 1855 1032 1913 terrens
1065 1848 1114 1913 dei
1149 1866 1246 1931 opers

115 1952 180 2018 nihil
201 1954 330 2019 homino
352 1952 463 2030 utilius,
487 1950 564 2017 nihil
588 1972 657 2018 esse
679 1952 863 2033 speciosius:
887 1952 969 2036 quie,
993 1952 1050 2018 etsi
1066 1952 1127 2017 sint
1142 1950 1247 2035 aliquo

115 2056 232 2135 pulchra
261 2071 292 2123 et
322 2068 438 2123 ornsts.
473 2056 721 2141 magnitudinem
755 2057 881 2140 quidem
915 2058 990 2133 sius,
1024 2057 1077 2140 qui
1112 2077 1149 2122 es
1181 2062 1246 2121 tsm
1272 2077 1298 2115 ιο

115 2162 216 2227 decors
238 2162 387 2247 genuerit
410 2167 570 2239 testantur,
598 2181 707 2225 uerum
730 2162 846 2241 speciei
869 2173 899 2226 et
921 2168 1047 2226 ornatus
1070 2171 1101 2227 et
1124 2161 1247 2225 instito-

116 2265 193 2331 tionis
217 2287 281 2331 suae
304 2266 439 2332 frustum
462 2266 530 2347 ipss
551 2284 614 2329 uon
637 2265 781 2331 sentiunt.
825 2265 981 2349 loquimur
1009 2265 1093 2331 enim
1125 2268 1163 2330 de
1187 2263 1246 2343 his,

115 2388 174 2450 quae
194 2372 333 2435 humano
369 2370 508 2435 subieots
538 2370 714 2450 eonspeotui
745 2377 824 2441 sunt,
855 2369 973 2435 seilicet
1002 2370 1041 2434 de
1072 2369 1184 2434 orestis
1212 2369 1246 2434 in

115 2480 187 2539 terra
208 2482 239 2539 et
261 2475 338 2539 meri
368 2484 399 2539 et
427 2492 506 2547 sere,
542 2486 571 2538 et
605 2486 674 2556 quse
708 2472 840 2558 siugulis
873 2474 1048 2557 quibusque
1078 2473 1245 2557 generibus

115 2580 282 2662 naturisque
304 2578 456 2658 permixte
478 2584 560 2642 sunt.
608 2576 736 2658 pnlebrs
758 2577 842 2655 haeo;
877 2580 932 2643 sed
957 2565 1040 2661 qu'od
1062 2581 1187 2643 tsndem
1212 2578 1244 2641 in
1272 2595 1299 2634 so

116 2700 217 2746 ooesno
241 2688 293 2746 sut
317 2690 398 2747 terra
422 2690 473 2747 sut
495 2681 570 2746 eselo
594 2686 646 2746 sut
669 2700 740 2747 sere
762 2683 887 2755 bonum,
922 2702 991 2765 quse
1014 2682 1045 2746 in
1068 2680 1118 2747 his
1142 2689 1246 2747 orosto

115 2795 184 2861 suut,
211 2806 255 2863 oo,
280 2787 363 2870 quod
398 2785 471 2849 tntis
504 2792 607 2851 oreste
639 2796 719 2857 sunt.
753 2785 1007 2869 consequentur?
1052 2787 1084 2852 in
1116 2784 1246 2851 homine

116 2897 206 2955 sutem
229 2890 380 2974 quidquid
403 2897 458 2967 est,
482 2890 540 2955 sibi
564 2890 694 2973 profioit.
739 2896 771 2955 et
785 2889 845 2955 hoo
859 2910 955 2955 nuum
970 2889 1002 2954 in
1018 2889 1109 2955 terris
1132 2889 1245 2955 animal

155 3049 166 3099 l
185 3046 281 3101 naoth.
300 3046 333 3115 V,
352 3050 369 3102 8
388 3064 428 3116 sq.

154 3168 407 3223 boonsulebuntur
439 3169 464 3222 V
525 3171 543 3222 t
572 3168 806 3222 calumniantibus
835 3184 884 3221 uos
914 3168 956 3221 Ro
974 3168 1207 3223 calumniantibus
1233 3188 1247 3222 e

115 3264 194 3321 postea
211 3257 268 3309 edd.
282 3256 334 3325 pE
349 3271 381 3309 se
399 3254 628 3323 persequentibus
647 3272 696 3308 uos
750 3254 862 3309 Vmilis
885 3256 936 3326 pE
957 3256 1034 3309 etsie
1051 3255 1116 3322 infr.
1169 3256 1246 3311 bin·

118 3338 288 3395 dsffinitseR¹
341 3341 636 3412 sinmprsmmnu
690 3342 724 3395 10
741 3358 838 3411 usupr.
847 3359 895 3395 sor.
905 3339 969 3396 nu3
977 3342 1003 3395 R
1055 3340 1249 3413 signifiostpE

116 3436 196 3493 posteo
215 3428 309 3481 Cadd.
334 3445 414 3482 amen
439 3429 466 3482 iu
491 3428 601 3483 Christo
617 3428 652 3498 pb
672 3426 702 3481 in
721 3426 833 3481 Christo
851 3445 939 3481 amen.
957 3455 990 3465 -
1009 3426 1133 3497 Explioit
1151 3427 1246 3482 litters

118 3529 181 3567 none
204 3514 300 3584 insipit
318 3514 414 3569 litters
431 3514 538 3569 deoimu
555 3514 675 3570 feliciter
698 3514 815 3568 VFinit
834 3516 859 3567 R
883 3514 959 3567 Finit
983 3514 1055 3569 Tsth
1080 3513 1164 3583 inoip.
1183 3515 1247 3568 Ioth

118 3614 154 3669 ru.
170 3616 200 3669 x.
220 3622 240 3671 u
255 3619 308 3673 ns
326 3596 391 3673 usia
408 3602 821 3689 v1111rn0q10n·1sux.p
867 3621 897 3672 11
917 3618 978 3672 rou
994 3619 1042 3671 vs
1097 3620 1129 3671 m
1147 3624 1246 3687 epem-

118 3710 208 3757 ueruut
223 3724 239 3775 p
257 3706 467 3775 plasmauerunt
485 3707 525 3760 Ro
544 3724 625 3760 om.e
679 3708 710 3760 14
729 3706 784 3759 etsi
801 3724 832 3759 ex
849 3710 878 3760 et
895 3702 968 3759 m.2
992 3705 1017 3757 V
1067 3706 1100 3759 lo
1118 3705 1249 3775 quisV

117 3794 167 3841 tum
192 3808 221 3843 a
243 3797 292 3847 ten
321 3812 353 3847 m.
380 3791 401 3846 2
434 3794 457 3847 V
510 3794 541 3847 16
560 3794 661 3847 decors
688 3812 717 3845 ex
743 3791 844 3847 deoore
871 3810 905 3845 m.
932 3792 950 3843 1
976 3793 1002 3845 R
1053 3792 1201 3862 genuerint
1225 3792 1251 3845 V

119 3876 147 3929 18
163 3893 227 3943 quse
244 3898 275 3933 ex
293 3898 346 3948 que
365 3898 396 3934 m.
415 3876 436 3933 2
459 3880 484 3935 V
534 3879 562 3933 in
580 3884 657 3935 terre
674 3906 709 3916 —
727 3896 791 3933 sere
808 3881 836 3932 in
854 3896 936 3948 morq.
963 3897 1020 3950 sup.
1044 3880 1104 3933 aeid.
1128 3876 1201 3932 nu?
1226 3879 1249 3931 V

120 4016 147 4067 19
162 4020 305 4083 generibus
318 4018 482 4087 naturisque
496 3975 647 4112 {leporibus
662 4020 687 4072 V
696 4017 873 4087 generalibus
885 4017 1084 4087 naturisqueC
1126 4018 1162 4071 20
1178 4016 1247 4071 hseo

119 4206 160 4241 ou
173 4190 209 4258 (b
260 4194 294 4247 21
314 4139 405 4248 sethtsre
423 4192 447 4247 V
463 4190 553 4248 &here
568 4194 591 4247 O
605 4192 700 4247 ethere
716 4210 736 4262 p
790 4208 859 4260 qnae
878 4190 922 4246 his
946 4192 968 4243 V
1018 4192 1054 4245 22
1071 4208 1103 4247 eo
1121 4191 1196 4259 qnod
1213 4218 1249 4229 -

119 4280 175 4329 suut
190 4276 249 4331 odd.
268 4278 339 4333 m?
363 4280 386 4333 V
437 4280 494 4333 sint
507 4282 551 4351 po.
