3075 4967
379 235 561 287 tractatus
580 231 614 284 in
633 233 805 300 psalmum
824 233 995 286 CXXXVIII.
1199 233 1261 298 761

116 443 232 505 nempe
247 424 309 500 ille,
326 425 379 506 qui
392 423 484 488 dixit:
504 421 725 487 amenuieo
749 422 834 498 tibi,
860 420 982 487 hodie
1005 443 1157 487 meeum
1181 423 1263 488 eris

115 528 150 591 in
176 523 381 608 paradiso.
426 526 570 591 meminit
599 533 631 590 et
661 525 734 590 alibi
765 525 882 601 dicens,
918 546 990 590 eum
1013 527 1052 591 de
1075 526 1262 607 spiritalium

114 633 279 698 indefessa
312 633 375 696 iam
408 631 581 696 aeternitate
614 636 774 694 tractaret:
809 629 1136 714 pinnigerabunt
1170 639 1261 696 tam-

113 757 235 820 quam
266 735 420 820 aquilae,
454 739 597 799 naturam
620 733 763 798 euolandi
785 734 817 797 iu
840 733 948 799 <mlum
972 735 1003 797 in
1028 737 1261 802 resurrectionis

113 841 329 906 demutatione
363 839 524 919 sumpturi.
569 839 625 902 sed
660 837 711 902 hio
746 838 857 917 pinnas
887 838 982 903 sumit
1013 837 1169 903 uolaturus
1199 860 1260 904 uon
1299 873 1312 910 ὅ

111 943 243 1018 alienas,
275 964 336 1008 non
358 963 465 1015 nouas,
496 944 550 1006 sed
573 942 772 1022 proprietatis
805 943 1003 1021 usurpatione
1036 948 1259 1027 praesumptas:

113 1048 189 1131 quia
225 1057 296 1128 post
332 1031 487 1128 passionis
521 1044 702 1111 uoluntaria
740 1053 966 1111 sacramentum
1006 1057 1038 1111 et
1073 1053 1191 1111 naturae
1228 1063 1261 1113 st

109 1152 278 1231 potestatis
302 1153 411 1232 pinnas
436 1153 475 1215 ad
500 1149 609 1214 carlum
633 1170 667 1214 se
690 1149 835 1214 habuerit
857 1149 1014 1215 efferendi.

153 1257 208 1320 25.
234 1256 380 1339 Sequitur
414 1256 506 1320 etiam
540 1255 625 1318 idem
659 1257 734 1319 ordo
773 1255 927 1318 dietomm
961 1260 992 1319 et
1025 1277 1063 1319 ex
1098 1255 1259 1337 utriusque

108 1368 231 1425 naturae
255 1359 474 1443 intellegentia,
499 1358 634 1422 hominis
650 1357 769 1423 scilicet
792 1363 823 1422 et
839 1359 897 1436 dei,
912 1379 1015 1424 sermo
1032 1360 1176 1424 decurrit.
1215 1361 1259 1424 ait
1285 1393 1310 1429 ιο

107 1465 213 1528 onim:
246 1469 284 1528 et
307 1464 405 1528 dixi:
438 1462 615 1528 forsitan
640 1463 819 1526 tenebrae
854 1461 1157 1528 conculcabunt
1190 1483 1255 1528 me.

109 1589 178 1632 uox.
195 1569 257 1632 ista
280 1567 414 1632 hominis
438 1587 507 1632 esse
530 1567 731 1643 existimatur,
755 1567 828 1649 quia
852 1566 972 1631 uidetur
994 1567 1181 1649 quibusdam
1204 1573 1257 1632 ant

108 1671 302 1755 inreligiosis
325 1677 377 1736 aut
400 1671 539 1751 inperitis
562 1671 620 1734 sub
644 1669 696 1734 illa
718 1671 871 1750 passionis
896 1671 1061 1735 timiditate
1084 1671 1255 1750 trepidare:

106 1776 199 1858 quasi
226 1796 298 1841 uero
320 1795 402 1838 nuno
425 1795 528 1839 sermo
544 1775 603 1839 iste
620 1775 740 1839 timoris
756 1773 883 1838 alicuius
899 1774 1013 1839 habeat
1028 1774 1253 1854 professionem

106 1886 138 1945 et
161 1899 227 1944 non
251 1881 353 1963 magis
377 1883 528 1958 suscepta
558 1879 667 1943 mortis
698 1878 923 1961 significauerit
953 1878 1141 1943 uoluntatem
1170 1877 1254 1943 nullo
1282 1913 1307 1948 ια

107 1985 175 2048 eius
202 1989 288 2048 metu
312 2003 349 2048 ao
372 1989 491 2048 terrore
514 1982 649 2062 praelato.
694 2002 755 2046 non
780 1982 943 2046 enimait:
972 1983 1109 2047 tenebra
1131 1981 1255 2048 conoul-

105 2089 226 2153 eabunt
249 2109 315 2164 me;
346 2088 402 2152 sed
435 2089 492 2152 ait:
528 2087 707 2152 forsitan
738 2086 918 2151 tenebrae
951 2085 1255 2151 conculcabunt

105 2213 174 2257 me.
216 2194 298 2274 quod
321 2192 338 2255 f
341 2192 496 2256 ortuitu
519 2191 640 2267 adiecit,
656 2186 807 2255 ineertu'm
825 2190 968 2254 humanae
985 2192 1025 2255 de
1041 2211 1075 2255 se
1090 2191 1253 2270 opinionis,

104 2315 169 2379 qua
194 2296 306 2360 timere
329 2295 446 2360 inferes
476 2295 610 2359 creditus
641 2301 695 2370 est,
725 2295 826 2359 inrisit
856 2314 1001 2359 errorem.
1047 2314 1141 2359 nemo
1169 2295 1250 2359 enim

103 2399 287 2464 conculcari
310 2419 344 2464 se
367 2405 469 2464 certus
486 2399 571 2462 idem
595 2418 726 2474 rursum,
749 2419 788 2462 an
813 2397 1015 2474 conculcetur,
1038 2399 1174 2475 incertus
1197 2404 1252 2464 est
1279 2431 1305 2467 aa

147 2503 201 2567 26.
228 2503 270 2568 Ut
292 2511 395 2568 autem
412 2502 479 2578 hoc,
496 2505 578 2586 quod
602 2503 659 2567 ait:
683 2501 864 2567 forsitan
887 2503 1068 2567 tenebrae
1092 2502 1251 2568 conoul-

102 2609 258 2672 oabunt
288 2627 354 2680 mc,
383 2628 446 2671 uon
480 2608 519 2671 ad
543 2613 660 2671 natura
674 2627 747 2680 ¹sum
771 2607 1011 2686 trepidationem
1033 2601 1139 2686 posset
1161 2606 1256 2671 intel«

101 2711 177 2796 legi,
202 2712 257 2776 sed
282 2711 373 2790 inpiae
397 2714 435 2776 de
459 2732 493 2776 se
516 2709 737 2794 intellegentia
761 2710 953 2793 significaret
983 2712 1145 2788 incertum,
1179 2731 1251 2776 eon-

101 2817 190 2880 tinno
213 2815 357 2880 subiecit:
393 2824 431 2879 et
460 2835 534 2879 nox
564 2814 830 2880 inluminatio
864 2815 902 2879 in
938 2813 1107 2880 deliciis
1141 2815 1251 2881 meis

102 2919 262 3002 quomodo
286 2920 369 2983 euim
393 2918 630 2984 conculcatore
653 2918 799 2996 tenebris,
822 2919 870 2983 cui
893 2939 977 2984 mors
1000 2918 1195 2984 inluminatio
1218 2919 1250 2983 in
1278 2950 1303 2988 aa

101 3022 227 3088 deliciis
261 3023 301 3088 sit
334 3022 460 3088 futura?
504 3023 629 3088 domino
664 3023 769 3105 itaque
804 3023 906 3102 passio
939 3024 997 3088 ista
1019 3022 1140 3088 delicia
1168 3029 1249 3099 sunt,

102 3128 178 3191 dum
203 3137 308 3207 portas
330 3147 427 3192 aereas
450 3127 625 3209 confringit,
650 3128 723 3191 dum
746 3133 853 3191 nectes
876 3127 994 3192 ferreos
1009 3127 1149 3201 conterit,
1174 3129 1249 3192 dum

100 3251 231 3296 omnem
265 3236 450 3312 potestatem
485 3229 645 3311 despoliat,
679 3233 753 3295 dum
789 3231 828 3295 de
863 3230 912 3294 his
942 3231 974 3295 in
1005 3251 1039 3294 se
1070 3230 1248 3310 triumphat,

102 3337 180 3400 dum
215 3356 295 3408 eum,
330 3355 422 3418 quem
454 3337 492 3400 ad
526 3335 699 3418 imaginem
733 3355 823 3400 suam
857 3335 981 3409 fecerat,
1004 3335 1137 3407 redimit
1172 3336 1247 3399 dum

100 3439 223 3505 delieiis
260 3440 396 3523 paradisi
433 3439 575 3504 restituit.
631 3439 664 3502 in
701 3439 750 3503 his
788 3439 883 3521 igitur
919 3438 1074 3521 passionis
1111 3437 1246 3502 oblecta·
1274 3468 1300 3506 ao
1377 3479 1385 3499 ,

100 3545 218 3609 mentis
252 3551 345 3628 atque
380 3542 498 3608 deliciis
532 3563 592 3606 nox
626 3543 654 3607 ei
688 3541 880 3607 inluminatio
914 3550 962 3607 est
991 3548 1023 3606 et
1051 3541 1246 3607 inluminatio

146 3703 163 3754 1
184 3701 249 3755 Luc.
268 3701 368 3767 XXIII,
386 3703 429 3755 43.
465 3699 572 3754 aEsai.
590 3699 648 3767 XL,
667 3701 709 3752 31.

144 3793 280 3892 Spinaas
304 3839 352 3874 ora.
371 3821 397 3874 R
450 3823 484 3874 14
502 3821 571 3874 istae
590 3821 616 3873 R
670 3823 702 3874 16
721 3837 753 3873 ao
780 3824 886 3873 terrore
914 3839 944 3872 ez
970 3819 1022 3872 hac
1045 3825 1151 3873 terrore
1170 3821 1196 3872 R
1213 3837 1246 3874 ae

98 3908 300 3976 timorellltG
354 3908 541 3962 18fortuitiR
593 3909 741 3961 atetmox
751 3908 796 3961 Ga
846 3907 990 3960 ascumG
1042 3923 1117 3959 mora
1129 3907 1181 3960 GR
1190 3923 1246 3961 nox

98 3999 167 4050 coni.
187 3997 298 4067 Lipsius,
316 3997 363 4048 aad
378 3995 412 4058 cf.
429 3997 491 4048 uda.
502 3995 599 4047 Bened.
652 3995 686 4046 26
704 3993 799 4061 itaque
817 4012 847 4046 ex
858 4010 875 4046 a
887 4010 941 4061 qno
951 3993 977 4046 R
1029 3995 1063 4047 28
1080 3991 1208 4046 triumfat
1220 3995 1245 4046 R

98 4138 134 4190 29
152 4133 266 4188 redimit
284 4135 350 4187 dum
369 4133 423 4186 RE
439 4091 612 4186 redimendln
624 4133 648 4185 G
701 4135 736 4186 30
753 4130 876 4200 paradisi
896 4133 921 4184 G
938 4131 1068 4200 paradysi
1087 4132 1113 4184 R
1166 4134 1199 4186 31
1218 4132 1244 4185 ei

98 4225 125 4274 ia
145 4237 202 4274 ms.
219 4221 251 4274 R.
