3075 4967
254 254 318 322 398
601 254 719 307 sancti
738 251 872 307 Hilarii
888 252 1051 322 episcopi

254 446 379 523 idcirce,
407 451 608 527 posteaquam
635 443 770 507 dixerat:
795 442 833 505 in
856 442 919 505 uia
940 440 1220 505 mandatorum
1244 449 1391 508 tuorum

254 549 426 627 cucurri,
451 547 509 613 hoc
533 547 669 613 addidit:
703 566 787 612 cum
821 544 1014 610 dilatasti
1044 563 1277 610 cormeum.
1323 544 1396 609 dila·
1513 545 1518 618 i

254 660 352 719 tatum
377 660 425 719 ast
448 672 510 729 cor,
542 653 623 735 quod
656 670 711 732 par
740 649 837 715 fidem
866 669 963 730 capax
993 648 1140 714 doctrinae
1171 648 1222 713 dei
1245 649 1393 729 panditur.

254 763 286 823 at
308 756 367 823 hoc
390 756 428 823 de
452 756 648 823 credentibus
668 756 866 821 dictumest:
890 760 929 817 et
951 752 1193 817 inhabitabo
1217 763 1256 819 et
1277 754 1394 817 inam·

215 889 227 927 a
254 859 404 926 bnlabo
438 861 475 925 in
510 861 583 925 his.
629 878 681 925 cor
713 858 810 943 igitur
844 857 997 935 dilatatur,
1030 856 1061 920 in
1085 876 1146 940 quo
1168 865 1392 922 sacramentum

253 965 350 1047 patris
374 973 405 1031 at
427 964 484 1030 filii
507 965 632 1035 residet,
654 964 685 1027 in
709 982 769 1046 quo
794 962 899 1043 capaci
922 960 1113 1026 habitatione
1135 968 1260 1026 sauctus
1275 962 1394 1041 spiritns

253 1069 435 1135 delectatur.
481 1068 624 1134 meminit
646 1080 675 1133 et
698 1066 845 1132 Salomon
870 1066 991 1131 diceus:
1023 1065 1230 1145 sapientia
1252 1064 1300 1147 ,in
1324 1064 1395 1129 eri·

254 1173 365 1238 tibus
394 1172 564 1249 canitur,
595 1172 634 1236 in
664 1169 818 1252 plateis
841 1189 927 1234 eum
950 1168 1148 1234 libertate
1171 1169 1269 1253 agit.
1315 1169 1394 1234 uerbi

253 1276 413 1359 utriusque
436 1275 525 1342 huius
548 1276 683 1341 latinitas
715 1289 822 1339 nostra
851 1273 901 1339 uel
931 1272 1150 1340 obscuritatem
1180 1273 1270 1337 nobis
1299 1272 1395 1337 adfert
1512 1257 1518 1284 ¹

202 1407 228 1443 ιο
253 1380 303 1445 uel
325 1379 451 1446 alterius
473 1378 695 1463 intellegentia
717 1378 895 1459 opinionem
918 1378 1045 1458 praebet.
1090 1397 1164 1441 nam
1187 1376 1270 1460 quod
1288 1396 1345 1441 nos
1366 1375 1393 1439 in
1511 1373 1517 1458 ξ

255 1484 385 1549 exitibus
420 1485 559 1561 dicimus
593 1482 737 1568 graecitas
767 1502 804 1547 ex
837 1480 963 1547 hebraeo
992 1479 1130 1563 ἐξόδους
1159 1479 1325 1545 transtulit.
1367 1487 1395 1545 et

254 1589 387 1653 exodum
409 1589 533 1669 proprie
556 1594 611 1666 est,
634 1587 685 1652 ubi
710 1606 747 1651 ex
770 1585 875 1651 inultis
898 1586 1039 1669 anguistis
1062 1586 1120 1650 uiis
1135 1586 1166 1650 in
1183 1603 1277 1651 unam
1293 1590 1394 1666 pateu-

254 1700 320 1758 tem
349 1693 431 1757 uiam
463 1693 568 1757 coitur.
615 1692 696 1775 quod
718 1710 793 1755 uero
817 1709 874 1754 nos
896 1687 1014 1771 plateas
1044 1708 1266 1773 nuncupamus
1290 1688 1393 1754 eodem

254 1796 378 1861 nomine
396 1798 539 1880 graecitas
554 1795 750 1876 nuncupauit.
795 1795 852 1859 sed
868 1792 985 1874 plateas
1001 1793 1178 1858 latitudines
1194 1813 1264 1858 esse
1279 1810 1392 1877 macas

203 1925 227 1964 ιε
255 1919 358 1966 sermo
382 1900 535 1983 designat,
559 1906 668 1965 atnoe
691 1905 836 1982 putamus
867 1898 924 1962 has
954 1917 1023 1963 esse
1051 1897 1173 1962 urbium
1204 1898 1279 1962 uias.
1326 1915 1393 1977 ergo

254 2003 413 2085 sapientia,
450 2023 520 2086 quae
554 2000 696 2068 Christus
732 2010 788 2079 est,
823 2003 854 2067 in
888 2003 940 2066 uia
973 2000 1032 2074 illa
1066 2002 1097 2066 in
1128 2020 1221 2085 quam
1252 2000 1341 2065 nobis
1362 2018 1394 2065 ax

254 2106 360 2173 multis
384 2126 528 2191 egressus
552 2112 607 2184 est
630 2106 765 2182 canitur;
800 2107 831 2170 in
855 2105 1066 2172 latitudinibus
1088 2110 1193 2170 numm
1215 2124 1286 2169 cnm
1309 2104 1394 2169 liber·

254 2216 316 2276 tate
338 2211 412 2295 agit,
435 2212 467 2275 in
491 2209 602 2294 quibus
633 2229 693 2274 non
727 2208 825 2275 solum
851 2208 1001 2286 habitare,
1025 2210 1081 2274 sed
1103 2210 1198 2274 etiam
1220 2206 1394 2273 deambula·

253 2320 356 2380 tuam
379 2335 413 2380 ae
445 2334 514 2380 esse
547 2314 695 2395 promisit.
741 2333 816 2398 ergo
850 2314 934 2378 uiam
969 2313 1085 2378 domini
1119 2311 1270 2393 propbeta
1303 2312 1393 2377 libera

202 2444 227 2481 a>
254 2419 358 2493 esurit,
382 2427 583 2503 posteaquam
607 2418 731 2483 dilatato
766 2419 860 2484 corde
883 2438 952 2483 esse
975 2418 1077 2498 coepit.
1122 2436 1184 2482 nou
1214 2418 1299 2481 enim
1328 2423 1393 2480 ante

253 2523 351 2605 potuit
373 2524 455 2587 uiam
479 2522 528 2587 dei
564 2542 695 2599 currere,
727 2542 821 2606 quam
850 2522 917 2603 ipse
947 2521 998 2586 ille
1028 2522 1123 2604 digna
1152 2527 1184 2585 et
1217 2520 1320 2601 ampla
1348 2519 1394 2583 dei

255 2624 431 2692 afficeretur
453 2626 609 2691 habitatio.
655 2645 751 2691 amen.

298 3026 360 3078 411
379 3026 440 3079 Cor.
459 3028 484 3093 6,
505 3027 544 3079 16.
582 3029 598 3078 7
617 3025 697 3079 Prou.
717 3028 737 3093 l,
756 3027 797 3081 20.

298 3408 368 3461 bin
393 3406 432 3459 eis
454 3408 489 3476 pb
542 3407 571 3459 in
596 3426 625 3459 ex
649 3406 714 3460 cuin
738 3425 771 3460 m.
797 3407 813 3458 1
839 3407 862 3460 Γ
912 3406 1100 3460 breaaditR
1153 3406 1267 3475 spiritua
1289 3409 1391 3458 sanctus

255 3503 284 3555 Ε
335 3506 351 3555 7
378 3502 502 3554 solomon
532 3502 557 3553 V
606 3503 622 3555 9
649 3501 730 3555 huius
758 3520 807 3555 οηι.
831 3502 858 3555 R
910 3502 1000 3556 aufert
1024 3521 1044 3572 p
1100 3505 1129 3556 ll
1155 3488 1344 3555 ΕΞΟΔΟΥ(
1370 3497 1394 3549 l'

255 3593 437 3659 ezoeorc
455 3605 481 3657 u
504 3580 736 3657 ezodorro
759 3580 958 3675 cronoicp
994 3606 1256 3674 &supremae
1292 3606 1391 3658 reexo-

255 3701 322 3755 dum
348 3701 393 3753 l'C
409 3701 499 3754 exodu
526 3700 569 3770 Rp
587 3699 691 3754 exodus
710 3701 738 3753 E
763 3700 810 3762 (aar
829 3699 988 3766 exodinmll
1042 3701 1146 3769 proprii
1166 3702 1192 3755 R
1211 3701 1350 3769 proprium
1370 3696 1395 3748 Γ

256 3788 432 3855 angustiis
450 3788 476 3840 R
494 3786 629 3855 angustiis
654 3787 678 3839 1⁷
728 3788 762 3841 15
785 3786 835 3840 has
853 3788 913 3839 cdd.
933 3805 965 3839 m.
984 3786 1005 3839 2
1027 3787 1054 3840 V
1104 3790 1136 3841 16
1153 3780 1165 3841 ἶ
1183 3788 1258 3842 uiam
1275 3787 1349 3840 illam
1370 3781 1395 3833 l'

255 3874 285 3927 in
312 3891 367 3942 qua
385 3876 413 3925 Ε
466 3876 498 3927 18
524 3873 766 3929 deambulaturam
797 3874 821 3926 V
846 3872 1048 3927 ambulaturam
1075 3874 1113 3944 Cp
1167 3877 1199 3929 19
1226 3890 1256 3927 se
1282 3888 1338 3927 essa
1362 3888 1391 3923 aa

256 3977 315 4015 sese
333 3960 405 4014 ra?
428 3961 453 4013 V
502 3963 534 4014 21
555 3960 597 4015 illi
618 3962 640 4013 (¹
689 3961 741 4014 deo
767 3960 859 4030 Vf'pE
909 3962 944 4014 22
961 3976 1041 4013 aman
1069 3978 1117 4013 cnr.
1140 3961 1203 4031 ch
1221 3961 1324 4014 Littera
1340 3957 1390 4011 llll

256 4038 380 4116 explicit
391 4047 489 4116 incipit
507 4046 636 4102 litteraV
655 4047 776 4101 feliciter
791 4046 894 4101 Scribit
912 4046 1093 4115 Antiquarius
1110 4047 1238 4101 Eutalins
1258 4046 1302 4110 (cs.
1320 4047 1388 4098 eamn

257 4134 440 4203 Reifferscheid
456 4135 524 4189 Bibl.
549 4136 576 4189 ie.
600 4134 623 4196 I,
650 4134 685 4189 94
713 4134 788 4201 orla.)
824 4135 848 4188 l'
873 4132 949 4187 Finit
975 4133 1075 4187 Deleth
1103 4135 1163 4188 llll.
1191 4134 1289 4203 incipit
1314 4131 1343 4185 Y.
1370 4130 1392 4181 (¹

257 4236 317 4291 mn.
336 4238 438 4291 natata
456 4239 497 4292 ut.
516 4240 569 4291 1111
591 4240 674 4307 incip.
693 4238 735 4292 ue
756 4219 807 4292 irie
827 4237 851 4289 v
868 4258 894 4309 p.
