3075 4967
293 263 356 329 384
632 263 749 317 saneti
774 263 894 316 Hilari
935 262 1099 331 episeopi

336 454 387 519 11.
412 453 544 534 Quartus
578 451 630 516 hie
669 452 766 517 tertiae
802 450 912 515 litterae
951 471 1060 517 uersus
1098 459 1160 517 est:
1199 454 1440 534 concupiuit

290 560 423 625 anima
446 577 536 635 mea,
559 563 601 621 ut
623 556 857 620 desiderem
881 556 1037 621 iudicia
1059 561 1125 621 tua
1147 557 1186 620 in
1215 559 1324 623 omni
1349 572 1440 623 tern-

290 682 393 745 pore.
437 681 497 727 non
533 667 580 726 est
612 658 772 741 prophetae
806 658 897 724 huius
930 661 1106 725 eommunis
1139 680 1211 725 eum
1241 663 1356 727 ueteris
1389 661 1438 727 uel

290 766 393 833 saeculi
417 786 535 843 serm03
570 763 661 829 ultius
694 764 752 829 sub
787 762 1017 848 significatione
1049 763 1248 830 familiarium
1270 766 1437 832 uerborum

289 869 510 953 intellegentiae
534 888 598 933 suae
621 866 728 932 extulit
750 885 877 932 sensum
894 868 1018 933 diaens:
1042 870 1282 950 concupiuit
1304 872 1437 936 anima

288 994 379 1051 maa,
402 978 443 1037 ut
476 973 707 1038 desiderem
742 972 899 1036 iudieiu
933 982 999 1037 tna
1033 972 1072 1036 in
1106 974 1213 1037 amni
1244 980 1435 1056 tempure.

287 1077 393 1143 multis
416 1077 500 1143 enim
530 1075 684 1141 uidebitur
714 1076 829 1141 rectius
860 1075 979 1141 dietum
1008 1076 1112 1155 fnisse,
1144 1077 1304 1143 desiderat
1334 1079 1436 1143 anime

287 1201 358 1247 mee
380 1182 494 1247 iudicia
516 1187 568 1245 tua
590 1181 621 1244 in
645 1179 729 1244 omui
756 1186 905 1261 tempere.
951 1184 982 1245 et
1004 1181 1083 1245 forta
1105 1180 1234 1264 qnidam
1257 1182 1435 1248 existimant

287 1287 318 1351 id
342 1286 445 1367 ipsum
468 1283 527 1350 sub
549 1282 599 1349 his
621 1284 712 1349 dictis
737 1284 894 1349 contineri.

333 1424 381 1489 12.
406 1423 467 1489 Sed
490 1422 633 1488 meminit
655 1420 809 1503 propheta
838 1422 968 1487 arduum
991 1442 1061 1487 esse
1095 1428 1126 1487 et
1148 1428 1265 1487 naturae
1289 1422 1435 1489 humana

286 1527 581 1610 periculosissimum
626 1526 677 1591 dei
714 1524 891 1591 desiderare
932 1526 1054 1591 iudicia.
1111 1546 1183 1591 eum
1220 1528 1308 1592 enim
1348 1548 1435 1594 nemo

285 1634 393 1697 uiuens
415 1632 448 1695 in
470 1635 637 1711 conspeetu
667 1630 762 1711 ipsius
794 1630 929 1694 muudus
960 1630 1009 1703 sit,
1041 1630 1194 1713 quomado
1226 1631 1435 1698 desiderabile

287 1737 352 1800 eius
386 1745 486 1817 potest
521 1754 591 1799 esse
625 1732 796 1798 iudicium?
822 1753 879 1815 ,an
915 1754 985 1798 eum
1021 1754 1058 1798 er
1093 1736 1176 1798 omni
1208 1735 1304 1800 uerbo
1342 1738 1434 1802 otioso

284 1841 436 1905 rationem
459 1840 557 1903 simus
580 1838 752 1919 prestitum,
775 1838 859 1902 diem
882 1837 986 1902 iudicii
1010 1839 1273 1922 concupiscemus,
1308 1841 1343 1905 in
1377 1860 1435 1924 que

284 1942 372 2007 nubis
411 1949 459 2007 est
495 1941 545 2006 ille
582 1941 756 2007 indefessus
790 1942 874 2026 ignis
908 1940 1078 2018 obeundus,
1113 1944 1143 2006 in
1179 1963 1239 2026 quo
1273 1944 1435 2009 subeunda

283 2054 355 2112 sunt
398 2046 506 2131 grauia
549 2044 601 2110 illa
645 2046 804 2125 expianda
849 2067 867 2110 a
911 2046 1046 2127 peccatis
1100 2046 1212 2111 animae
1257 2046 1434 2129 supplicia?

282 2152 380 2217 beatae
404 2150 511 2215 Mariae
535 2150 706 2214 animam
738 2149 902 2233 gladius
937 2150 1221 2229 pertransibit,
1252 2159 1293 2215 ut
1329 2172 1435 2217 reue·

282 2253 419 2320 lentur
470 2251 688 2318 multarum
741 2253 925 2318 cordium
981 2254 1271 2337 cogitationes.
1333 2257 1360 2320 si
1405 2258 1433 2320 in

281 2359 385 2424 iudicii
421 2358 620 2423 seueritatem
655 2377 752 2438 capax
785 2355 839 2421 illu
873 2358 922 2422 dai
959 2358 1049 2441 uirgo
1087 2365 1217 2423 uentura
1254 2366 1313 2437 est,
1353 2362 1434 2425 desi·

282 2463 390 2527 derare
420 2463 490 2545 quis
524 2461 649 2527 audebit
681 2481 699 2525 a
733 2460 791 2526 dea
823 2461 978 2526 iudicari?
1022 2461 1077 2525 Iob
1108 2462 1193 2526 amni
1222 2460 1433 2529 humanarum

281 2566 490 2631 calamitatum
510 2565 618 2629 militia
640 2574 670 2629 et
688 2566 817 2630 uictoria
835 2564 1023 2646 perfunctus,
1047 2565 1099 2649 qui
1123 2586 1193 2631 eum
1218 2572 1434 2648 temptaretur,

280 2672 337 2735 ait:
373 2669 557 2734 dominus
592 2668 714 2745 dedit,
750 2669 935 2733 dominus
973 2668 1160 2744 abstulit
1198 2671 1255 2734 sit
1290 2692 1434 2737 namen

280 2775 366 2838 eius
413 2774 673 2839 benedictum
718 2774 756 2838 in
803 2774 959 2852 saecula,
1005 2773 1142 2839 cinerem
1179 2794 1213 2839 se
1251 2795 1325 2841 esse
1362 2797 1434 2842 nen·

279 2880 378 2943 sessus
413 2889 461 2943 est
495 2884 526 2943 et
559 2880 664 2944 audita
698 2879 738 2943 de
768 2880 850 2943 nube
882 2879 931 2943 dei
960 2897 1035 2943 uuae
1069 2898 1128 2942 non
1158 2878 1353 2962 loquendum
1374 2882 1432 2945 sibi

323 3028 354 3079 ιι
373 3025 439 3081 uua.
459 3026 493 3094 ιι,
513 3028 554 3081 aa.
592 3028 626 3079 ιι
646 3024 699 3080 ιιι
717 3027 738 3094 ι,
757 3028 799 3079 ιι.

323 3148 455 3202 ltertiae
473 3166 522 3202 om.
544 3149 581 3217 Op
634 3146 777 3201 aiusaitia
793 3146 843 3201 tuit
862 3148 887 3200 R
940 3150 1038 3201 ‘deum
1057 3147 1157 3201 asteris
1184 3150 1346 3205 eommunis
1366 3150 1432 3221 CpE

276 3238 343 3290 eut
370 3252 418 3289 om.
437 3235 463 3288 R
516 3235 673 3289 desiderare
700 3233 911 3289 iustificationes
938 3235 1044 3288 tuasR
1097 3234 1236 3289 'lreetius
1263 3254 1297 3289 ax
1325 3239 1429 3292 rentium

276 3322 336 3377 eine
354 3320 425 3374 aa?
448 3321 474 3376 V
522 3324 607 3375 litua
623 3341 643 3375 a.
662 3340 683 3375 a.
702 3340 735 3375 m.
755 3321 773 3374 1
790 3322 817 3375 R
865 3332 925 3391 poet
951 3306 1076 3389 tempere
1106 3321 1213 3375 14-16
1238 3324 1290 3376 liu.
1317 3342 1386 3379 erus.
1405 3325 1430 3377 R

276 3408 436 3463 existimant
464 3428 494 3463 ea
521 3409 658 3463 extimant
684 3406 757 3463 ur.2
781 3409 806 3462 V
856 3410 888 3463 11
907 3402 939 3462 di
956 3409 1117 3463 desiderare
1144 3428 1174 3463 er
1200 3403 1232 3463 di
1250 3410 1382 3467 desidere
1406 3411 1429 3463 Υ

276 3495 433 3549 desiderare
451 3489 482 3549 di
501 3490 541 3563 (di
558 3514 579 3549 a.
597 3514 616 3549 a.
635 3514 667 3549 ιι.
686 3494 717 3563 3)
737 3496 762 3549 R
816 3496 850 3549 12
867 3495 895 3548 in
914 3501 1066 3564 conspeetu
1084 3496 1143 3566 eins
1161 3496 1186 3551 Γ
1238 3500 1270 3551 13
1290 3498 1428 3553 indiniurn

275 3583 334 3635 eins
352 3586 444 3651 potest
462 3600 521 3636 esse
546 3582 649 3651 (potest
667 3601 697 3636 ex
715 3584 807 3636 dotent
830 3582 865 3649 V)
890 3582 946 3653 Vpu
973 3582 1031 3636 eius
1056 3583 1189 3636 iudicium
1208 3589 1305 3652 potest
1325 3603 1385 3640 esne
1408 3586 1429 3637 ι’

274 3668 362 3722 otioso
375 3669 461 3723 uerbo
475 3668 568 3739 VspE
611 3671 644 3725 14
656 3670 685 3723 in
697 3669 773 3723 diem
787 3668 813 3722 V
853 3669 1073 3737 concupiscimus
1083 3670 1123 3722 Re
1132 3670 1431 3738 eoncupiseeremnsC

274 3758 307 3809 15
317 3754 535 3823 ignisubeundus
547 3754 584 3808 R¹
597 3756 670 3824 ignis
680 3756 839 3810 subeundus
850 3754 903 3827 R⁸p
916 3756 949 3817 cf.
959 3758 1041 3809 Acad.
1051 3775 1079 3827 p.
1093 3754 1132 3808 24
1187 3759 1219 3810 16
1231 3756 1331 3825 gladia
1340 3759 1390 3813 illa
1404 3758 1428 3810 V

274 3852 333 3895 aare
351 3843 447 3896 beatae
466 3842 538 3895 l-5
557 3844 602 3895 litt.
622 3840 753 3909 (animai)
772 3860 838 3896 erus.
859 3844 883 3895 R
936 3846 969 3897 17
986 3842 1169 3912 pertrnnrinit
1186 3862 1216 3912 aa
1233 3843 1435 3913 pertransibit

273 3928 370 3983 m.3R
425 3930 660 3985 18ubiinindieii
675 3928 765 4002 Cliffll
822 3932 930 3984 l9iater
942 3929 1040 3983 iudicii
1052 3941 1075 3983 er
1087 3929 1266 3983 seueritatem
1279 3949 1351 3986 ersa
1369 3948 1384 3986 e
1403 3932 1429 3984 R

272 4069 308 4123 ιο
325 4067 449 4121 omnium
479 4070 546 4138 epu
596 4070 630 4121 aa
648 4028 713 4123 aan'
733 4068 759 4134 (a
784 4088 802 4122 a
825 4087 895 4122 maa.
919 4068 953 4135 ι)
983 4069 1008 4122 ν
1066 4070 1101 4123 aa
1119 4066 1270 4123 beneuram
1300 4073 1329 4124 a
1355 4088 1425 4124 aas.

272 4164 375 4207 exeunte
399 4165 471 4223 part.
495 4157 522 4208 in
547 4174 628 4225 runry.
656 4174 689 4209 m.
716 4154 744 4223 3,
772 4157 836 4209 bin
854 4173 907 4210 rua.
927 4154 952 4205 R
1032 4155 1172 4209 confessus
1199 4161 1244 4209 est
1270 4161 1302 4209 et
1329 4157 1423 4211 andita

271 4243 364 4313 εονὶριὶ
381 4241 520 4296 confessus
539 4246 567 4296 et
584 4243 679 4297 andita
702 4243 792 4313 'VRCp
811 4242 950 4297 confessus
968 4242 1064 4296 audita
1081 4242 1116 4295 Ε.
