3075 4967
277 250 339 316 164
625 253 742 306 saneti
767 252 901 308 Hilarii
925 253 1086 321 episcopi

319 441 347 506 4.
374 441 462 506 Hane
484 441 580 525 igitur
601 435 883 525 supereminentem
906 441 938 507 in
961 441 1020 507 boo
1043 442 1156 508 saeoulo
1179 441 1422 527 efferentemque

276 565 310 610 se
333 546 526 612 altitudinem
549 544 701 628 prophete
719 566 779 612 non
796 547 1022 629 pertimescens
1044 546 1102 612 ait:
1125 547 1172 612 ab
1195 546 1421 612 altitudine

278 649 432 715 dierum
455 670 530 715 non
554 651 718 730 timebo;
751 652 844 736 quia
866 649 990 727 multi,
1015 653 1082 735 qui
1106 650 1319 718 debellant
1353 671 1421 727 me,

278 754 489 820 timebunt.
535 757 593 820 soit
626 756 731 821 aeterni
765 755 870 820 iudicii
904 755 998 833 diem,
1031 755 1115 820 nouit
1149 756 1242 821 etiam
1271 761 1423 822 aeternum

225 883 237 920 a
278 859 385 944 ignem
408 860 506 940 poenis
529 859 653 924 aeternis
676 865 897 941 preparatum:
920 866 1013 943 atque
1046 859 1116 925 ideo
1150 860 1250 945 magis
1284 859 1338 937 illi,
1371 861 1423 944 qui

262 982 349 1028 eum
366 962 522 1028 debellare
542 969 704 1048 temptant,
728 963 888 1041 timebunt,
912 964 984 1048 quie
1007 962 1066 1029 hoo
1089 983 1151 1029 non
1167 951 1273 1029 saneto
1293 965 1424 1029 timente

278 1069 308 1131 in
332 1087 384 1132 eos
408 1067 510 1151 magis
534 1067 638 1132 iudicii
662 1075 761 1133 terror
783 1067 950 1133 inonmbet.
995 1088 1050 1148 pro
1074 1066 1187 1132 fidncia
1209 1088 1284 1134 uero
1307 1070 1424 1134 securi-

277 1172 349 1236 tatis
373 1191 435 1236 suae
458 1170 602 1236 subiecit:
627 1191 700 1255 ego
723 1191 818 1238 uero
841 1171 881 1236 in
905 1178 943 1238 te
966 1173 1148 1256 sperabo.
1194 1173 1232 1236 in
1260 1172 1423 1236 domino

277 1275 452 1341 laudabo
476 1295 685 1341 sermones
709 1295 816 1341 meos
841 1281 926 1340 lota
956 1277 1029 1343 die.
1075 1297 1146 1358 spes
1169 1295 1278 1341 omnes
1309 1276 1343 1340 in
1367 1278 1425 1341 deo

226 1405 250 1440 ιο
278 1378 416 1445 eonloeat
439 1399 658 1464 sermonesque
688 1399 758 1445 suos
783 1386 844 1445 toto
868 1386 1007 1461 tempore
1028 1381 1100 1445 uitae
1124 1399 1186 1445 suae
1209 1379 1323 1445 laudat.
1373 1400 1426 1444 no-

278 1503 338 1570 que
361 1483 527 1549 obscurum
550 1491 606 1563 est,
631 1485 704 1569 quid
728 1485 758 1548 in
783 1482 927 1569 loquente
951 1505 984 1550 se
1008 1483 1122 1551 laudet.

323 1589 351 1654 5.
379 1587 445 1653 on
469 1590 551 1653 enim
576 1587 643 1652 bare
667 1593 773 1653 saneto
797 1599 844 1654 est
867 1589 970 1672 digna,
994 1608 1061 1673 quae
1085 1589 1240 1674 sequitur:
1276 1590 1313 1653 in
1352 1590 1427 1654 deo

279 1693 459 1774 sperabo,
495 1712 570 1756 non
606 1694 753 1759 timebo
790 1693 886 1776 quid
919 1693 1045 1758 faeiat
1078 1693 1177 1757 mibi
1214 1712 1314 1757 earo.
1365 1712 1426 1757 non

279 1796 362 1862 hune
385 1797 502 1882 frangit
524 1796 625 1862 saculi
658 1803 765 1876 terror,
801 1817 901 1879 neque
935 1797 1174 1879 conspirantium
1210 1798 1363 1863 aduersus
1393 1817 1427 1862 se

228 1920 252 1959 15
280 1900 350 1966 odia
372 1900 559 1982 perturbant.
605 1921 676 1982 spes
700 1902 793 1978 enim,
817 1921 885 1985 quae
908 1901 940 1966 in
963 1902 1020 1966 deo
1043 1909 1099 1979 est,
1122 1907 1256 1967 terrores
1274 1901 1426 1967 humane

279 2025 348 2071 rum
371 2025 431 2070 non
455 2006 645 2088 pertimescit
666 2006 813 2071 odiorum.
858 2025 984 2071 earnem
1007 2012 1111 2072 autem
1127 2026 1181 2088 pro
1197 2005 1427 2090 significatione

278 2108 450 2187 hominum,
466 2130 522 2200 per
538 2129 629 2194 quam
644 2111 675 2174 in
692 2130 819 2192 corpore
834 2111 1038 2187 eontinentur,
1051 2096 1229 2195 frequenter
1239 2110 1426 2190 aoeipimus;

280 2212 329 2279 uel
352 2233 423 2280 oum
447 2214 559 2280 dieitur
582 2215 621 2280 de
637 2213 756 2295 impiis:
780 2234 856 2279 non
878 2213 1089 2280 habitabit
1111 2215 1287 2295 spiritus
1310 2232 1425 2279 meus

281 2320 319 2384 in
352 2318 586 2384 homiuibus
621 2319 726 2395 istis,
761 2320 948 2403 quoniam
984 2338 1076 2383 earo
1110 2326 1210 2393 sunt,
1253 2317 1302 2382 uel
1333 2319 1426 2384 illud:

229 2440 253 2477 2⁰
282 2421 442 2506 uideb'jt
479 2423 607 2488 omnis
645 2442 736 2488 earo
775 2423 958 2488 salutare
985 2423 1058 2501 dei,
1090 2422 1140 2488 uel
1172 2422 1248 2486 illud
1277 2423 1426 2503 apostoli:

280 2545 408 2591 nonne
432 2527 535 2592 estis
559 2527 747 2592 carnales
771 2535 809 2593 et
832 2528 1051 2592 seeundum
1068 2525 1272 2592 hominem
1295 2527 1428 2592 ambu-

282 2627 404 2696 latis?
451 2635 555 2697 menet
576 2631 680 2713 itaque
703 2631 918 2712 inperterritus
946 2632 1003 2697 snb
1027 2631 1238 2697 misericordia
1261 2632 1311 2696 dei
1331 2639 1428 2715 atque

282 2734 350 2799 ideo
373 2735 404 2798 in
428 2753 464 2799 eo
488 2753 616 2815 sperans
639 2755 745 2800 omues
768 2736 870 2800 curnis
894 2736 1027 2816 impetus
1051 2736 1332 2819 insectationesque
1365 2755 1427 2800 non

282 2839 396 2903 metuit.
442 2839 496 2903 sed
520 2838 615 2923 digne
638 2837 729 2922 plane
752 2840 846 2904 etiem
870 2838 938 2904 haeo
960 2839 1120 2924 unigenito
1143 2839 1201 2904 deo
1223 2860 1282 2903 uox
1297 2846 1354 2918 est
1379 2841 1426 2905 eui

230 2959 255 2996 π
283 2941 468 3006 exinanienti
491 2961 525 3007 se
549 2963 586 3007 ex
610 2943 658 3008 dei
683 2943 782 3008 lorma
798 2945 942 3009 uirtutem
958 2944 1009 3009 dei
1035 2949 1128 3027 atque
1144 2950 1286 3009 naturam
1302 2942 1427 3009 seruilis

284 3045 382 3111 forma
406 3065 464 3111 non
488 3046 620 3112 abstulit.
667 3047 766 3112 laetus
783 3046 865 3114 enim
883 3068 953 3112 ooro
969 3049 1045 3114 deus
1061 3048 1152 3113 etiam
1166 3048 1196 3111 in
1209 3047 1427 3128 adsumptione

283 3150 383 3215 earnis
407 3151 483 3215 deus
506 3169 574 3215 esse
596 3151 774 3231 permansit,
805 3161 895 3216 utens
928 3152 1049 3217 uirtutis
1083 3171 1146 3216 suae
1180 3150 1237 3217 sub
1271 3151 1427 3216 consortio

283 3255 378 3320 nostri
402 3255 539 3335 eorporis
562 3261 719 3335 potestate.
766 3255 934 3321 nonenim
958 3275 1051 3322 earne
1085 3263 1132 3321 est
1165 3257 1426 3340 dogmatumque

330 3431 360 3484 rs
379 3429 446 3483 een.
464 3428 510 3496 vr,
530 3431 554 3482 e.
591 3432 625 3485 so
643 3430 709 3484 nus.
729 3431 776 3494 111,
795 3433 820 3485 e.
856 3433 888 3485 ar
908 3432 928 3485 1.
949 3431 1010 3484 cor.
1029 3433 1054 3498 a,
1073 3433 1097 3485 a.

328 3602 509 3657 ldtlerenlis
528 3611 545 3672 q
564 3619 592 3655 se
606 3603 631 3654 P
681 3603 861 3672 iproietsli
914 3604 1038 3672 bedque
1053 3605 1079 3657 R
1131 3604 1261 3658 desueto
1279 3619 1334 3656 non
1350 3605 1428 3656 m·

284 3743 299 3793 7
324 3740 460 3796 incumbit
488 3741 566 3794 PFE
636 3745 667 3797 13
702 3699 788 3796 habant«)J
812 3743 839 3794 P
865 3743 947 3798 homo
974 3744 1044 3797 RTa
1073 3745 1120 3800 sed
1145 3745 1182 3813 cs.
1212 3759 1277 3812 qaue
1305 3753 1426 3796 exuatur

284 3830 317 3881 18
343 3845 406 3882 oum
433 3828 536 3883 dieitur
555 3826 657 3896 (dioit')
682 3829 715 3883 de
742 3829 835 3898 impiis
862 3832 957 3885 conieci
979 3847 1041 3884 eum
1065 3829 1111 3883 hie
1138 3829 1172 3883 de
1199 3828 1293 3898 impiis
1311 3831 1337 3882 R
1362 3846 1425 3883 eum

282 3915 329 3968 hio
355 3913 390 3967 de
416 3914 509 3984 impiis
536 3915 605 3969 dicit
623 3916 661 3970 Pb
686 3931 749 3969 eum
772 3914 825 3969 boe
851 3916 887 3970 de
913 3917 1006 3986 impiis
1033 3916 1136 3972 dieitur
1160 3917 1186 3969 T
1208 3933 1271 3970 enm
1299 3917 1333 3970 de
1357 3915 1425 3984 ipsis

283 4053 353 4107 dioit
379 4071 392 4106 e
467 4002 597 4108 babitublt
615 4055 641 4107 P
715 4057 748 4110 19
774 4054 836 4108 istis
863 4073 911 4108 om.
938 4057 965 4109 R
989 4058 1036 4109 sed
1066 4056 1101 4125 es.
1129 4056 1173 4109 Pe.
1201 4054 1299 4109 LXIV
1320 4073 1379 4125 cop.
1407 4053 1424 4105 l

284 4142 319 4194 22
336 4141 548 4210 impterrilusT
600 4142 690 4209 adque
706 4143 732 4194 R
785 4144 819 4196 28
837 4143 964 4196 omnisR
1016 4143 1051 4195 24
1067 4143 1166 4211 planae
1184 4143 1210 4196 R
1261 4143 1296 4196 st
1314 4141 1424 4195 exinani

284 4231 433 4281 zzente
446 4229 471 4280 R
524 4227 861 4296 ειῐᾳΞΞΞΞηαιυτί
880 4229 910 4282 Ρ.
