3075 4967
279 255 320 320 78
618 254 736 307 saneti
760 253 895 306 Hilarii
920 251 1084 321 episcopi

278 445 460 512 clarificatos
484 452 516 508 at
539 442 758 507 inmortalitate
782 448 942 522 coopertos
965 447 996 505 et
1018 441 1050 505 in
1074 440 1211 521 corporis
1227 439 1273 504 sui
1290 438 1425 524 gloriam

279 551 485 615 conformatos
516 549 548 611 in
578 567 710 631 regnum
740 547 838 627 patris
868 547 1004 622 inducat,
1037 545 1098 609 iam
1130 543 1339 609 cohereditute
1370 563 1428 608 sus

279 655 405 738 dignos,
439 651 501 716 ism
539 652 571 716 iu
611 650 761 714 lemIliam
800 650 896 730 patris
934 651 1132 730 adsumptos,
1174 650 1238 713 iam
1274 647 1427 712 bonorum

279 757 345 822 eius
371 756 540 839 gloriaeque
571 756 745 838 participet,
775 763 809 818 ut
832 755 909 834 patri
940 758 1112 837 conregnet
1141 752 1172 816 in
1202 747 1293 817 nobis
1321 752 1428 836 sitque

239 893 252 928 ι
280 861 355 926 deus
378 859 483 924 omnia
497 860 528 923 iu
544 859 693 936 omnibus
717 878 788 923 cum
811 857 1001 922 subiectione
1023 858 1219 923 oboedieotiae
1240 857 1272 920 in
1288 856 1429 921 diuinam

280 971 422 1029 naturam
446 963 588 1027 humanm
618 963 845 1046 adsumptionis
868 961 1068 1026 absorbeatur
1090 960 1264 1025 infirmitas.
1310 966 1430 1025 aeterna

279 1067 347 1133 haec
368 1069 462 1152 igitur
485 1087 541 1148 per
563 1065 659 1130 filium
683 1065 749 1130 laus
772 1066 853 1147 petri
877 1067 934 1130 deo
958 1065 1064 1129 debita
1086 1071 1143 1142 est,
1177 1064 1332 1130 suscitatis
1362 1083 1432 1127 om·

280 1171 378 1250 nibus,
402 1171 453 1254 qui
470 1171 509 1235 ab
523 1171 627 1236 Adam
649 1189 748 1254 usque
773 1171 813 1234 ad
835 1169 925 1254 regui
945 1176 1069 1252 tempus
1087 1188 1144 1251 per
1165 1167 1262 1233 fidem
1283 1168 1430 1244 uixerint,

280 1281 312 1342 et
334 1275 447 1340 caelesti
472 1274 580 1340 habitu
603 1295 621 1338 a
645 1293 772 1356 corpore
796 1273 1030 1358 transfiguratio,
1055 1279 1086 1338 et
1107 1273 1269 1356 iniquitate
1300 1271 1431 1336 malitia

228 1411 253 1448 ιι
280 1381 381 1444 omnis
404 1379 516 1458 ablata,
540 1385 571 1444 st
594 1379 714 1444 diabolo
737 1379 769 1442 in
792 1397 917 1461 poenam
940 1377 1048 1442 aeterni
1071 1377 1154 1461 ignis
1176 1376 1308 1448 addicto,
1333 1385 1364 1439 et
1389 1376 1432 1440 de

281 1487 430 1550 memoria
453 1484 614 1549 hominum
646 1484 772 1548 nomine
795 1483 861 1548 eius
885 1492 1044 1563 exempto:
1078 1480 1147 1545 haec
1169 1481 1199 1544 in
1226 1479 1346 1561 psalmo
1376 1499 1431 1544 oc·

281 1587 362 1653 culta
395 1594 565 1665 cantantur,
600 1588 667 1652 haec
697 1592 912 1652 consummato
944 1585 1007 1650 fine
1041 1583 1244 1651 celebrentur.
1289 1589 1320 1648 et
1354 1584 1432 1666 quia

282 1691 361 1757 filius
385 1691 557 1757 futurorum
581 1693 719 1756 omnium
742 1691 882 1756 conscius
906 1697 960 1768 est,
991 1689 1061 1755 haec
1089 1695 1249 1772 tamquam
1272 1688 1333 1751 iam
1357 1707 1433 1767 per·

281 1795 362 1860 fecta
388 1795 562 1874 laudantur,
594 1796 665 1879 quia
695 1796 727 1859 in
750 1815 787 1860 eo
817 1801 849 1860 et
871 1794 953 1875 apud
983 1813 1053 1859 eum
1084 1798 1115 1858 st
1143 1812 1199 1874 per
1229 1811 1300 1856 eum
1322 1792 1433 1855 omnia

230 1929 255 1966 ιι
283 1909 367 1964 sunt:
391 1900 451 1981 ipsi
474 1899 573 1984 gloria
595 1901 626 1963 in
650 1897 763 1964 saecula
786 1897 976 1964 seculorum.
1023 1916 1122 1963 emen.

706 2069 893 2153 PSdlllllS
918 2069 998 2152 Illl.

341 2194 451 2258 Dixit
481 2195 688 2274 insipiens
719 2195 757 2258 in
789 2196 909 2259 eorde
940 2213 1025 2258 suo:
1057 2211 1134 2256 non
1164 2200 1224 2256 est
1248 2192 1348 2255 deus

759 2304 791 2362 et
813 2297 942 2381 reliqua.

328 2402 356 2466 l.
380 2401 416 2464 In
432 2400 538 2466 multis
560 2421 616 2466 nos
640 2401 785 2468 emdiens
800 2400 955 2482 apostolus
971 2403 1066 2467 etlam
1076 2401 1108 2465 id
1124 2401 1240 2478 edocet,
1254 2419 1326 2464 cum
1343 2400 1434 2464 omni

231 2531 257 2571 ao
284 2506 457 2570 reuerentia
480 2505 610 2570 uerbum
634 2506 683 2570 dei
715 2525 785 2571 esse
815 2506 1017 2579 tractandum,
1048 2505 1171 2571 dicem:
1202 2504 1270 2587 qui
1300 2501 1434 2586 loqui·

284 2615 353 2684 tur,
378 2614 579 2692 tamquam
602 2608 764 2693 eloquIa
788 2610 861 2674 dei.
907 2629 968 2673 non
993 2608 1434 2674 enlmsecundumsermonis

283 2713 379 2777 nostri
409 2732 497 2776 usum
527 2713 736 2793 promiscuam
767 2715 798 2778 in
823 2713 873 2778 his
897 2734 965 2778 esse
995 2718 1117 2794 oportet
1146 2711 1342 2786 facilitatem
1373 2713 1434 2776 sed

282 2814 478 2899 loquentibus
501 2816 590 2882 uobis
614 2837 657 2896 aa,
689 2837 758 2901 quae
782 2817 948 2882 didicimus
970 2825 1002 2882 et
1025 2816 1167 2901 legImus,
1196 2834 1253 2896 per
1282 2813 1435 2880 sollieitu-

284 2920 386 2986 dinem
411 2921 638 2986 sermocinandi
661 2921 758 2987 honor
781 2931 828 2986 est
843 2921 1020 2987 reddendus
1036 2921 1160 2986 auctori.
1204 2925 1237 2985 st
1251 2919 1435 2999 exemplum

231 3053 256 3090 aa
283 3022 372 3088 nobis
395 3022 528 3090 caelestis
551 3025 698 3090 doctrinm
721 3030 849 3105 praeter
877 3023 1007 3090 humani
1037 3024 1131 3089 officii
1160 3023 1358 3089 consuetudo.
1406 3025 1435 3088 si

283 3127 368 3192 enim
392 3129 461 3210 quis
484 3129 580 3192 uerba
601 3130 686 3212 regis
709 3129 915 3210 interpretans
945 3138 976 3194 st
1005 3135 1162 3209 precepta
1194 3126 1260 3192 eius
1282 3126 1315 3191 in
1338 3146 1435 3192 sures

326 3234 361 3286 20
379 3233 392 3285 Ι
410 3232 483 3285 Petr.
500 3235 526 3298 4,
546 3235 586 3286 11.

328 3372 390 3423 let
402 3369 684 3425 inmortaIItatseaet
698 3375 726 3425 et
738 3371 940 3425 inmortalitate
952 3371 1055 3427 m.2V
1104 3371 1193 3441 gloria
1210 3372 1240 3423 rb
1292 3369 1386 3424 diam
1403 3370 1434 3423 in

283 3455 417 3509 familiam
426 3475 456 3509 ex
465 3457 494 3509 iu
503 3455 637 3511 familiam
646 3457 709 3511 m?
724 3459 749 3512 V
787 3459 987 3513 dsubIectione
996 3461 1090 3528 scripsi
1101 3459 1302 3512 subiectionem
1317 3456 1370 3511 Vsu
1379 3473 1435 3525 per

283 3542 483 3596 subiectionem
497 3545 562 3597 coni.
578 3544 673 3598 Bened.
686 3546 714 3598 ia
727 3547 788 3598 adn.
802 3573 836 3582 -
847 3545 886 3608 cf.
898 3548 929 3599 de
942 3547 1017 3599 Tria.
1029 3545 1080 3612 XI,
1093 3543 1141 3613 32,
1158 3546 1231 3599 Stud.
1247 3541 1320 3597 1889
1328 3560 1358 3614 p.
1370 3542 1435 3596 320

284 3631 299 3680 7
327 3629 465 3683 suscitatis
492 3629 523 3683 in
553 3631 681 3686 omnibus
709 3651 724 3684 r
778 3635 811 3685 13
837 3631 906 3685 haec
933 3649 963 3684 ea
989 3630 1054 3686 ham
1081 3651 1114 3685 m.
1133 3630 1154 3684 2
1176 3631 1203 3684 V
1252 3632 1285 3684 16
1303 3629 1435 3698 Explicit

283 3715 405 3783 psalmus
418 3715 497 3770 VIIII
514 3717 615 3786 Incipit
632 3718 754 3786 psalmus
767 3718 833 3772 XIII
851 3717 971 3772 feliciter
991 3720 1018 3773 V
1031 3718 1157 3788 Explicit
1174 3718 1209 3771 de
1227 3717 1311 3771 tltule
1329 3717 1435 3786 psalmi

284 3803 350 3855 noui
368 3802 468 3868 incipit
485 3803 607 3871 psalmus
622 3805 782 3874 XIII.Lsge
799 3805 919 3859 felloiter
937 3826 952 3858 r
969 3833 1004 3843 -
1022 3808 1050 3859 ia
1067 3809 1121 3859 cod.
1138 3807 1172 3870 R,
1191 3805 1235 3875 qui
1252 3805 1345 3857 omisso
1362 3820 1435 3857 nono

283 3891 350 3942 lunc
364 3891 495 3959 psalmum
517 3893 627 3944 secundo
651 3893 761 3945 adnectit
785 3889 851 3957 (uid.
875 3892 980 3962 supro),
1001 3904 1062 3962 post
1086 3895 1214 3962 intcymm
1237 3892 1318 3961 ipsae
1334 3891 1437 3959 psalmi

284 3985 379 4029 testum
390 3979 480 4030 desum
492 3979 542 4030 duo
556 3979 651 4048 priora
670 3987 795 4032 tractatus
805 3981 893 4049 cupita
910 3979 940 4032 in
958 3979 1054 4033 multis
1072 3995 1122 4032 nos
1141 3976 1436 4032 erudiens-exultet

284 4061 398 4118 Israhel.
453 4065 484 4117 17
514 4063 646 4133 inalpiens
676 4083 706 4118 ea
734 4065 872 4134 incipiens
901 4085 934 4119 m.
964 4065 985 4118 2
1019 4067 1045 4120 V
1096 4069 1129 4120 19
1156 4065 1188 4118 in
1217 4063 1313 4118 multis
1344 4081 1375 4118 α
1401 4064 1434 4117 in

284 4148 411 4204 mulmtIs
429 4149 497 4202 rra-1
520 4151 546 4204 V
594 4151 679 4206 etiem
696 4151 762 4205 inde
780 4153 862 4206 docet
878 4173 894 4206 r
945 4156 977 4207 sl
998 4152 1108 4221 eloquia
1126 4170 1157 4206 a
1173 4150 1294 4220 eloquiis
1311 4148 1386 4203 rra-2
1409 4149 1436 4203 V

284 4237 320 4290 26
337 4237 541 4305 interpraetans
564 4237 588 4291 V
638 4237 668 4290 in
686 4253 781 4291 aurem
799 4241 837 4292 rb.
