3075 4967
399 282 579 333 tractatus
598 279 632 331 in
655 279 827 347 psalmum
846 277 916 332 LIV.
1168 279 1226 343 161

104 488 159 533 me.
200 468 355 534 enutriens
378 475 481 534 autem
503 487 567 533 non
588 467 742 552 relinquet
764 469 796 532 in
819 469 960 534 fluctibus
995 469 1083 534 istius
1114 469 1229 548 usuali,

104 573 179 640 ucuti
200 574 345 638 enutritus
369 572 461 638 Iacob
485 592 609 638 omnem
632 577 848 654 tempestatem
872 579 903 637 et
924 572 1065 639 odiomm
1089 580 1120 640 et
1141 575 1227 640 dmae

105 678 241 742 seruitutis
263 677 362 742 euasit
381 678 502 742 dicens:
527 676 632 755 deus,
656 679 724 761 qui
748 679 950 743 enutriuit
972 698 1031 745 me
1053 699 1073 742 a
1093 679 1228 744 iuuen-

106 787 177 847 tute
197 801 287 847 mea.
334 782 401 862 ipsa
425 782 506 847 eninr
530 781 601 846 uitae
624 789 731 846 auctor
754 788 809 859 est,
831 782 898 866 ipse
921 782 981 847 cibi
1005 782 1142 867 largitor,
1165 803 1227 848 non

104 886 201 950 urrani
223 892 351 964 tantum,
375 886 430 950 sed
453 887 546 951 etiam
569 884 727 964 spiritalis.
1269 913 1282 950 s

142 1094 186 1158 19.
209 1093 269 1158 Sed
292 1093 345 1158 illo
368 1113 461 1174 super
484 1113 598 1178 aquam
628 1095 804 1160 resectionis
835 1095 963 1159 educato
990 1101 1020 1160 et
1043 1115 1062 1159 a
1083 1094 1228 1176 procellae

105 1198 228 1262 ductibus
250 1196 381 1263 liberato
405 1198 502 1282 digna
524 1198 637 1278 impios
672 1216 763 1279 poena
796 1198 1001 1281 consequitur,
1035 1217 1106 1263 curn
1139 1199 1228 1264 dicit:

105 1309 135 1365 tu
164 1322 260 1380 uero,
285 1301 393 1378 deus,
419 1303 598 1368 deduces
632 1301 729 1367 illos
763 1303 802 1366 in
837 1309 998 1386 puteum
1020 1303 1229 1368 interitus.

105 1407 168 1469 uiri
190 1407 431 1490 sanguinum
455 1411 493 1470 et
515 1405 757 1470 dolositatis
791 1426 868 1471 non
899 1406 1229 1472 exdimidiebuut

106 1511 179 1574 dies
210 1530 317 1576 suos:
353 1530 426 1594 ego
450 1509 777 1591 uutemsperabo
812 1512 850 1574 iu
884 1517 930 1586 te,
965 1512 1136 1577 domiue.
1182 1519 1230 1577 est
1257 1537 1283 1574 ιο

106 1615 213 1697 quidem
237 1623 347 1698 puteus
371 1634 460 1698 aqum
482 1614 578 1693 uiuae;
612 1615 667 1679 sed
692 1620 793 1679 estet
814 1622 924 1695 puteus
946 1615 1087 1680 interitus
1121 1635 1232 1682 secun-

108 1719 168 1782 dum
189 1719 276 1785 illud:
300 1739 375 1784 non
400 1739 457 1783 me
480 1719 693 1802 demergat
715 1725 942 1799 tempestas
958 1739 1078 1804 aquae,
1100 1740 1231 1804 neque

108 1821 309 1889 absorbeat
337 1843 395 1888 me
426 1823 680 1908 profundum,
703 1842 832 1906 nequa
866 1824 1076 1888 contineat
1109 1845 1232 1907 super·

108 1946 154 1991 ne
173 1935 313 2009 puteus
337 1947 380 1992 os
402 1947 524 1992 sunm.
570 1946 631 1992 non
654 1927 760 1993 relicto
781 1928 875 2011 igitur
889 1928 921 1991 iu
936 1927 1134 1992 fluctuatione
1149 1930 1229 1994 iusto

108 2029 142 2094 illi
162 2031 190 2096 in
210 2041 335 2113 puteum
358 2033 498 2096 interitus
521 2032 719 2106 deducentur,
747 2031 834 2096 cuius
849 2051 884 2096 os
899 2031 1039 2097 clausum
1053 2033 1228 2116 resurgenti
1259 2056 1284 2094 re

109 2155 139 2198 eu
150 2135 248 2202 inieris
265 2136 424 2221 unigenito
440 2137 497 2201 deo
513 2155 657 2202 essenon
669 2137 775 2217 potuit.
820 2143 956 2201 ceterum
969 2143 1041 2218 post
1051 2137 1229 2217 passionem

110 2238 208 2304 domini
229 2241 331 2306 statim
355 2259 409 2305 eos
433 2239 504 2304 belli
528 2240 657 2304 uictoria
673 2260 741 2306 cum
758 2239 877 2305 excidio
892 2241 1026 2306 ciuitatis
1043 2241 1231 2322 absumpsit:

110 2345 177 2408 enni
198 2347 370 2426 promiscua
393 2351 482 2409 aetate
505 2344 544 2408 ad
569 2343 810 2410 satisfactionem
833 2345 1023 2410 uincentium
1038 2346 1231 2426 interempta

110 2467 159 2510 non
170 2449 332 2514 dimidiatis
348 2449 418 2514 uitae
434 2448 541 2514 diebus
555 2448 710 2514 iuuentute
725 2455 887 2532 prostrata.
933 2449 1000 2514 dies
1023 2457 1126 2514 autem
1149 2449 1232 2530 pleni

112 2553 207 2617 sanctis
229 2561 259 2619 ct
280 2552 425 2619 fidelibus
440 2559 636 2617 resumantur
648 2553 820 2617 secuudum
837 2552 926 2617 illud:
950 2560 988 2618 at
1010 2554 1098 2619 dies
1120 2555 1231 2638 pleni
1257 2573 1283 2612 ao
1314 2609 1319 2619 .

111 2653 356 2723 inueniuntur
380 2657 418 2720 in
441 2656 514 2734 his,
539 2675 670 2740 quorum
694 2676 766 2737 spes
799 2677 925 2738 semper
947 2657 977 2722 iu
1013 2659 1139 2722 domino
1169 2665 1230 2723 est:

111 2759 152 2839 qui
173 2761 417 2828 estbenedictus
439 2761 471 2825 iu
495 2759 607 2826 eaeoula
630 2761 819 2826 saeculorum.
865 2781 966 2826 amen.

145 3039 235 3092 esen.
252 3038 377 3105 xnvru,
397 3041 437 3093 15.
477 3041 507 3092 m
525 3039 567 3091 m.
587 3037 711 3106 uxum,
730 3042 772 3093 re.
807 3041 842 3093 uo
860 3039 902 3091 Pa.
921 3039 1031 3106 nixu,
1052 3043 1090 3094 ro.

148 3314 251 3370 lhuius
269 3316 358 3371 seculi
378 3317 403 3368 P
452 3317 558 3370 llsicut
577 3317 626 3368 Pl*
678 3317 788 3370 4cuim
811 3335 883 3388 supr.
907 3336 956 3370 scr.
976 3319 1001 3370 T
1052 3318 1106 3386 ipsi
1133 3317 1237 3372 cibiV

113 3401 227 3456 dedocet
250 3404 271 3456 V
322 3403 504 3471 'limpiusP
554 3403 644 3456 ttuiri
661 3422 718 3474 sup.
738 3404 823 3457 limV
872 3404 960 3457 dolosi
980 3405 1030 3456 Vr
1080 3403 1233 3458 exdemidi·

113 3485 184 3540 abunt
193 3489 268 3560 Vlcs.
279 3493 400 3543 Subatr'er
411 3490 447 3546 II.
461 3490 524 3554 111)
534 3489 752 3544 dimidiauerunt
761 3491 810 3543 PT
818 3491 1004 3545 dimidiabant
1014 3492 1040 3544 R
1089 3494 1119 3545 11
1132 3490 1233 3564 sedeat

114 3576 135 3624 u
144 3591 155 3626 c
165 3577 208 3629 sad
219 3581 260 3631 cst
275 3577 374 3630 l'RP'l'
426 3579 460 3631 13
472 3577 583 3631 sorbeat
602 3579 680 3631 Vsed
690 3579 725 3648 cs.
736 3578 780 3630 Pe.
790 3577 919 3630 LXVIII
931 3596 987 3646 cap.
999 3578 1035 3631 13
1088 3579 1122 3631 14
1134 3581 1234 3646 puteus

113 3675 170 3727 supr.
193 3680 238 3716 scr.
264 3683 297 3717 ru.
326 3665 342 3716 1
371 3662 397 3714 P
445 3662 475 3716 in
501 3663 682 3718 fluctuationi
709 3665 735 3717 P
787 3664 820 3718 15
836 3663 886 3717 illa
912 3665 962 3716 PT
1012 3662 1165 3719 deducatur
1183 3663 1234 3715 ΡΤ

115 3797 189 3852 clusos
200 3801 320 3856 clausum
338 3802 360 3854 V
411 3803 567 3872 resurgenti
579 3807 608 3857 et
620 3819 655 3856 ex
664 3803 691 3855 P
700 3751 878 3885 resurgentis
896 3818 931 3856 ex
947 3821 1014 3856 corr.
1026 3821 1060 3856 m.
1072 3804 1092 3856 3
1104 3804 1130 3856 lt
1141 3819 1232 3856 rasur-

115 3907 182 3968 geuta
205 3921 268 3960 exe
330 3908 362 3961 17
382 3906 536 3975 adsumpsit
565 3907 589 3962 V
639 3909 672 3961 18
690 3908 725 3962 sd
752 3907 981 3989 statisfactionem
1009 3924 1075 3961 corr.
1103 3927 1136 3960 m.
1164 3907 1181 3959 1
1211 3908 1236 3960 V

116 4007 280 4064 muntium
307 4011 359 4064 PT
410 4012 442 4065 21
462 4009 643 4066 inueniuntur
672 4011 702 4065 iu
729 4011 773 4064 his
805 4011 830 4064 V
855 4009 1034 4065 inueniantnr
1059 4012 1103 4066 his
1129 4011 1236 4065 RPV'E

116 4093 142 4146 u
155 4111 227 4150 aman
243 4115 290 4152 om.
315 4099 340 4150 V
355 4097 479 4166 Explicit
497 4097 622 4152 Psalmus
649 4098 728 4153 LlIIl
756 4097 855 4166 incipit
881 4097 1007 4151 Psalmus
1031 4097 1108 4152 LVII
1132 4101 1155 4152 V
1175 4097 1232 4152 Ex-

116 4179 181 4245 plicit
205 4183 327 4254 Psalmus
357 4184 436 4239 LIIII
466 4184 566 4254 incipit
594 4185 719 4240 Psalmus
747 4184 796 4238 LV
822 4186 849 4238 R
874 4184 999 4253 Explicit
1024 4185 1125 4240 Psalm.
1155 4185 1234 4240 LIIll

117 4263 198 4336 incipit
213 4270 259 4324 LV
279 4273 304 4324 P
318 4272 399 4340 Expl.
419 4271 453 4325 de
471 4271 550 4326 Lllll
569 4270 678 4326 Psalmo
697 4271 782 4340 incip.
801 4273 835 4326 de
853 4271 902 4325 LV
923 4269 952 4325 Τ.

159 4387 221 4432 ull.
235 4389 308 4432 lillsr.
322 4391 378 4432 Plau
394 4403 446 4440 para
460 4392 479 4432 1.
1047 4344 1077 4396 ll
