3075 4967
362 311 542 358 tractatus
567 304 602 357 in
626 303 799 372 psalmum
824 305 896 358 Xll'.
1162 309 1203 373 95

80 495 237 560 beneficium
253 517 324 562 oum
338 495 464 576 pauperi
481 503 617 574 praestas,
633 491 757 558 Christo
774 501 922 574 prestare
944 501 974 561 te
997 515 1099 578 nosce,
1131 499 1201 581 quia

79 606 182 680 propter
209 621 286 678 cum,
317 619 389 665 eum
421 599 496 664 deus
527 603 618 675 esset,
648 597 856 681 indigentiam
886 598 952 663 eius
986 607 1035 665 est
1056 600 1202 685 dignatus

79 713 101 765 ct
121 723 230 768 nomen.

113 833 154 898 16.
178 834 234 900 Sed
257 854 296 900 ne
320 835 416 898 durus
439 853 540 898 sermo
564 834 783 899 admonitionis
805 833 894 898 istius
911 834 1098 913 crederetur,
1121 841 1200 901 tam-

79 940 198 1019 quamsi
221 941 341 1018 penitus
365 939 422 1003 sub
452 955 613 1004 usurarum
643 938 768 1004 nornine
799 937 933 1002 habendi
963 957 1069 1003 curam
1098 959 1200 1005 remo·
1242 972 1254 1004 a

78 1041 169 1106 uasat:
191 1061 249 1106 uon
272 1043 368 1127 igitur
390 1041 572 1125 adquirendi
596 1041 835 1107 sollicitudinem
853 1041 986 1119 sustulit,
1010 1043 1085 1126 quin
1108 1043 1200 1108 etiam

79 1145 237 1212 modestiam
259 1146 431 1226 accipiendi
454 1147 591 1212 muneris
615 1147 799 1227 tempernuit
829 1145 966 1211 adiciens
989 1147 1029 1212 ad
1056 1147 1097 1222 id
1120 1149 1202 1231 quod

79 1249 190 1316 dixerat:
229 1251 295 1334 qui
334 1250 546 1330 pecuniam
576 1269 684 1315 suam
714 1269 790 1314 uon
820 1249 937 1314 dedit
965 1250 1013 1315 ad
1042 1269 1202 1316 usuram

79 1361 278 1419 etmunera
307 1373 429 1435 super
456 1354 702 1420 innocentes
732 1375 809 1419 non
831 1353 1001 1433 occepit.
1046 1359 1095 1418 ost
1116 1373 1201 1438 quae-

79 1456 137 1522 dam
157 1478 311 1523 munerum
336 1459 530 1536 consuetudo,
554 1476 624 1541 quae
646 1456 796 1523 bonorem
825 1456 947 1522 adferat
975 1456 1128 1541 largienti,
1157 1459 1200 1524 ita
1227 1491 1252 1526 ιο

80 1569 102 1623 ut
120 1562 234 1626 maximi
265 1560 379 1628 doloris
410 1563 450 1626 sit
479 1561 581 1628 oblata
610 1563 777 1639 contemni,
801 1581 895 1645 quarn
919 1561 1023 1626 damni
1058 1563 1198 1628 donasse.

79 1683 131 1745 quar
151 1673 266 1747 sumpto
289 1673 368 1732 suut.
403 1666 497 1751 igitur
520 1686 556 1732 ea
578 1685 714 1744 munera,
731 1685 800 1750 quae
815 1667 847 1730 in
863 1666 988 1731 alterius
999 1672 1200 1747 operarentur

80 1768 207 1854 iniuriam,
230 1771 375 1837 inhibuit.
409 1771 529 1836 namsi
553 1791 642 1837 usum
665 1772 791 1844 omnino
821 1791 983 1836 munerum
1013 1769 1197 1839 obstulisset.

79 1873 136 1936 satis
161 1873 256 1940 luerat
285 1875 417 1940 dixisse:
456 1882 494 1941 et
524 1881 684 1940 munera
722 1896 798 1941 non
833 1874 995 1956 accipit.
1041 1875 1097 1939 sed
1127 1873 1197 1958 quia

78 1975 185 2057 simplex
207 1979 356 2045 donorum
379 1999 452 2044 usus
474 1987 526 2044 aut
548 1999 585 2044 ex
608 1978 744 2044 hominis
779 1985 830 2044 aut
860 1978 953 2045 etiam
976 1999 1013 2044 ex
1036 1977 1087 2043 dei
1109 1997 1195 2044 reue·
1225 2010 1249 2046 rs

78 2081 156 2145 nentia
175 2084 266 2162 uenit,
290 2103 327 2149 ea
349 2083 446 2149 uetuit
468 2103 605 2162 munera,
630 2104 698 2167 quae
721 2082 1046 2167 integritatemiudieii
1059 2101 1198 2148 corrum-

79 2195 170 2263 perant,
198 2208 265 2272 quaa
294 2188 468 2253 innocentis
499 2187 641 2253 iniuriam
672 2195 818 2265 emerent,
853 2208 922 2272 quae
951 2186 1069 2252 nullum
1101 2187 1133 2251 in
1163 2206 1197 2252 se

79 2289 190 2356 raritatis
212 2299 326 2357 mutuae
353 2291 489 2357 officium
512 2293 712 2357 continerent.
759 2300 792 2357 ut
815 2291 899 2359 enim
922 2313 991 2375 qnae
1015 2291 1072 2356 deo
1093 2289 1196 2356 olferi-

79 2411 138 2458 nns.
158 2393 202 2458 his
225 2397 351 2480 quidem
375 2395 425 2460 ille
449 2416 508 2460 non
533 2404 612 2479 eget.
642 2396 698 2462 sed
722 2417 777 2476 per
801 2417 857 2462 nos
880 2397 992 2461 debitae
1016 2395 1196 2461 reuerentiae

78 2497 211 2575 explentur
232 2500 343 2578 officia,
375 2501 417 2564 ita
440 2519 509 2566 eam
530 2499 563 2564 in
587 2501 764 2565 muneribus
796 2502 885 2565 docet
919 2498 1103 2565 seruandam
1126 2518 1196 2565 esse
1224 2533 1248 2566 aa

78 2601 208 2682 rationem
229 2612 262 2668 ut
285 2625 322 2670 ea
344 2611 505 2668 sumantur
526 2625 545 2668 a
567 2604 665 2682 nobie,
688 2624 757 2687 quae
781 2604 844 2669 sint
866 2610 954 2687 gruta
970 2609 1001 2668 et
1014 2603 1099 2683 utilia
1122 2601 1196 2669 offe·

78 2705 197 2772 rentibus.
221 2729 280 2772 non
306 2729 375 2792 quaa
398 2729 455 2772 nos
479 2708 593 2773 saciant
614 2707 749 2784 uenales,
773 2728 831 2772 nec
854 2707 1002 2773 insidiosa
1024 2707 1195 2772 iunocenti-

78 2805 121 2870 lua
139 2811 201 2889 sint
223 2831 281 2878 naa
305 2811 539 2878 munerantibus
562 2817 748 2893 sumptuoso,
777 2811 878 2877 allicio
901 2812 1002 2892 potius
1025 2830 1120 2894 qnam
1142 2831 1194 2876 cu-

79 2911 180 2986 piditate
208 2921 336 2996 sumpta,
378 2915 495 2981 honore
523 2915 647 3000 ingesta
677 2935 768 2999 quarn
803 2923 893 2991 metu,
937 2916 1063 2980 cantate
1093 2916 1195 3000 magis

78 3025 194 3097 suscepta
214 3039 307 3103 quam
331 3018 423 3085 luero.
1222 3077 1247 3112 a

114 3147 151 3210 17.
171 3149 240 3229 Qui
261 3150 367 3215 facit
389 3149 478 3226 haea
499 3169 575 3214 uon
598 3149 832 3214 monebitur
854 3149 892 3212 in
915 3156 1115 3214 aternum.
1139 3171 1194 3230 per

79 3245 129 3313 hac
141 3252 226 3335 igitur
241 3260 289 3319 est
304 3251 453 3318 habitatio
468 3253 500 3318 in
516 3251 719 3332 tabernaculo,
736 3273 793 3334 per
807 3252 875 3317 haec
890 3253 1014 3336 requies
1032 3252 1064 3318 in
1079 3261 1193 3318 moute.

78 3361 151 3419 restat
176 3377 246 3442 ergo
275 3367 498 3440 praceptorum
529 3358 667 3424 custodia
691 3366 722 3423 et
744 3358 960 3422 mandatorum
989 3377 1074 3438 opus.
1121 3377 1194 3422 con·

79 3455 171 3525 dendus
192 3469 237 3527 est
260 3463 395 3543 psalmus
418 3464 451 3528 in
474 3463 601 3542 uiscera,
624 3461 808 3528 scribendus
824 3461 855 3526 in
871 3462 974 3540 corde,
998 3462 1031 3526 in
1046 3462 1194 3526 memoria

111 3689 119 3736 l
140 3689 183 3756 xpi
212 3691 233 3742 V
281 3692 300 3744 2
323 3695 396 3744 essm
419 3693 448 3742 et
466 3688 649 3758 indigentiam
673 3689 698 3742 V
747 3691 772 3741 5·
782 3690 910 3758 paenitus
933 3691 982 3744 VR
1034 3686 1192 3742 ‘ladislaus

78 3771 148 3838 tur'pa'
162 3773 187 3827 id
205 3776 326 3830 adiciens
350 3777 374 3831 V
389 3775 484 3829 dicens
503 3777 529 3830 R
583 3777 614 3829 ll
633 3775 748 3829 maximi
766 3776 872 3830 doloris
890 3795 921 3829 ea
938 3775 1052 3829 maximi
1076 3775 1193 3828 donasse

79 3852 158 3910 doloris
179 3881 210 3916 aa.
233 3863 254 3916 2
277 3863 303 3916 V
360 3863 521 3917 contemnui
543 3861 569 3917 V
628 3879 710 3930 quaxn
737 3862 839 3916 damna
863 3863 979 3916 donam
1006 3863 1031 3915 R
1058 3861 1192 3930 quaedam

79 3937 227 4000 indonasser
279 3951 313 4003 ln
339 3966 409 4017 quae
427 3946 471 4016 (se
487 3933 522 4003 ab.
541 3969 594 4004 rua.
613 3969 646 4004 aa.
664 3947 695 4016 3)
720 3956 832 4019 sumpta
858 3956 923 4005 sunt
942 3951 968 4004 R
1022 3950 1053 4003 13
1076 3967 1141 4003 nam
1168 3951 1192 4003 si

79 4031 160 4083 uan
205 4036 382 4089 premerunt
405 4035 430 4088 V
481 4039 514 4092 18
531 4041 559 4090 et
577 4037 652 4090 enim
675 4037 701 4090 V
748 4039 785 4092 20
811 4039 939 4106 expletur
956 4035 1079 4090 officium
1101 4037 1127 4088 V
1141 4035 1193 4090 im-

81 4113 151 4175 pletur
165 4118 306 4176 officiumb
360 4123 563 4177 obseruandum
582 4124 673 4176 esreb
725 4125 760 4178 23
779 4139 830 4177 neo
842 4134 901 4177 aare
912 4122 1122 4177 munerantibus
1134 4142 1191 4194 sap.

81 4199 112 4252 l'a,
125 4221 139 4252 o
154 4207 218 4260 ru?
240 4209 265 4263 V
314 4214 475 4277 sumptuosa
502 4206 529 4276 (o
556 4229 587 4264 aar
609 4211 685 4268 cor-rut
706 4210 732 4263 R
785 4211 818 4262 at
845 4210 874 4262 in
901 4208 1083 4264 tabernaculi
1110 4211 1136 4264 R
1162 4211 1192 4263 in

82 4285 255 4348 latrunculum
279 4297 303 4348 V
352 4298 388 4350 28
406 4301 615 4365 praeceptorum
634 4317 664 4350 ex
683 4304 892 4365 praeceptorem
910 4299 983 4350 aa?
1006 4297 1035 4350 V.
