3075 4967
265 256 360 321 XXII
570 259 756 313 Addende
783 264 820 313 et
847 260 1103 327 corrigendo.

265 406 323 532 idi,
342 468 375 520 27
394 467 547 520 notandum
565 466 678 521 uidetur
696 484 740 519 me
759 484 815 520 non
832 471 938 520 temere
955 468 1041 521 etium
1053 468 1083 521 in
1096 468 1196 522 uooule
1214 472 1244 522 id
1260 474 1324 523 ente
1343 473 1417 539 quod

370 554 523 607 omittenda
542 554 678 622 optimam
692 554 795 607 librum
807 554 832 606 G
840 554 967 608 omnibus
980 554 1043 607 eliis
1055 556 1191 621 neglectis
1204 573 1263 609 esse
1275 562 1414 622 seculum,

370 656 431 693 cnm
451 640 534 693 telem
553 641 724 708 pronominis
749 639 968 708 demonsirstiui,
997 641 1072 709 quod
1098 641 1275 711 grammatici
1299 650 1413 710 uocant,

357 727 641 795 praetermissionem
659 728 766 781 Hilario
788 727 863 781 haud
880 744 945 781 rero
962 728 1128 783 familiarem
1147 729 1232 783 luisse
1250 729 1317 783 alibi
1336 734 1413 783 oete·

371 832 465 867 rorum
485 831 594 882 quoque
613 831 749 868 consensu
768 813 960 880 oonfirmelur3
985 816 1020 868 oi,
1038 834 1065 883 p.
1083 818 1143 883 232,
1161 820 1191 870 ll:
1217 818 1277 883 342,
1295 820 1312 871 8
1319 836 1326 883 ;
1349 819 1413 870 343·

373 904 419 966 193
437 904 497 967 350,
517 905 546 967 65
566 904 625 969 272,
646 905 679 956 1ss
697 902 757 956 sim.

267 990 325 1055 736,
347 991 376 1041 ll
397 988 425 1040 in
444 989 507 1042 edn.
526 990 612 1043 uerba
636 999 680 1041 out
697 991 721 1041 ri
738 1006 755 1042 a
773 989 953 1057 sequentibus
980 990 1070 1057 spolio
1097 988 1217 1056 quodem
1245 990 1413 1057 interposito

371 1074 554 1141 disiungenda
573 1079 646 1128 sunl.

230 1166 233 1173 '
266 1164 325 1227 786,
347 1164 377 1213 17
396 1160 542 1215 boeotiam
553 1163 614 1215 loeo
632 1162 900 1232 eodioisGuestigin
916 1180 961 1217 me
979 1169 1104 1217 seculum
1129 1180 1189 1217 esee
1202 1163 1251 1217 uix
1264 1163 1415 1216 miraberis

378 1248 480 1301 sibene
499 1249 591 1301 omnia
611 1249 821 1303 examiueueris.
858 1250 931 1317 quod
949 1252 997 1303 lac
1020 1250 1114 1313 (simul
1138 1250 1251 1303 auditur
1274 1249 1415 1303 oblstiuus

371 1334 528 1403 diapsalma)
565 1352 599 1405 eug
623 1354 654 1387 ac
691 1336 810 1403 restitui,
837 1337 957 1405 simplex
984 1338 1140 1391 emendatio
1177 1342 1220 1391 est
1247 1336 1351 1390 erroris
1378 1336 1412 1389 in

369 1422 471 1474 nostris
489 1422 569 1475 libris
580 1422 775 1491 uolgatissimi‚
793 1423 828 1476 of.
845 1425 928 1477 Auad.
939 1442 965 1492 p.
983 1427 1032 1490 273
1052 1440 1102 1477 our
1113 1424 1223 1479 librarii
1232 1423 1413 1493 posteriores,

370 1507 417 1575 qui
435 1507 463 1559 in
482 1508 712 1576 praecedentibus
731 1527 782 1578 pro
798 1510 922 1577 geneliui
940 1511 1030 1564 forma
1038 1513 1205 1581 diapsalmae
1223 1528 1240 1563 s
1258 1509 1282 1562 G
1300 1514 1416 1562 seruate

370 1600 452 1661 etque
487 1594 561 1663 apud
588 1595 727 1649 Hilarium
755 1596 864 1665 saepius
891 1597 994 1651 usitate
1026 1594 1071 1663 (of.
1104 1597 1175 1651 Abh.
1203 1596 1250 1662 IV,
1284 1597 1329 1657 66)
1355 1595 1415 1648 iem

372 1682 512 1745 diapsalmi
530 1681 574 1735 uel
590 1684 771 1753 diapsalmatis
780 1683 955 1751 inuenerant,
973 1684 1045 1737 illud
1063 1703 1094 1738 ao
1112 1681 1188 1750 (loc)
1208 1689 1257 1737 eui
1265 1683 1417 1736 omiserint

375 1772 423 1820 eut
441 1768 470 1819 in
489 1786 516 1820 se
534 1770 570 1820 ad
587 1769 765 1835 mutauerini,
786 1768 866 1823 facile
884 1770 1034 1838 unicuique
1052 1772 1167 1839 patebit..

267 1856 326 1919 835,
347 1857 359 1907 l
380 1854 408 1905 in
427 1853 489 1907 adn.
508 1860 571 1923 posi
589 1858 755 1925 opulentioris
774 1856 828 1909 RE
844 1858 927 1911 adde:
949 1861 983 1925 cf.
999 1861 1088 1927 praes.
1104 1878 1131 1927 p.
1150 1858 1221 1910 XVI.
