3075 4967
453 286 633 335 tractatus
652 280 687 333 in
706 282 879 349 psalmum
898 282 976 335 CXL.
1217 283 1279 348 795

134 472 336 552 corripiet
359 490 415 535 me
438 471 572 535 iustus
603 470 640 534 in
670 471 963 536 misericordia
985 477 1023 536 et
1045 472 1281 553 increpabit

133 595 202 649 me,
226 580 257 641 et
278 575 349 640 fidei
374 594 437 639 suae
460 580 491 640 et
515 574 660 639 humanae
683 573 872 640 infirmitatis
903 594 1024 640 memor
1054 576 1281 657 corripiendum

133 700 170 745 se
193 679 224 744 in
248 679 298 743 his
321 679 370 757 ait,
395 698 463 761 quae
485 678 574 743 iustae
599 678 818 744 misericordiae
841 679 1013 762 arguitione
1037 689 1109 744 sunt
1131 680 1234 764 digna

180 784 211 848 9.
236 783 311 849 Orat
333 788 436 848 autem
461 782 563 847 adbuc
587 790 617 847 et
640 782 731 861 aliud,
755 802 795 847 ne
819 783 968 848 doctrinis
998 783 1144 850 uidelicet
1172 804 1282 865 pecca·

134 894 238 952 torum
261 888 413 952 imbuatur
437 906 515 952 neue
537 906 636 969 usque
659 887 699 952 ad
722 886 917 967 peccantium
938 887 1184 953 misericordiam
1201 888 1283 953 deci-
1309 914 1322 953 a

133 992 203 1056 dat:
228 991 359 1056 oleum
383 998 515 1055 autem
539 992 777 1071 peccatoris
807 1010 884 1055 uon
914 991 1136 1075 inpinguet
1164 1000 1283 1072 caput

132 1114 273 1161 meum.
317 1094 382 1159 uult
405 1114 485 1173 eum,
509 1094 562 1178 qui
586 1114 642 1159 nos
672 1095 781 1160 doceat
811 1101 903 1177 atque
933 1102 1053 1178 arguat,
1087 1097 1283 1162 conscientiae

132 1220 221 1279 purae
252 1218 330 1265 esse.
376 1199 519 1263 dominus
549 1218 624 1263 uero
654 1199 686 1262 in
717 1198 896 1283 euangeliis,
927 1218 997 1263 cum
1029 1201 1069 1263 de
1098 1200 1282 1264 ieiuniomm

130 1303 268 1384 puritate
282 1303 465 1387 loqueretur,
479 1303 536 1367 ait:
556 1322 626 1367 uos
643 1308 773 1367 autem
790 1322 873 1367 cum
891 1302 1096 1372 ieiunatis.
1112 1304 1283 1386 unguite

131 1413 461 1487 caputnestrum
487 1406 692 1471 etfaciam
716 1405 1061 1471 uestramlauatc.
1084 1407 1283 1473 inabluenda
1310 1433 1336 1472 aa

133 1512 216 1576 facie
239 1511 371 1576 nitorem
396 1530 479 1591 purac
503 1511 700 1575 conscientie
724 1511 837 1593 exegit,
861 1530 899 1575 ne
919 1510 992 1594 quid
1010 1509 1098 1575 nobis
1114 1511 1283 1591 sordidum,

133 1636 176 1680 ne
200 1615 277 1698 quid
299 1614 426 1680 oblitum
451 1613 641 1681 adhaereret:
672 1614 703 1678 in
729 1614 829 1695 capite
851 1634 927 1678 uero
949 1614 1115 1697 unguendo
1138 1615 1283 1681 doctrinis

133 1738 193 1784 nos
217 1725 311 1802 atque
333 1717 477 1799 operibus
500 1717 647 1797 spiritalis
669 1718 872 1783 institutionis
898 1717 1053 1797 periectos
1076 1738 1145 1783 esse
1167 1738 1283 1799 praeco·

132 1824 190 1907 pit.
236 1822 337 1887 oleum
361 1822 443 1887 enim
467 1820 593 1887 luminis
617 1820 761 1902 pabulum
785 1828 848 1900 ost;
876 1827 907 1887 at
929 1822 1070 1887 doctrina
1092 1829 1184 1905 atque
1206 1842 1284 1903 opus

134 1926 279 2007 spiritale
302 1925 432 1992 caelestie
466 1926 555 1991 nobie
591 1925 696 2009 gloriae
731 1946 824 1991 cauea
857 1931 910 1991 est.
955 1940 988 1991 ut
1012 1927 1094 1992 enim
1118 1926 1223 1992 lumen
1246 1948 1284 1991 ex
1311 1952 1336 1990 aa

135 2031 207 2097 oleo
240 2030 367 2096 luminis
401 2029 499 2095 babet
532 2050 674 2096 causam:
707 2030 759 2107 ita,
795 2037 828 2095 ut
861 2029 962 2095 lucem
997 2029 1144 2111 spiritalis
1177 2030 1284 2113 gloriae

134 2136 336 2213 retineamus,
373 2134 512 2199 doctrina
545 2140 638 2218 atque
661 2154 737 2215 opus
761 2140 897 2214 praestat.
932 2154 1002 2200 cum
1025 2140 1117 2215 caput
1139 2141 1285 2213 nostrum,

135 2240 225 2305 sedis
248 2239 365 2304 scilicet
397 2239 470 2303 uitae
494 2245 525 2303 et
547 2239 717 2319 prudentiae
741 2244 772 2302 at
794 2237 930 2303 omnium
954 2258 1099 2303 sensuum
1124 2237 1190 2303 oleo
1213 2259 1284 2320 ope·

135 2342 269 2409 rationis
300 2343 511 2426 doctrinaeque
540 2343 732 2423 pinguescat.
779 2344 834 2407 sed
866 2341 967 2407 oleum
997 2362 1058 2405 non
1082 2362 1100 2406 a
1122 2349 1285 2422 peccatore

135 2448 324 2512 sumendum
349 2452 410 2525 eet;
434 2453 466 2511 et
489 2448 622 2511 orandus
646 2452 694 2511 est
717 2447 802 2523 dens,
826 2466 864 2510 ne
888 2446 947 2511 hoc
969 2452 1113 2526 peccator
1134 2446 1283 2511 infundat
1310 2470 1337 2509 ao

135 2560 173 2615 ut
196 2552 280 2615 enim
303 2571 321 2615 a
343 2558 448 2616 sancto
471 2557 502 2615 et
523 2550 608 2616 fideli
641 2550 708 2615 uiro
741 2550 830 2633 argui
863 2570 898 2615 ee
930 2548 1011 2614 uelle
1045 2550 1206 2630 prudentie
1230 2555 1285 2628 est,

136 2654 214 2739 quia
236 2656 330 2738 aegris
354 2655 466 2719 animis
490 2661 520 2719 et
542 2662 738 2735 peccatorum
763 2654 871 2718 morbo
895 2653 1113 2737 languentibus
1132 2654 1214 2719 utilis
1238 2662 1286 2719 eet

136 2778 257 2825 sauerae
280 2759 502 2843 obiurgationis
518 2759 575 2823 sub
592 2758 723 2823 honesto
740 2768 865 2824 auctore
882 2757 1051 2823 medicina:
1074 2759 1118 2822 ita
1136 2758 1285 2823 miserum

137 2872 189 2929 est
211 2884 268 2944 per
290 2864 408 2943 peccati
430 2862 661 2928 miserationem
685 2880 785 2945 usque
808 2862 847 2926 ad
865 2862 964 2942 ipsam
979 2862 1176 2943 peccantium
1192 2863 1285 2929 miae-

136 2966 306 3031 ricordiam
337 2967 499 3033 decidisse.
545 2965 603 3031 hoc
635 2986 708 3049 ergo
739 2972 904 3051 utmmqne
926 2988 944 3030 a
967 2986 1001 3032 se
1024 2968 1195 3032 detestatur
1217 2986 1284 3046 pro
1312 2989 1338 3029 aa

139 3070 244 3151 phelet.

187 3174 236 3239 10.
261 3174 407 3258 Sequitur
431 3174 559 3239 deinde:
592 3176 781 3257 quoniam
809 3174 939 3239 adhuc
968 3183 1007 3240 et
1036 3176 1168 3240 oratio
1199 3193 1284 3238 mea

138 3279 178 3343 in
214 3277 493 3359 beneplacitis
532 3298 677 3355 eorum,
715 3278 874 3343 absorti
918 3283 1012 3343 eunt
1056 3277 1286 3342 continuati

138 3386 267 3462 petrae
290 3380 448 3446 iudices
476 3400 621 3445 eorum.
667 3400 800 3453 causam,
816 3398 870 3444 cur
882 3380 1108 3444 absorbeantur
1119 3380 1285 3445 continuati

138 3491 245 3566 petra,
276 3485 351 3550 dicit
380 3504 459 3563 eam,
493 3484 566 3568 quia
599 3482 701 3549 adbuc
725 3485 765 3547 eit
799 3484 897 3548 oratio
931 3502 987 3547 sua
1020 3484 1050 3547 in
1086 3482 1285 3567 beneplacitis
1312 3508 1339 3546 aa

184 3668 201 3720 9
219 3666 319 3721 uttan.
338 3666 384 3735 vr,
409 3670 449 3721 u.

186 3835 248 3887 let
266 3832 466 3899 increpeuitli
519 3831 645 3885 4adhuc
673 3833 700 3883 ia
727 3850 782 3884 rus.
800 3830 827 3885 R
880 3831 1005 3899 doapud
1029 3831 1055 3883 R
1107 3830 1239 3898 {iungite
1261 3832 1290 3884 E

141 3922 176 3973 10
194 3920 283 3987 capud
304 3920 329 3972 R
381 3924 462 3973 uiam
481 3921 508 3971 in
527 3936 580 3971 rua.
599 3919 625 3971 R
679 3920 709 3972 11
731 3935 765 3971 ne
785 3918 851 3985 quid
870 3916 900 3971 in
918 3917 999 3971 nobis
1013 3918 1041 3969 E
1092 3920 1125 3972 ta
1143 3916 1288 3973 adhereret

140 4006 167 4061 R
203 4007 371 4074 ungendoE
406 4008 437 4059 17
456 4005 716 4073 atqueopemtioE
761 4002 795 4058 ou'r
814 4003 939 4073 capudR
955 4006 1121 4072 uteaputE
1164 4007 1197 4058 18
1214 4004 1288 4059 sedis

139 4094 167 4147 R
185 4095 221 4163 cf.
241 4095 322 4147 rlood.
337 4112 365 4165 p.
385 4092 420 4146 18
438 4092 517 4147 sedes
537 4094 565 4144 Ε
618 4095 650 4146 19
669 4092 717 4144 aed
735 4092 827 4145 oleum
845 4090 971 4144 hocnon
990 4091 1019 4143 E
1077 4093 1112 4145 20
1138 4091 1171 4145 ds
1189 4110 1218 4145 cz
1236 4092 1288 4145 dria

140 4181 238 4234 ΜΗ
290 4182 321 4233 91
343 4181 416 4233 enim
435 4180 470 4233 da
485 4180 510 4229 (ι’
563 4182 598 4233 22
617 4178 664 4247 qui
683 4178 797 4247 aegriG
849 4181 884 4232 23
902 4178 926 4231 ai
944 4194 1027 4231 uerae
1045 4178 1289 4246 obiurgationesG

138 4267 493 4336 teabsortiltabaorptin
542 4266 672 4333 29anss
725 4267 759 4319 30
769 4265 838 4319 dicit
847 4263 880 4327 (it
890 4267 916 4317 in
926 4263 990 4330 roa.)
1001 4265 1168 4317 eumlieam
1178 4265 1247 4318 dicit
1255 4266 1288 4319 E.
