3075 4967
419 304 599 353 tractatus
625 300 658 353 iu
683 300 857 368 psalmum
882 300 903 353 1.
1191 298 1233 363 33

108 490 246 563 (retritum,
269 489 456 567 mutilatum,
479 491 650 571 dispersum
675 499 705 554 et
729 490 899 573 inquietum
920 502 1037 569 mouet,
1059 499 1092 554 ut
1121 509 1160 555 ex
1181 488 1234 555 ille

107 593 256 674 eorporelis
278 592 441 659 soliditatis
465 593 610 657 firmitate
633 594 755 658 decussi
778 591 911 657 ludibrio
937 592 1072 674 pulueris
1088 592 1234 658 differun-

107 714 150 761 rur
170 698 198 761 iu
219 716 354 777 poenem:
379 717 439 762 nou
463 698 494 761 in
517 696 648 763 nihilum
672 697 822 775 dissoluti,
845 705 878 762 ut
900 697 941 763 sit
963 698 995 761 in
1017 695 1067 762 his
1090 697 1234 762 materies

106 800 228 881 pendis,
251 804 305 865 sed
328 802 361 866 in
384 802 475 867 inane
498 821 534 867 eo
556 800 625 867 leue
648 802 831 886 aridumque
853 802 981 882 protriti,
1005 807 1038 865 ut
1066 800 1235 867 ludibrioso

107 925 195 984 poenae
214 905 381 971 mobilitate
410 906 569 971 iactentur.
615 906 700 971 ouius
735 924 834 987 poeuae
864 914 896 970 et
925 905 992 971 loeo
1026 904 1124 971 altero
1146 905 1230 970 idem
1258 928 1271 963 e

106 1008 240 1089 prophete
251 1010 399 1088 meminit,
413 1010 533 1077 dioeus:
546 1009 790 1076 oomminuem
807 1028 869 1074 eos
884 1018 923 1074 ut
938 1010 1132 1091 puluerem
1148 1014 1233 1075 ente

104 1114 234 1177 leoiem
256 1115 378 1187 uenti,
402 1124 442 1179 ut
463 1113 588 1180 lutum
613 1114 840 1195 platearum
863 1112 1008 1179 delebo
1031 1112 1137 1178 illos.
1160 1132 1234 1179 oon·

104 1218 209 1297 perutio
229 1218 330 1301 itaque
353 1226 387 1283 ut
409 1218 615 1297 beatitudinis,
638 1219 680 1282 itu
704 1227 734 1282 et
755 1236 855 1298 poeuae
871 1224 920 1283 est
934 1218 1108 1283 constitute.
1138 1236 1231 1301 quem

103 1322 175 1385 enim
196 1321 293 1387 nullus
316 1322 404 1387 leber
425 1328 473 1387 est
494 1328 585 1389 uento
609 1322 767 1403 puluerem
791 1322 944 1403 dissipare
966 1328 997 1387 et
1018 1340 1111 1405 quom
1135 1320 1232 1386 lutum

103 1426 128 1487 iu
150 1424 250 1505 plateis
274 1426 487 1511 ingredientes
511 1446 544 1491 ee
561 1444 655 1509 prope
670 1426 807 1491 euleesse
821 1445 884 1491 non
898 1426 1044 1501 sentiunt,
1074 1425 1118 1489 ite
1132 1445 1232 1506 prnuae
1261 1446 1285 1483 ιο

102 1526 139 1592 illi
160 1530 280 1596 iulemae
303 1529 394 1597 facile
418 1538 466 1596 est
488 1532 600 1611 impios
622 1530 726 1595 delere
750 1536 842 1613 etque
858 1530 1047 1614 dispergere,
1071 1548 1147 1612 quos
1161 1550 1232 1610 pee-

102 1641 227 1699 eetorum
248 1635 328 1699 ratio
352 1641 383 1700 et
406 1636 437 1699 in
460 1635 556 1699 lutum
582 1633 707 1699 soluerit
729 1642 760 1699 et
783 1633 995 1699 eomminuerit
1017 1634 1049 1698 in
1064 1632 1232 1714 puluerem,

101 1756 154 1801 uon
186 1738 287 1805 reliete
320 1759 422 1823 neque
456 1739 630 1805 substantie
663 1738 827 1815 firmitatis,
861 1758 931 1804 eum
960 1737 1060 1818 puluis
1082 1743 1115 1802 et
1136 1735 1231 1801 lutum

100 1842 155 1906 siut
182 1848 212 1908 et
231 1862 285 1924 per
307 1843 340 1907 id
364 1844 445 1927 quod
469 1841 568 1923 puluis
590 1848 621 1907 et
643 1842 739 1907 lutum
775 1850 854 1919 sunt,
877 1844 908 1906 in
944 1852 1086 1907 neturem
1114 1846 1231 1905 tendum

101 1946 218 2025 penalis
240 1947 418 2011 substentiae
441 1948 600 2013 reseruati.
1260 1966 1284 2002 ιι

137 2050 183 2115 20.
207 2050 246 2117 m
268 2053 340 2135 quie
370 2071 425 2132 per
458 2050 539 2117 hene
573 2053 815 2117 demutationem
852 2051 973 2116 obtritus
1006 2050 1038 2113 iu
1072 2048 1231 2129 puluerem

101 2154 241 2221 tirmitutis
273 2176 334 2219 uon
370 2162 459 2220 erunt
481 2156 546 2220 eius
571 2156 641 2221 boni
672 2156 846 2237 participes,
882 2155 964 2237 quod
993 2155 1084 2218 boeto
1105 2152 1172 2217 uiro
1194 2172 1232 2217 ex

100 2257 186 2324 lruetu
215 2261 292 2345 ligni
326 2260 450 2325 debitur
482 2262 514 2324 in
553 2268 699 2341 tempore,
740 2260 812 2325 ideo
845 2265 1071 2342 eousequenter
1103 2255 1231 2323 edieoit:

100 2371 304 2443 propterea
349 2384 423 2428 non
462 2370 687 2447 resurgunt
725 2364 840 2443 impii
879 2362 917 2426 in
955 2361 1115 2427 iudioio.
1170 2380 1231 2425 non

101 2464 211 2531 ebolitio
233 2467 292 2547 bis,
317 2468 368 2551 qui
392 2468 497 2551 utique
520 2468 620 2549 puluis
644 2472 740 2545 eruut,
763 2488 821 2547 per
842 2467 875 2531 id
891 2468 973 2549 quod
988 2486 1048 2531 uon
1068 2477 1230 2549 resurgent
1258 2486 1283 2524 eo

101 2569 292 2647 denuntietur,
327 2574 383 2637 sed
406 2572 589 2637 resurreetio
619 2570 668 2636 luis
698 2573 730 2635 in
760 2571 909 2636 iudicium
943 2572 1124 2654 denegetur.
1170 2588 1231 2634 non

100 2674 171 2738 enim
194 2678 303 2756 perid
327 2676 410 2761 quod
433 2696 492 2741 uon
517 2682 613 2752 erunt,
636 2695 729 2742 sensu
752 2695 854 2757 poenae
874 2674 1036 2740 eerebunt:
1060 2674 1132 2757 quie
1153 2672 1230 2739 lueri

101 2798 209 2855 poeuem
233 2780 334 2859 seoiet,
358 2782 440 2864 quod
464 2801 524 2845 non
540 2779 688 2845 subsistet
704 2781 744 2845 ed
759 2800 893 2861 pienum.
927 2779 1096 2844 subsistent
1118 2784 1230 2855 eutem,

101 2882 160 2964 quie
181 2892 268 2949 eruut
291 2884 401 2966 puluis.
446 2884 604 2965 puluerem
636 2905 709 2951 uero
740 2883 824 2949 effiei
854 2883 904 2949 uel
934 2883 1075 2947 eriditete
1105 2882 1155 2948 uel
1177 2882 1231 2947 ed·

100 2986 169 3061 tritu,
192 3008 252 3053 nou
277 2998 324 3054 est
347 2988 536 3054 subsistendi
571 2988 715 3054 emisisse
748 2996 899 3064 naturam,
934 2988 990 3052 sed
1023 2986 1053 3049 in
1088 2992 1229 3051 naturam
1258 3005 1283 3043 ee

99 3088 213 3155 ultorum
236 3093 420 3159 substitisse.
465 3094 575 3175 perid
598 3098 712 3171 eutem,
743 3094 825 3176 quod
848 3093 879 3156 in
895 3091 1115 3156 iudieinmuon
1130 3109 1231 3155 resur-

100 3202 171 3274 gent,
193 3197 365 3263 ebsolutum
398 3204 445 3263 est
469 3218 527 3261 uon
551 3198 734 3281 resurgendi
769 3218 821 3262 eos
855 3196 991 3261 eeruisse
1025 3202 1141 3271 nature
1175 3196 1230 3259 sed

135 3304 157 3353 e.
173 3301 215 3355 m.
234 3302 319 3369 xvu,
337 3304 379 3358 re.

135 3422 325 3479 diufirmitete
350 3425 373 3477 l'
424 3424 541 3477 disoussi
566 3424 588 3476 1'
639 3423 781 3491 puluisV
830 3421 980 3488 duillhilu
996 3423 1027 3484 (l
1047 3420 1188 3483 timeres.)
1206 3421 1231 3472 n

100 3505 213 3564 dissoluit
230 3512 256 3564 R
307 3514 449 3579 dpoenee
462 3510 556 3565 eedV
605 3510 634 3563 in
647 3528 695 3563 om.
709 3512 735 3563 R
788 3513 820 3563 ut
831 3508 1000 3563 ludibriosae
1011 3524 1117 3576 poenae
1130 3510 1158 3559 et
1169 3506 1230 3559 loeo

100 3593 175 3647 eltero
192 3596 248 3661 (ons
267 3599 347 3651 uerbo
366 3612 471 3665 poenae
488 3622 523 3635 -
541 3596 630 3661 euius)
649 3598 693 3649 Ra
746 3596 953 3664 ioomperutio
971 3596 997 3647 lt
1058 3593 1230 3661 equomedo

100 3680 451 3737 enimffl.1³ar.1572oer
471 3685 508 3736 sic
534 3685 700 3751 9quomodo
722 3684 813 3737 lutum
866 3686 948 3737 dest
964 3700 1020 3753 sup.
1039 3682 1115 3734 lino
1133 3680 1233 3733 m.1l'

1162 3749 1171 3787 ι

101 3802 223 3873 lli-prope
241 3822 290 3859 em.
314 3805 340 3858 V
390 3807 422 3859 11
440 3804 543 3858 inferni
562 3806 590 3857 E
642 3808 675 3859 13
693 3822 749 3859 non
766 3824 823 3875 sup.
843 3806 888 3858 lin.
907 3806 932 3857 R
986 3804 1019 3857 14
1043 3806 1072 3856 et
1089 3817 1141 3870 per
1169 3801 1232 3854 dit

101 3890 127 3941 15
141 3907 224 3957 poene
248 3893 272 3945 V
323 3895 356 3947 18
374 3891 483 3946 edeoV
534 3894 566 3945 19
584 3891 711 3961 resurget
729 3912 748 3943 a
766 3892 946 3961 resurgentb
999 3890 1028 3942 in
1046 3888 1230 3953 iudioiurnE;

102 3974 120 4025 ll
134 3978 154 4028 l.
172 3980 188 4031 l.
211 3982 239 4032 in
266 3998 350 4050 mury.
377 3980 443 4033 banc
470 3988 557 4032 notam
584 3980 658 4033 odd:
679 3984 699 4031 fi
725 3977 893 4033 resurreetio
921 3976 1013 4044 impiis
1041 3974 1091 4029 sed
1125 3974 1230 4028 iudioiu

100 4059 238 4129 denegatur
307 4069 343 4121 20
369 4064 412 4119 his
437 4084 467 4117 eu
491 4066 514 4119 is
542 4064 614 4119 m.2
647 4066 670 4119 l'
737 4070 887 4134 resurgunt
914 4064 943 4117 Ε
1010 4065 1043 4117 21
1070 4062 1100 4115 in
1128 4060 1230 4115 iudicio

102 4150 165 4203 etium
194 4154 217 4207 l.
251 4157 268 4207 l.
302 4164 325 4206 et
361 4156 390 4205 in
422 4170 488 4223 seqq.
524 4152 546 4205 V
612 4153 648 4207 28
678 4169 766 4221 poene
795 4152 879 4205 feoiet
909 4152 934 4204 R
1003 4152 1039 4203 24
1067 4149 1173 4202 aridate
1212 4148 1233 4198 l'

102 4288 129 4340 25
143 4236 276 4346 Ἰὼιὶιιιιῑάἰ
302 4292 326 4345 l'
376 4238 475 4345 urrlleee
494 4292 526 4345 R.

146 4410 211 4452 xmr.
225 4412 296 4453 sira.
311 4412 369 4452 mer.
385 4422 434 4461 pm
449 4412 469 4453 r.
1058 4394 1074 4445 3
