3075 4967
299 287 362 352 378
638 289 757 342 sancti
779 246 1103 356 Hilariiepisoopi

298 477 424 543 nobis.
471 477 565 560 quia
602 477 822 541 secundum
859 475 1124 564 altitudinem
1160 475 1247 540 caeli
1281 497 1301 542 a
1337 482 1442 542 terra

297 580 552 664 slongauita
582 580 700 646 nobis
733 581 983 664 iniquitates
1021 585 1192 658 nostras,
1227 580 1325 664 quia
1357 581 1440 662 ipse

298 684 493 770 cognouit
522 685 767 768 figmentum
790 691 982 750 nostrum.
1027 703 1177 768 magnum
1199 691 1247 749 est
1270 691 1390 749 tanum
1410 684 1440 748 in

297 809 331 856 se
355 790 406 854 dei
428 788 673 855 misericordiam
702 807 925 872 recognoscere
948 794 981 853 et
1003 789 1082 854 scite
1105 788 1364 854 cousuetudinem
1384 789 1441 856 cri·

257 919 270 956 r
298 894 417 958 minum
440 892 545 974 procul
568 912 603 958 se
626 893 735 958 abesse
758 901 789 958 et
812 893 940 976 dignum
974 893 1023 958 dei
1057 893 1272 959 misericordie
1306 913 1342 958 se
1374 912 1441 959 esse

297 998 440 1078 coepisse.
484 996 636 1078 propheta
658 1003 763 1062 autem
781 995 841 1072 hic.
865 997 896 1060 in
912 998 1000 1062 cuius
1016 996 1136 1063 scilicet
1150 1017 1278 1077 corpore
1294 995 1442 1062 habitatio

297 1102 346 1166 dei
371 1101 467 1185 digna
484 1109 545 1179 est,
569 1102 621 1185 qui
656 1108 762 1166 sancto
796 1100 906 1181 spiritu
939 1101 1049 1182 plenus
1083 1121 1146 1166 non
1179 1101 1361 1166 communia
1388 1119 1442 1166 nec

297 1212 420 1270 terrena
442 1205 558 1290 cogitat
580 1211 610 1271 et
632 1204 749 1282 effatur,
773 1204 926 1270 libertatis
942 1205 1008 1270 cius
1023 1213 1078 1283 est
1101 1211 1135 1269 ut
1152 1210 1234 1270 oret:
1258 1205 1440 1270 retribue

298 1329 416 1374 seruo
440 1320 512 1375 tuo.

245 1439 270 1475 ιο
342 1414 370 1478 2.
396 1413 459 1479 Sed
481 1413 560 1478 sorte
582 1412 741 1478 insolentis
771 1413 855 1478 istud
886 1413 1022 1478 audacia
1051 1420 1109 1491 est,
1139 1413 1206 1478 sine
1236 1411 1346 1496 aliqua
1375 1431 1442 1478 con·

297 1517 441 1583 fessionis
475 1517 627 1583 modestia
661 1519 806 1582 meritum
839 1517 1049 1582 retributionis
1082 1523 1214 1598 optasse,
1246 1535 1308 1582 nec
1347 1537 1383 1582 se
1413 1517 1441 1579 in

297 1641 424 1703 corpore
448 1621 549 1699 situm,
572 1622 604 1686 id
626 1627 676 1686 est
697 1623 729 1685 in
753 1619 807 1685 uili
827 1626 924 1704 atque
945 1619 1056 1685 humili
1071 1629 1154 1686 sorte
1170 1639 1239 1686 csse
1254 1621 1442 1686 meminisse

297 1725 427 1792 exclusit
462 1732 566 1790 autem
602 1723 752 1807 propheta
782 1744 908 1790 omnem
939 1725 978 1790 de
1000 1745 1036 1791 se
1058 1725 1205 1790 ueritatis
1228 1744 1266 1790 ac
1290 1724 1442 1790 iactantia

297 1831 483 1911 opicionom.
527 1849 601 1894 nam
625 1848 696 1893 cum
712 1828 843 1894 dixisset
864 1835 949 1900 retr
956 1829 1048 1894 ibus
1070 1827 1237 1894 exfiduuia
1251 1829 1441 1904 innocentia

203 1917 206 1928 ’
246 1957 270 1994 ιι
298 1954 415 1999 seruo
440 1941 504 1998 tuo
528 1953 563 1997 ex
580 1933 736 1998 semitutis
750 1931 853 1997 officio
868 1938 900 1998 et
914 1953 952 1998 er
966 1933 1155 1998 condIcionis
1171 1952 1234 1996 suae
1249 1931 1443 1998 confessione

297 2037 436 2104 subiecit.
482 2043 657 2102 constanter
691 2037 787 2122 igitur
819 2035 888 2101 haec
921 2035 1065 2118 postulat,
1096 2036 1148 2120 qui
1179 2036 1286 2101 sedai
1310 2056 1442 2113 seruum,

297 2162 357 2206 non
395 2141 514 2224 peccati
551 2161 620 2206 osse
654 2140 812 2220 meminit3
857 2141 953 2225 quia
996 2141 1134 2218 omnis,
1180 2140 1248 2223 qui
1289 2145 1441 2223 peccat,

297 2266 440 2311 seruus
472 2251 532 2310 est
562 2245 732 2326 peccati.

342 2349 369 2414 3.
394 2349 553 2426 Vinum,
590 2349 705 2433 inquit,
744 2354 784 2414 et
821 2349 1049 2414 obseruabo
1095 2367 1306 2414 sermones
1347 2357 1443 2414 tuos.

244 2475 270 2513 ιο
296 2456 426 2519 uiuam
462 2457 555 2537 atque
588 2453 816 2519 obseruabo
851 2473 912 2518 non
945 2453 1107 2535 praesentis
1140 2454 1290 2534 temporis
1314 2473 1369 2518 res
1391 2459 1442 2526 est

297 2558 352 2623 sed
389 2557 575 2641 sigulficatio
609 2558 761 2622 sermonis
796 2558 862 2623 eius
894 2558 927 2621 in
962 2557 1053 2622 futuri
1087 2577 1125 2623 se·
1152 2564 1274 2638 tempus
1298 2557 1442 2623 extendit

297 2661 356 2726 scit
372 2661 456 2727 enim
472 2660 629 2746 propheta,
648 2664 771 2745 quando
786 2663 878 2727 beata
898 2660 952 2726 illa
973 2669 1004 2727 et
1025 2682 1101 2727 uera
1122 2661 1294 2726 uiuentium
1319 2663 1364 2727 sit
1377 2661 1442 2726 uita

297 2785 378 2831 nunc
400 2765 485 2831 enim
508 2766 593 2831 etin
616 2764 743 2847 puluere
766 2769 876 2830 mortis
899 2786 1062 2831 manemus
1086 2771 1117 2830 et
1138 2766 1170 2830 in
1186 2764 1297 2830 mortis
1313 2783 1440 2848 corpore

198 2955 201 2962 .
298 2890 412 2949 sumus,
442 2889 543 2953 aquo
568 2890 602 2936 se
624 2868 748 2935 liberari
771 2871 926 2951 apostolus
960 2875 1027 2935 orat
1055 2871 1179 2936 dicens:
1213 2870 1344 2935 miser
1373 2887 1439 2952 ego

341 2995 373 3046 17
391 2991 449 3045 Ioh.
468 2990 542 3059 VIII,
560 2993 603 3045 34.
639 2995 673 3044 24
691 2991 773 3046 Rom.
791 2992 851 3060 vn,
869 2996 913 3047 21.

341 3079 647 3133 Ιιίοιιιῐιιίιίιιιᾶὶιιό
669 3081 692 3132 0
741 3097 757 3133 a
781 3098 812 3132 ea
837 3096 870 3133 ac
897 3081 923 3133 R
974 3079 1152 3148 delonganit
1179 3097 1209 3132 etr
1235 3079 1396 3148 elongatuit
1423 3075 1443 3128 l'

296 3166 422 3234 longanit
449 3165 505 3218 RE
528 3166 706 3235 prolongauit
736 3164 828 3236 (ΜΛ)
887 3167 967 3220 nobis
994 3165 1053 3232 (om.
1081 3163 1107 3233 a)
1130 3183 1152 3235 p
1210 3163 1440 3233 ofigumtionem

296 3258 418 3306 nostram
437 3253 493 3306 RE
543 3254 572 3306 in
591 3271 618 3306 se
638 3258 715 3306 tanta
733 3253 779 3306 dei
797 3253 1043 3307 misecricordiaR
1094 3252 1227 3320 liprocul
1246 3267 1276 3304 se
1295 3253 1395 3307 abesse
1412 3246 1442 3302 V¹

296 3339 394 3409 procul
411 3341 506 3394 abesse
526 3339 551 3392 R
569 3339 666 3408 procul
686 3357 702 3392 a
720 3356 749 3394 se
767 3341 863 3394 abesse
889 3340 961 3410 V’Cp
1014 3345 1043 3394 et
1066 3339 1183 3409 dignum
1200 3367 1233 3375 -·
1254 3354 1285 3393 se
1315 3357 1375 3394 esse
1398 3355 1442 3390 ora.

299 3424 390 3500 (Ῥω)
443 3426 661 3480 misericordiam
673 3427 864 3495 sesecoepisse
885 3427 907 3480 V
956 3427 1112 3482 dhincoui
1125 3426 1442 3498 uiuusscilicet(porter.

296 3516 357 3567 ein
375 3513 484 3567 scilicet
501 3515 561 3566 add.
579 3531 611 3565 m.
625 3511 658 3579 2)
676 3513 701 3566 V
750 3513 870 3580 'ldigna
887 3532 918 3566 ea
935 3513 1020 3582 digno
1038 3533 1063 3566 m
1090 3511 1153 3567 2V
1204 3513 1269 3580 quia
1288 3520 1388 3567 sancto
1407 3511 1444 3578 l'p

296 3658 386 3707 noncd
404 3598 494 3705 munia
506 3652 529 3704 0
577 3653 595 3706 8
613 3652 738 3720 cogitans
755 3651 824 3705 haec
841 3649 942 3707 effatur
956 3653 980 3706 V
990 3654 1097 3721 cogitat
1113 3669 1163 3706 aec
1175 3651 1276 3706 effatur
1284 3672 1309 3723 p
1364 3651 1445 3705 liber

296 3739 362 3792 tatis
380 3739 440 3792 eius
458 3755 488 3791 os
507 3743 537 3791 ut
555 3745 616 3792 oret
630 3757 651 3809 p
670 3739 785 3793 libertas
803 3739 862 3793 eius
881 3740 936 3793 &os
954 3743 1065 3793 uteret
1085 3741 1108 3793 0
1159 3743 1193 3795 10
1209 3739 1341 3794 insolctis
1359 3740 1397 3793 sit
1414 3742 1444 3790 ut

296 3826 411 3880 audacia
430 3831 477 3882 est¹
495 3825 521 3879 V
570 3826 599 3878 ll
622 3825 775 3880 obtasseC
824 3829 858 3880 12
876 3831 960 3894 atque
986 3826 1017 3879 in
1043 3826 1144 3880 humili
1169 3827 1208 3896 Cp
1261 3842 1327 3882 esse
1353 3845 1402 3878 ora.
1422 3841 1442 3893 p

298 3915 330 3967 13
348 3929 381 3966 ac
399 3931 429 3966 er
446 3912 498 3967 hac
516 3913 543 3966 R
595 3913 743 3968 iactantiae
767 3932 798 3967 ez
821 3914 985 3968 iactantiam
1004 3913 1075 3967 aa?
1098 3915 1124 3969 V
1173 3916 1206 3968 17
1224 3914 1401 3968 meminisset
1424 3911 1448 3964 l'

296 4004 394 4068 peccat
412 4019 442 4053 ea·
459 4001 567 4068 peccati
585 4018 617 4052 m.
636 3999 655 4052 2
679 4001 704 4052 V
752 4003 788 4055 20
805 4001 895 4069 adque
919 4002 969 4056 VR
1020 4003 1051 4055 21
1073 4000 1240 4070 significatio
1258 4001 1398 4054 sermonis
1414 4017 1444 4051 cx

296 4085 506 4152 significationis
525 4085 596 4139 m.2
620 4087 646 4140 V
694 4086 778 4141 huius
801 4084 946 4158 wopa
995 4089 1026 4141 in
1052 4089 1179 4142 futurum
1205 4104 1235 4140 se
1259 4093 1372 4156 tempus
1398 4085 1447 4140 GE

295 4175 330 4226 22
349 4173 407 4226 uita
434 4173 471 4226 sit
503 4173 595 4243 VCpE
654 4175 689 4227 23
707 4179 735 4227 et
761 4191 810 4227 om.
834 4194 855 4245 p
914 4176 943 4228 in
962 4175 1107 4244 puluerem
1141 4175 1165 4227 l'
1220 4177 1256 4229 24
1273 4175 1397 4228 liberare
1425 4172 1447 4224 ζ’

297 4275 349 4328 ego
368 4277 398 4311 rc
415 4275 483 4327 ergo
501 4277 533 4312 m.
554 4261 569 4310 1
595 4261 622 4314 l'.
