3075 4967
451 285 631 335 tractatus
648 280 684 333 in
705 280 878 347 psalmum
898 280 1004 334 CXLII.
1234 281 1297 347 807

195 472 224 535 t.
247 470 289 535 Et
310 470 379 535 ideo
403 470 532 535 subiecit
555 470 595 535 ad
617 470 658 547 id,
674 470 756 554 quod
774 490 808 535 se
824 470 856 533 in
871 470 993 559 iustitia
1004 470 1054 537 dei
1069 471 1170 536 orauit
1184 472 1298 537 audiri:

149 581 190 640 et
214 594 291 639 non
314 575 448 639 intres
471 575 512 638 in
535 574 734 639 iudicium
758 594 845 639 cum
867 594 988 639 seruo
1008 580 1088 639 tuo:
1113 576 1299 659 quianon

149 678 461 744 iustificabitur
483 678 522 743 in
546 684 768 759 conspeetu
791 683 856 743 tuo
879 679 1178 745 omnisuiuens.
1223 681 1299 764 quid

109 796 110 801 ’
151 782 237 848 enim
261 782 326 863 spei
350 790 405 860 cst,
430 782 456 847 si
479 782 615 847 iudicare
639 802 695 847 nos
725 783 900 847 secundum
930 803 964 848 se
994 785 1072 849 deus
1094 783 1178 862 uelit
1209 784 1236 849 si
1258 786 1300 851 ad

151 888 402 968 conparationem
436 888 484 951 sui
518 886 589 951 uitae
625 892 738 953 nostra
761 887 971 952 innocentiam
993 886 1186 969 postulabit?
1212 889 1298 955 iusti·
1339 916 1351 953 a

149 990 238 1057 ficari
261 998 364 1057 autem
388 991 419 1056 in
444 996 611 1072 conspectu
642 990 692 1056 dei
723 992 795 1075 quia
823 991 994 1057 uiuentium
1025 999 1133 1074 potest,
1165 993 1216 1059 cui
1244 994 1298 1072 ira

149 1095 200 1159 cui
225 1094 319 1165 dolor.
354 1096 401 1160 cui
437 1093 599 1175 cupiditas,
630 1094 679 1159 oui
714 1094 875 1179 ignoratio,
911 1096 960 1161 cui
983 1095 1105 1175 obliuio,
1127 1097 1178 1162 cui
1200 1118 1298 1175 casus,

150 1200 201 1265 cui
223 1198 391 1265 necessitas
425 1197 474 1264 uel
497 1204 718 1280 perustarum
741 1200 879 1279 corporis
894 1199 944 1265 ucl
966 1221 1022 1281 per
1044 1207 1164 1266 motum
1186 1202 1299 1267 animm

150 1322 277 1383 semper
313 1303 490 1369 fluctuantis
528 1302 667 1369 admixta
704 1304 753 1381 sit,
791 1304 840 1369 cui
878 1310 908 1369 et
944 1304 1057 1369 cotidie
1093 1306 1299 1388 grauissimus

150 1406 250 1471 hostie
273 1407 443 1489 immineat
467 1406 609 1473 diabolus
631 1406 779 1472 uidelicet
800 1408 913 1473 animm
934 1408 994 1473 uin'
1016 1407 1118 1473 fidelis
1147 1408 1298 1475 insidians
1325 1434 1349 1472 n

150 1530 285 1595 eamque
320 1512 360 1575 cd
394 1510 551 1576 interitum
587 1509 803 1595 persequens?
848 1510 930 1577 hauc
964 1512 1047 1576 enim
1081 1532 1150 1577 cese
1172 1532 1298 1579 causam

151 1616 251 1692 docet,
290 1636 351 1699 qua
388 1635 480 1680 nemo
509 1616 620 1681 uiuons
650 1615 811 1681 iustificari
834 1615 865 1679 in
900 1623 1068 1697 conspectu
1101 1618 1150 1681 dei
1185 1618 1296 1697 possit:

150 1719 247 1803 quia
269 1725 515 1799 persecutus
538 1726 599 1784 cst
620 1719 1005 1785 inimicueanimam
1020 1740 1152 1798 meam,
1176 1720 1297 1787 humi·

151 1822 334 1888 liauitin
358 1828 472 1888 terra
494 1824 617 1887 uitam
653 1843 787 1902 meam,
823 1822 1048 1889 collocauit
1081 1845 1138 1889 me
1168 1825 1207 1889 in
1237 1826 1298 1889 ob·

151 1928 288 1992 scuris
322 1928 430 1993 siout
464 1933 645 1992 mortuos
679 1926 829 1992 saeculi.
875 1927 1048 1994 obscuritas
1070 1948 1127 2010 per
1160 1928 1297 2009 corporis
1325 1951 1350 1989 aa

150 2031 226 2095 uitia
249 2029 424 2110 effunditur,
448 2042 478 2097 et
501 2050 573 2096 cum
598 2050 652 2111 per
675 2030 792 2096 diaboli
805 2030 935 2115 laqueos
948 2031 982 2095 in
998 2032 1182 2114 cupiditates
1197 2033 1298 2098 carnis

149 2133 327 2214 incidimus,
359 2156 377 2199 a
407 2134 593 2219 cognitionis
627 2134 696 2201 luce
731 2134 853 2216 depulsi
885 2136 917 2199 in
951 2136 1092 2202 obscuris
1114 2136 1300 2202 collocamur

150 2237 317 2323 gentilium
341 2239 477 2304 tenebris
501 2238 637 2304 demersi
660 2244 691 2304 et
713 2238 909 2330 sacularium
924 2258 1052 2320 operum
1068 2248 1158 2305 nocte
1173 2240 1298 2305 detenti.

196 2342 224 2409 ὅ.
249 2341 311 2409 Sed
336 2342 564 2426 quantumlibet
594 2362 785 2427 persequens
815 2343 954 2408 animam
975 2343 1120 2409 inimicus
1143 2352 1175 2410 et
1190 2342 1298 2408 ¹humi·

152 2446 232 2511 lians
255 2447 287 2511 in
311 2466 437 2527 corpore
460 2453 621 2530 tamquam
645 2454 801 2512 mortuum
825 2446 928 2513 saculi
951 2446 1079 2513 collocet
1099 2447 1133 2511 in
1159 2448 1298 2515 obscuro.
1325 2478 1350 2516 sc

152 2549 301 2631 spiritalis
323 2557 428 2616 tamen
451 2552 509 2615 uiri
533 2550 672 2617 anxiatae
702 2550 752 2616 his
776 2551 912 2631 corporis
935 2552 1071 2617 tenebris
1093 2572 1154 2617 non
1178 2557 1299 2617 tenetur

152 2661 185 2719 et
206 2674 260 2719 cor
282 2674 376 2735 super
397 2653 457 2719 hac
480 2654 548 2735 ipsa
571 2661 687 2720 uaturae
718 2674 781 2719 sum
811 2654 992 2721 infirmitate
1023 2656 1163 2720 turbatur
1183 2675 1298 2738 repug-

152 2774 294 2840 nansque
312 2757 400 2825 uitiis
423 2758 583 2823 hominem
606 2778 697 2823 suum
720 2759 752 2823 in
776 2760 962 2825 memoriam
979 2759 1089 2839 primm
1105 2780 1169 2825 suaa
1184 2760 1298 2826 consti-

152 2862 277 2928 tutionis
300 2868 331 2927 et
352 2862 384 2927 in
408 2862 642 2929 meditationem
677 2863 727 2929 dei
761 2882 892 2943 operam
925 2864 1085 2930 conuertit
1130 2864 1296 2929 nonenim

153 2986 224 3031 curn
248 2966 392 3031 inimicus
416 2967 447 3031 in
470 2966 610 3031 obscuris
634 2972 789 3032 mortuum
813 2966 926 3045 saculi,
953 2970 1008 3033 sod
1032 2975 1193 3052 tamqnam
1216 2988 1298 3033 mor·
1325 2999 1350 3038 a

153 3076 239 3134 tuum
263 3068 368 3135 saculi
391 3069 564 3137 collocauit:
588 3090 644 3152 per
666 3072 749 3154 quod
772 3068 900 3137 libertas
922 3071 1048 3151 spiritns
1062 3091 1187 3153 semper
1208 3072 1240 3136 in
1262 3091 1297 3136 se

154 3172 236 3238 anxii
258 3180 442 3239 reseruatnr.
651 3170 660 3195 ⁸

196 3278 228 3343 6.
252 3276 290 3341 Id
312 3277 395 3343 enim
419 3278 573 3361 sequitur:
608 3285 646 3342 et
679 3278 870 3343 anxiatus
893 3284 956 3343 est
978 3279 1017 3343 in
1040 3299 1098 3344 mo
1121 3278 1297 3359 spiritus
1376 3317 1381 3330 ·

153 3400 279 3447 meus:
313 3381 353 3446 in
387 3401 444 3446 me
479 3382 685 3447 turbatum
709 3387 863 3448 estcor
886 3401 1021 3446 meum.
1066 3381 1295 3448 memorial

153 3485 309 3551 dierum
348 3486 622 3569 antiquorum,
660 3486 884 3551 meditatus
921 3505 1006 3550 snm
1038 3486 1078 3549 in
1111 3486 1297 3551 omnibus
1323 3516 1349 3554 cc

152 3590 346 3671 operibus
363 3590 454 3664 tuis,
469 3588 509 3653 in
529 3589 656 3655 sactis
674 3608 859 3654 manuum
875 3595 1035 3654 tuarum
1057 3590 1297 3655 meditabar.

153 3694 212 3758 scit
236 3695 340 3758 Adam
364 3714 382 3757 a
405 3692 529 3758 diabolo
551 3700 677 3773 captmn
702 3700 731 3758 ot
753 3692 869 3760 idcirco
887 3712 1009 3758 memor
1031 3699 1079 3759 est
1101 3694 1296 3777 antiquorum

153 3796 284 3864 dierum.
330 3796 389 3862 scit
419 3817 491 3861 eum
522 3817 578 3879 per
609 3796 889 3882 transgressionem
919 3795 997 3881 legis
1031 3797 1203 3862 constitutae
1226 3805 1298 3863 eta

194 4006 260 4060 ssiu
278 4006 382 4060 iudicio
401 4007 427 4059 R
479 4006 633 4061 liudicsri
647 4007 674 4060 R
727 4005 902 4074 lignoratio
919 4024 950 4059 ex
967 4006 1141 4077 ignoratiop
1193 4009 1295 4075 liquo·

150 4090 239 4147 tidias
266 4093 292 4146 R
356 4095 388 4147 10
406 4078 470 4147 uiri
488 4111 561 4163 supr.
587 4111 637 4146 sor.
661 4111 682 4163 p
747 4096 779 4147 17
796 4093 876 4145 luccc
903 4092 930 4145 R
981 4091 1012 4145 in
1038 4092 1163 4146 obscuris
1188 4094 1244 4147 RE
1267 4092 1296 4146 in

151 4180 307 4250 obscurop
359 4182 394 4235 20
411 4185 586 4251 mortacmp
638 4182 672 4234 ill
693 4196 748 4233 non
766 4185 879 4233 tenetur
893 4179 944 4249 pE
960 4179 1120 4233 continetur
1138 4179 1164 4233 R
1215 4181 1251 4235 28
1267 4180 1297 4232 in

151 4282 197 4319 ms
215 4266 332 4335 spiritus
349 4267 376 4321 R
393 4282 476 4335 super
495 4283 539 4320 mc
557 4266 672 4335 spiritus
687 4267 737 4337 pE
753 4266 786 4330 cf.
806 4266 925 4320 Sototier
943 4266 981 4330 11,
999 4263 1065 4319 276.
