3075 4967
410 317 590 365 tractatus
610 312 644 364 iu
663 311 834 378 psalmum
854 309 970 362 CXLIV.
1197 306 1260 371 829

116 509 163 562 te.
212 520 331 579 posce
355 520 373 563 a
397 521 461 575 me,
496 509 534 564 et
568 501 669 564 dabo
704 500 781 565 tibi
815 506 961 583 gentes
993 498 1259 565 heriditatem

115 618 226 667 tuam
250 605 609 685 etposaessionem
633 614 739 669 tuam
763 605 1105 669 terminoste1·rae.
1141 620 1261 686 reges

115 728 185 771 cos
210 709 248 771 in
272 709 388 793 uirga
415 708 558 773 ferrea.
604 710 690 774 euim
721 708 809 793 regni
839 708 1062 788 perennitatem
1086 706 1196 771 Daniel
1220 708 1262 769 ita

113 818 306 877 contestatus
336 826 384 877 est
415 813 538 877 dicens:
585 820 623 877 et
660 814 696 876 in
736 812 881 877 diebus
918 832 1059 895 regum
1098 809 1260 874 illorum

114 918 322 981 excitabit
344 918 441 981 deus
465 917 552 983 caeli
577 937 744 1001 regnum
768 916 886 988 aliud,
922 917 1024 999 quod
1047 934 1259 998 numquam
1302 940 1313 974 a

113 1027 402 1103 corrumpetur
438 1042 565 1105 usque
604 1024 641 1086 in
680 1022 844 1098 seacula,
890 1028 927 1084 et
968 1040 1137 1103 reguum
1175 1019 1261 1084 eius

112 1124 243 1189 alteri
266 1126 412 1208 populo
447 1146 521 1190 nou
546 1126 822 1210 relinquetur:
847 1126 1092 1190 comminuet
1115 1130 1152 1188 et
1174 1143 1261 1188 uen-

112 1229 261 1293 tilabit
294 1231 423 1293 omnia
457 1250 593 1313 regna,
628 1236 666 1295 et
690 1229 761 1295 hoc
786 1250 953 1313 regnum
988 1230 1025 1292 in
1059 1235 1261 1293 aeternum.

113 1342 142 1397 et
175 1354 317 1397 rursum:
352 1342 390 1398 et
424 1354 517 1399 ecce
552 1354 637 1399 cum
673 1335 848 1399 nubibus
883 1333 970 1399 caeli
1005 1334 1113 1397 sicut
1142 1331 1261 1395 iilius

114 1437 296 1501 hominis
331 1438 501 1502 ueniens
536 1446 572 1503 et
607 1457 732 1520 usque
775 1440 820 1502 ad
862 1445 1064 1503 uetustum
1104 1437 1258 1500 dierum
1290 1460 1312 1494 ιο

113 1542 309 1622 peruenit
333 1550 370 1606 at
404 1542 567 1607 oblatus
591 1550 652 1608 est
675 1544 726 1619 ei;
758 1549 796 1609 et
827 1545 944 1608 datus
969 1549 1031 1607 est
1054 1542 1088 1606 ei
1112 1541 1261 1621 prinei-

112 1653 237 1727 patus
261 1660 298 1710 et
322 1646 446 1710 honor
469 1653 508 1711 el
531 1667 716 1731 regnum:
742 1654 937 1711 etampes
961 1646 1260 1729 populitribus

113 1760 151 1815 et
190 1750 339 1833 liuguae
372 1751 559 1816 seruieut
593 1751 636 1827 ei,
672 1758 709 1816 et
743 1756 927 1831 potestas
958 1750 1046 1815 eius
1076 1756 1260 1829 potestas

114 1861 323 1935 perpetua,
348 1874 431 1938 quae
455 1875 667 1938 numquam
690 1856 898 1929 transibit,
922 1861 960 1919 et
982 1874 1151 1938 regnum
1175 1853 1260 1916 eius

112 1980 193 2023 non
230 1968 521 2039 corrumpetur.
568 1960 617 2023 bic
641 1960 737 2043 igitur
759 1980 813 2024 rex
836 1960 979 2024 laudatur
1000 1979 1056 2041 per
1090 1959 1156 2034 ista,
1192 1976 1261 2039 quae
1289 1977 1312 2010 1⁶

116 2064 238 2144 psalmo
277 2063 485 2128 continentur:
527 2064 715 2129 exaltabo
752 2070 798 2138 te,
829 2064 925 2128 deus
970 2083 1080 2127 meus
1118 2068 1156 2127 et
1192 2081 1260 2125 rex

116 2186 244 2239 meus.
278 2174 308 2231 et
343 2188 396 2247 per
429 2167 519 2233 illud:
558 2170 691 2233 sancti
730 2169 786 2232 tui
825 2167 1138 2232 confitebuntur
1175 2165 1259 2233 tibi„

113 2271 293 2356 gloriam
328 2274 445 2355 regni
481 2273 536 2336 tui
572 2272 711 2337 dicent
745 2283 782 2336 et
817 2272 1042 2351 potentiam
1075 2279 1180 2334 tuam
1211 2269 1260 2332 lo-

113 2382 299 2459 quentur.
345 2384 476 2441 uotam
499 2376 656 2442 saciant
680 2376 788 2441 liliis
812 2376 1014 2441 homiuum
1035 2374 1258 2455 potentiam

67 2519 71 2527 ·
112 2496 223 2543 tuam
248 2486 286 2543 et
307 2479 482 2564 gloriam
505 2481 833 2563 magnificentia
856 2480 972 2563 regni
996 2481 1063 2543 tui.
1093 2498 1259 2563 regnum
1287 2496 1312 2533 2⁰

113 2594 222 2647 tuum
246 2592 414 2666 regnum
439 2585 610 2649 omnium
635 2584 874 2651 saeculorum
895 2583 1173 2648 aldominatio
1197 2595 1261 2645 tua

113 2690 151 2752 iu
180 2687 285 2751 omui
308 2690 580 2770 generatione
604 2695 640 2753 et
662 2689 870 2771 progenie.

158 2793 188 2856 2.
215 2790 254 2854 ht
277 2810 465 2875 quamquam
488 2792 538 2857 hic
561 2794 600 2857 ob
624 2794 732 2857 aeterni
759 2793 848 2875 regni
879 2792 1019 2877 gloriam,
1054 2810 1116 2874 qua
1146 2790 1260 2855 sanctis

113 2896 380 2979 conregnantibus
404 2896 470 2975 ipse
493 2897 647 2980 reguabit,
681 2896 747 2961 laus
783 2898 840 2961 deo
874 2895 1033 2977 prophetae
1067 2894 1261 2961 confessione

111 3006 266 3073 cantetur,
296 3006 401 3063 tamen
431 3001 474 3064 ita
503 3000 686 3065 laudationis
716 3002 813 3084 ipsius
841 3002 916 3065 ratio
940 3009 970 3066 et
993 3004 1067 3065 ordo
1091 3000 1259 3080 dispositus
1287 3014 1313 3053 ²⁵

112 3111 170 3180 est,
196 3110 229 3166 ut
252 3124 297 3181 aa,
321 3123 389 3186 quae
414 3105 452 3168 de
476 3124 510 3168 eo
535 3105 718 3181 dictasunt,
749 3126 787 3169 ex
817 3125 912 3169 sensu
946 3104 1119 3169 communis
1142 3102 1259 3167 intelle·

112 3207 229 3290 gantiae
245 3207 463 3286 praedicentur:
487 3216 528 3283 ut,
544 3208 575 3271 in
593 3216 742 3291 quantum
759 3208 888 3273 humani
904 3209 1056 3273 sermonis
1072 3208 1259 3271 consuetudo

112 3310 274 3392 permittit,
305 3313 343 3375 de
365 3312 506 3376 inmensa
528 3312 581 3377 illa
604 3325 634 3378 et
656 3312 948 3393 inconprehensibili
973 3314 1022 3377 dei
1046 3318 1165 3387 natura,
1189 3309 1261 3374 licet

112 3434 174 3479 non
201 3416 239 3479 ad
264 3416 432 3497 perlectam
452 3418 634 3501 cognitionis
650 3418 822 3493 ueritatem,
847 3423 951 3481 tamen
966 3418 1006 3480 ad
1021 3415 1260 3479 admirationem

112 3540 171 3585 nos
195 3520 332 3603 ingentis
355 3520 445 3599 illius,
481 3542 548 3605 quea
584 3523 726 3596 elnaem,
760 3522 882 3586 uirtutis
905 3522 1051 3585 instituat.
1095 3538 1259 3600 possumus
1287 3534 1311 3568 ³⁰

160 3696 177 3745 t
197 3693 266 3747 Dan.
285 3696 319 3763 11,
337 3698 380 3749 lt.
415 3700 431 3749 9
451 3696 518 3750 Dan.
537 3696 596 3763 Vll,
619 3700 650 3749 13
669 3714 708 3763 sq.

160 3854 174 3903 l
194 3866 278 3917 posce
297 3852 325 3903 E
340 3852 487 3919 postulall
506 3854 551 3904 scd
567 3852 602 3921 cf.
622 3853 666 3905 Pa.
687 3852 720 3904 II
734 3853 848 3905 etAcad.
864 3872 892 3922 p.
911 3850 950 3901 35
1003 3850 1259 3918 dperhennitatem

114 3936 230 3990 danihel
249 3938 275 3990 R
327 3941 343 3991 6
367 3938 562 4005 &regnumlt
580 3939 613 4001 cs.
624 3941 742 3992 Sabatier
753 3940 790 3993 11.
809 3938 866 3991 858
883 3955 1055 4006 regnumque
1073 3938 1101 3988 E
1153 3938 1186 3990 13
1204 3953 1260 3989 ser·

112 4024 231 4077 uiabant
242 4025 266 4076 11
319 4025 376 4078 eius
395 4031 515 4093 potestas
534 4028 618 4079 omli
674 4028 706 4079 14
724 4026 854 4080 transibit
864 4025 1068 4079 extraneiuitR
1122 4027 1153 4078 17
1172 4023 1261 4077 sancti

113 4130 144 4164 ez
172 4117 201 4165 et
229 4112 316 4165 sancti
336 4113 360 4163 a
414 4114 447 4165 18
465 4118 493 4165 et
519 4117 686 4179 potestatem
713 4118 790 4166 tuam
818 4115 840 4165 1.
859 4114 875 4165 l.
895 4114 921 4165 R
939 4112 998 4177 (sed
1023 4114 1049 4163 in
1074 4122 1142 4164 textu
1163 4112 1261 4180 psalmi
1314 4125 1317 4131 ·

113 4200 239 4250 tractatui
255 4201 397 4266 praeniissa
416 4210 439 4251 et
457 4202 512 4267 ipse
529 4201 601 4251 hobel
620 4205 648 4253 et
667 4201 819 4267 potentiam
837 4198 925 4264 tuam)
980 4201 1013 4252 19
1030 4198 1082 4251 filii
1102 4200 1124 4249 lt.
1136 4200 1154 4250 l.
1173 4198 1198 4250 R
1215 4199 1262 4249 sed

113 4295 193 4338 anteo
212 4283 276 4337 filiis
329 4288 364 4337 22
383 4290 410 4338 et
429 4286 559 4353 progenie
578 4290 601 4339 le.
621 4290 637 4339 1.
657 4306 705 4339 orn.
726 4288 751 4339 R
768 4289 815 4340 sed
830 4304 900 4356 mpr.
920 4297 995 4339 extat.
