3075 4967
406 303 587 352 tractatus
612 300 648 352 in
673 290 843 368 psalmum
869 298 948 352 CXX.
1183 297 1248 363 5θῦ

113 491 267 575 aliquando
300 509 462 571 pemersue
497 487 560 556 sit?
605 509 666 556 non
701 490 816 573 utique.
861 508 920 553 non
956 489 1040 555 enim
1075 490 1245 573 quidquam

115 595 164 660 nisi
185 597 299 661 bonum
321 595 352 659 in
376 614 412 658 eo
435 600 465 658 et
487 599 636 658 aeternum
661 603 722 660 est:
753 593 810 658 sed
840 595 912 676 quia
942 595 1109 658 secundnm
1141 593 1244 660 unius·

112 699 249 784 cuiusque
272 717 374 763 mores
397 717 433 762 ae
457 698 591 762 studium
624 698 786 780 unicuique
816 698 891 763 deus
914 697 1041 774 adiacet,
1075 699 1190 763 ideireo
1213 705 1244 765 et

112 805 257 883 pemersis
280 821 406 868 auersus
429 808 528 867 estet
551 807 675 868 sanetus
698 804 729 866 in
753 802 867 867 sanatis
891 808 946 866 θεῖ.

149 925 194 990 10.
220 925 324 1008 Atque
338 931 371 987 ut
386 923 564 988 ostenderet
580 943 617 988 ex
632 930 737 988 nostra
753 923 854 1004 potius
870 923 909 986 ad
921 920 1015 988 tidem
1028 922 1244 988 dormitatione
1283 957 1299 996 r

109 1048 244 1094 somnum
279 1047 348 1093 esee
382 1027 528 1092 coendia
562 1047 663 1111 neque
698 1028 729 1092 in
758 1031 901 1091 naturam
935 1027 1082 1092 custodiae
1113 1026 1245 1092 caleatis

107 1134 198 1197 somni
223 1132 364 1217 requiem
389 1132 563 1208 conuenire,
587 1132 658 1214 quia
681 1131 837 1196 indelessa
860 1131 900 1196 sit
923 1137 954 1196 ot
983 1137 1108 1208 aterna,
1139 1132 1244 1196 stetim

107 1237 258 1302 conexuit:
283 1255 377 1302 ecee
399 1255 474 1301 non
497 1235 740 1301 dormitabit
761 1255 890 1319 neque
913 1236 1152 1313 obdormiet,
1176 1238 1243 1319 qui

106 1341 281 1406 custodit
304 1339 473 1406 Israhel.
518 1341 704 1421 imprecatus
728 1341 877 1420 superine,
893 1359 931 1405 ne
950 1341 1139 1416 dormitaret,
1163 1359 1243 1404 nunc

106 1463 200 1528 neque
224 1446 391 1510 dormitare
416 1463 514 1527 neque
539 1444 674 1508 dormire
696 1445 755 1519 eit;
779 1444 1026 1509 dormitationem
1042 1444 1182 1525 superins
1205 1465 1242 1510 er
1270 1477 1295 1513 ιο

106 1559 202 1613 nostra
226 1549 265 1613 ab
289 1569 324 1614 eo
348 1549 536 1613 discessione
560 1547 747 1632 significans,
772 1567 852 1612 nunc
876 1556 978 1612 autern
1002 1568 1102 1632 neque
1126 1549 1242 1614 dormi·

104 1663 163 1718 tare
185 1673 287 1736 neque
311 1653 453 1729 dormire,
488 1653 560 1735 quia
585 1651 625 1716 sit
647 1654 802 1717 eternitas
826 1651 990 1729 indelessa,
1015 1651 1242 1717 demonstrans.

103 1757 152 1821 sed
187 1753 256 1840 quis
289 1757 337 1822 hic
368 1763 422 1836 est,
457 1757 509 1841 qni
542 1775 643 1839 neque
678 1757 823 1822 dormitet
856 1775 957 1839 neque
992 1757 1147 1824 dormiat?
1190 1757 1241 1822 ille

104 1860 223 1937 scilicet,
258 1860 325 1944 qui
359 1861 539 1926 custodit
574 1857 745 1925 Israhel.
794 1860 914 1924 israhel
951 1859 1081 1926 Genesis
1119 1863 1242 1941 exponit

103 1985 167 2030 eum
193 1986 272 2044 esse,
289 1967 341 2049 qui
357 1967 450 2030 deum
470 1966 590 2030 uiderit.
637 1965 730 2030 Iacob
746 1964 831 2029 enim
846 1965 1020 2046 patriarcha
1036 1972 1105 2046 post
1119 1965 1240 2041 luctam,
1269 1996 1295 2031 ιε

103 2089 192 2152 quam
216 2090 287 2136 cnm
311 2071 368 2134 deo
391 2069 549 2146 habuerat,
580 2069 639 2134 hoc
662 2089 774 2134 nomen
797 2071 924 2150 accepit.
969 2068 1049 2134 ultra
1072 2070 1239 2135 humanam

102 2183 238 2240 naturam
262 2175 355 2240 deum
378 2179 526 2240 contuens
557 2173 629 2239 fidei
661 2193 724 2238 suae
755 2173 849 2239 oculis
880 2176 993 2258 dignus
1023 2173 1081 2239 boo
1115 2175 1239 2239 nomine

101 2284 152 2343 est.
198 2283 291 2344 deum
315 2284 418 2344 autem
441 2280 518 2343 adeo
541 2279 626 2356 uidit,
655 2289 688 2343 ut
712 2279 854 2344 benedici
878 2299 911 2344 se
934 2279 972 2344 ab
997 2300 1033 2345 eo
1056 2286 1239 2361 precaretur.

101 2384 238 2449 meminit
272 2389 302 2448 et
325 2382 439 2448 Paulus
473 2402 540 2448 esse
574 2401 654 2448 nnnc
691 2386 721 2447 in
756 2383 846 2464 plebe
880 2384 1030 2467 gentium,
1065 2385 1097 2448 id
1131 2390 1178 2448 est
1208 2385 1239 2447 in

101 2487 207 2568 populo
230 2487 370 2554 ecelesiae
394 2486 513 2552 Israhel
537 2488 660 2552 dicens:
695 2508 767 2567 pax
798 2507 919 2568 super
942 2507 1026 2552 eum
1057 2495 1095 2553 et
1117 2507 1238 2569 super
1265 2511 1292 2551 ro

102 2590 258 2657 Israhel
283 2591 356 2668 dei,
387 2611 424 2656 ne
448 2591 526 2656 sorte
549 2611 663 2656 nornen
682 2590 740 2657 boc
756 2592 890 2675 antiquae
907 2599 1024 2657 tantum
1042 2591 1123 2659 illius
1139 2591 1239 2673 plebis

101 2693 191 2760 luisse
224 2689 459 2760 existimaretur.
515 2715 590 2779 ergo
624 2698 650 2760 si
685 2694 735 2761 ille
769 2715 830 2760 non
865 2697 986 2773 dormit,
1020 2697 1072 2780 qui
1107 2697 1239 2761 custodit

102 2796 224 2878 Israhel,
258 2805 290 2864 et
312 2799 470 2881 proprium
494 2797 613 2865 Israhel
648 2818 760 2865 nomen
796 2807 845 2865 eat
877 2803 971 2866 deum
1004 2801 1153 2866 uideatis:
1188 2799 1239 2866 ille

100 2921 221 2968 necesse
243 2911 290 2969 θεῖ
313 2903 509 2981 custodietur,
546 2904 598 2986 qui
622 2903 749 2969 eleuatis
773 2906 812 2969 ad
836 2913 958 2970 montes
982 2904 1076 2970 oeulis
1100 2905 1177 2970 uidit
1207 2911 1239 2971 et

98 3006 186 3071 dixit:
210 3007 404 3073 auxilium
428 3025 554 3072 meum
577 3028 595 3072 a
618 3008 787 3085 domino,
811 3009 879 3093 qui
903 3009 1006 3074 lecit
1036 3008 1175 3075 caelum
1197 3015 1236 3074 et
1264 3031 1292 3070 aa

99 3120 252 3176 terram.
297 3111 474 3192 inpenditur
487 3131 562 3196 ergo
575 3111 648 3177 fidei
664 3112 735 3178 huic
753 3113 885 3179 caelestis
901 3114 1037 3179 custodia
1060 3121 1091 3179 et
1113 3119 1237 3179 aeternae

141 3268 173 3320 15
191 3267 255 3322 Gen.
273 3269 385 3336 XXXII,
404 3270 446 3324 28.
482 3271 518 3324 20
537 3267 598 3323 Gal.
618 3269 663 3335 Vl,
686 3271 724 3324 16.

139 3414 155 3464 2
173 3416 200 3467 et
216 3432 264 3468 om.
285 3415 310 3466 P
360 3417 377 3468 3
395 3415 545 3483 unicuique
572 3415 640 3470 deus
658 3416 766 3470 adiacet
786 3418 840 3470 RE
856 3416 1006 3484 uuicuique
1024 3417 1169 3471 obadiaoet
1191 3416 1238 3469 PT

98 3505 124 3551 et
150 3503 283 3568 peruersis
311 3501 361 3554 ΡΤ
386 3506 414 3555 et
441 3501 471 3554 in
498 3503 636 3570 peruereIs
663 3505 689 3556 R
716 3521 750 3555 aa
778 3509 806 3557 et
833 3520 849 3557 a
876 3504 1033 3571 peruersis?
1103 3507 1121 3557 4
1156 3521 1236 3558 auer-

97 3601 142 3638 sus
161 3592 200 3642 eat
218 3589 242 3642 R
260 3605 373 3643 euersam
387 3589 437 3640 PT
489 3592 505 3642 b
523 3589 717 3643 dormitatione
737 3591 777 3644 Re
795 3590 1021 3644 dormitionePT
1072 3593 1088 3645 8
1105 3590 1236 3645 conexuit

99 3671 123 3723 R
149 3675 294 3730 connexuit
322 3675 371 3727 PT
423 3675 579 3728 obdormias
608 3677 632 3729 G
660 3677 780 3730 dormiet
807 3678 884 3730 RPI'
944 3677 1154 3746 9inpraeoatue
1183 3677 1236 3730 GR

98 3773 131 3810 ue
149 3759 222 3814 RI’T
245 3777 295 3815 neo
322 3763 347 3815 G
401 3778 473 3815 nuuc
501 3779 589 3830 neque
616 3779 706 3830 neque
734 3764 884 3817 dormitare
914 3765 939 3816 G
994 3767 1027 3818 13
1045 3765 1165 3819 dormiat
1184 3765 1236 3817 ΡΤ

99 3843 223 3900 dormitat
242 3848 267 3900 Ρ
320 3851 352 3903 16
370 3846 518 3902 humanam
537 3855 663 3902 naturam
676 3851 728 3902 ΡΤ
745 3849 894 3904 humanam
912 3852 1051 3905 naturaP
1103 3853 1136 3906 18
1154 3868 1234 3920 prae·

98 3939 203 3986 caretur
214 3935 237 3988 (ι’
290 3937 325 3989 20
342 3934 464 3988 hisrahel
479 3935 504 3986 P
554 3937 586 3988 21
607 3935 758 3989 istrahelG
812 3939 845 3989 22
864 3953 930 4006 ergo
949 3938 972 3991 ei
991 3937 1040 3992 ille
1057 3940 1151 4010 scripsi
1168 3955 1234 4006 ergo

99 4015 144 4070 ille
164 4019 229 4074 Ret
246 4021 270 4074 ei
297 4021 345 4074 ille
363 4021 414 4073 ΡΤ
432 4038 497 4090 ergo
525 4026 553 4074 et
578 4021 602 4076 ei
629 4021 677 4075 ille
697 4023 724 4074 Ε
775 4024 810 4075 24
828 4023 1000 4078 custodietur
1018 4025 1044 4078 R
1061 4025 1235 4079 custodiatur

99 4120 127 4154 ex
144 4107 311 4162 custodietur
330 4107 355 4159 Ρ
370 4106 585 4161 custodiaturT
610 4109 644 4177 cf.
665 4111 740 4162 Arcd.
769 4110 806 4175 II,
833 4109 905 4167 318,-
933 4113 1006 4165 stad.
1034 4111 1107 4166 1889
1127 4131 1155 4182 p.
1174 4110 1235 4164 322

99 4188 208 4247 eleuatis
226 4193 275 4246 ΡΤ
292 4193 388 4247 aelatia
407 4194 433 4246 R
450 4196 496 4248 sed
511 4195 546 4264 cf.
562 4214 591 4265 p.
610 4195 670 4252 171,
700 4197 712 4248 7
738 4207 761 4249 et
779 4195 844 4264 567,
872 4197 907 4251 19
970 4200 1004 4252 25
1032 4199 1079 4267 qai
1106 4198 1173 4252 feeit
1200 4227 1235 4236 -

98 4281 196 4331 terram
213 4297 260 4333 om.
278 4280 310 4334 R.
1231 4313 1237 4322 ·
