3075 4967
320 271 383 336 710
599 318 601 324 .
662 272 778 326 saneti
803 269 937 324 Hilarii
962 271 1126 339 episcopi

320 467 407 544 petra
430 463 570 539 eiecerat
594 481 709 526 manna
731 481 748 526 e
771 460 846 526 caelo
867 457 1003 539 miserat,
1026 459 1130 546 legam
1159 467 1312 545 posuerat,
1339 461 1446 528 ueniam
1519 452 1520 469 ¹

304 567 414 656 tantis
438 565 609 650 sacrilegiis
633 563 811 641 indulserat,
836 571 882 630 tot
904 563 1151 650 irreligiosorum
1174 585 1274 649 regna
1300 566 1447 639 deiecerat

304 733 306 742 ,
318 671 487 750 propbetas
510 671 644 748 miserat,
668 670 861 753 unigenitum
885 689 976 735 suum
998 670 1084 735 nasci
1114 668 1274 734 bominem
1307 669 1447 737 uoluerat

320 776 376 840 sed
399 779 444 838 tot
467 774 622 858 tantisque
647 772 816 839 beneficiis.
828 772 959 855 populus
993 774 1133 857 ingratus
1161 778 1193 837 et
1214 772 1342 838 colonus
1365 775 1447 837 uinea

279 904 293 940 a
320 879 437 959 primus
460 877 576 942 electus
606 878 636 942 in
667 877 769 958 ipsum
801 879 960 959 dominum
989 877 1090 942 uineae
1120 877 1321 958 parricidales
1351 896 1448 942 marus

319 981 429 1059 intulit,
452 984 556 1061 deum,
580 982 786 1069 quantumin
810 1000 844 1046 so
867 988 922 1058 est,
947 980 1127 1046 crucifixum
1149 981 1182 1044 in
1204 980 1333 1047 homine
1355 982 1448 1046 morti-

318 1085 425 1152 ficans.
481 1087 538 1151 sed
583 1084 672 1151 alecti
717 1096 788 1150 sunt
822 1086 913 1163 serni,
950 1085 1063 1168 quibus
1101 1085 1192 1150 uinea
1225 1085 1360 1150 fructum
1394 1085 1447 1150 eins

304 1189 519 1268 reddentibus
543 1190 723 1267 traderetur,
745 1189 777 1254 in
802 1189 913 1272 quibus
936 1188 1080 1255 dominus
1110 1189 1244 1254 iudicato
1274 1187 1384 1270 populo
1403 1207 1448 1252 suo

305 1293 442 1375 ¹pietatis
476 1313 538 1358 sure
573 1294 722 1359 damnum
757 1292 972 1358 consolaretur.
1016 1293 1121 1376 itoqua
1158 1291 1355 1357 consolantur
1389 1311 1448 1357 eum

267 1427 292 1464 ιο
319 1402 430 1481 gentes
463 1397 494 1461 in
518 1397 705 1480 martyribus
729 1402 760 1462 et
782 1395 1012 1461 consessoribus
1035 1402 1067 1461 et
1087 1394 1232 1462 fidelibus
1258 1396 1322 1461 suis
1345 1395 1448 1460 tructus

319 1521 357 1567 er
379 1521 413 1567 se
436 1500 612 1566 commissae
635 1499 694 1565 sibi
712 1501 820 1584 gratia
836 1501 1051 1580 rependentes.
1096 1518 1159 1564 non
1174 1519 1256 1565 noua
1270 1506 1382 1576 autem,
1401 1517 1449 1563 nec

319 1605 410 1671 huius
433 1610 553 1669 tontum
575 1603 733 1685 propheta
763 1625 823 1669 uon
852 1605 911 1669 ista
934 1610 990 1670 est.
1034 1604 1163 1688 Moyses
1185 1605 1216 1668 in
1241 1603 1387 1685 praeclaro
1407 1601 1449 1666 illo

319 1709 550 1775 Deuteronomii
581 1708 706 1786 cantico,
730 1727 802 1773 cum
831 1713 959 1789 peccata
991 1707 1096 1792 populi
1119 1707 1210 1773 buius
1234 1714 1266 1773 et
1286 1708 1449 1789 impietates

318 1814 505 1879 nouissimos
529 1811 678 1878 attidem
701 1811 911 1897 generationis
933 1811 1058 1878 alterius
1073 1811 1268 1894 predicaret,
1290 1812 1350 1876 ait:
1372 1829 1449 1894 quo

268 1947 292 1984 rr
318 1918 422 1984 niam
447 1917 652 1982 iudicabit
674 1917 861 1981 dominus
883 1915 1075 1998 populum
1094 1935 1204 1981 suum
1222 1914 1449 1981 etinseruis
1511 1965 1517 1972 .

319 2041 361 2088 su
371 2022 404 2086 is
427 2027 497 2087 'con
507 2019 721 2112 solabitur:
759 2024 885 2085 sauctus
897 2020 992 2086 etiarn
1005 2019 1141 2099 Eleazar,
1156 2039 1229 2085 cum
1243 2018 1449 2101 aprincipibus

318 2125 421 2208 populi
445 2126 491 2190 sui
515 2124 680 2208 degustare
702 2125 886 2190 ementitum
909 2123 1115 2190 sacrificatum
1136 2128 1307 2208 cogeretur,
1329 2122 1448 2207 gloriam

319 2231 458 2315 martyrii
481 2229 538 2294 sub
563 2227 623 2295 huc
646 2231 753 2295 eadem
778 2248 853 2294 uoce
882 2235 1086 2305 consummat,
1116 2229 1218 2294 sciens
1248 2228 1402 2293 dominum
1424 2225 1449 2287 in

320 2334 420 2400 seruis
443 2333 506 2399 suis
528 2332 715 2398 uoluntatem
740 2333 807 2398 eius
830 2333 1028 2413 operantibus
1061 2332 1195 2398 indicato
1217 2331 1330 2413 populo
1352 2349 1449 2396 conso

269 2465 294 2501 ao
321 2437 455 2504 landum.

364 2559 414 2623 26.
438 2556 633 2623 Gonuertitur
666 2557 778 2623 deinde
808 2558 848 2622 ad
878 2556 1097 2639 depellendum
1129 2543 1266 2622 errorem
1298 2554 1449 2640 gentilium

320 2662 497 2744 prophetico
520 2681 674 2736 sermone,
709 2668 742 2726 ut
764 2660 874 2726 stultas
896 2666 990 2744 atque
1011 2660 1206 2746 inreligiosae
1228 2659 1450 2742 superstitiones
1519 2684 1520 2697 ¹

320 2787 357 2834 er
386 2767 463 2849 ipsis
493 2765 746 2847 superstitionum
776 2767 877 2832 causis
910 2771 1059 2850 coarguet
1088 2765 1211 2830 dicens:
1242 2762 1450 2830 simulacra

319 2872 504 2956 gentium
527 2875 740 2955 argentum
765 2875 804 2934 et
825 2889 974 2950 aurum,
993 2889 1116 2951 opera
1137 2889 1320 2934 mannum
1342 2865 1451 2932 homi·

269 3001 294 3038 rr
320 2995 418 3040 num.
464 2994 505 3040 os
528 2973 680 3040 habent
709 2979 747 3039 et
774 2993 851 3039 non
875 2973 1110 3058 loquentum
1141 2971 1281 3039 oculos
1311 2971 1451 3037 habent

322 3085 359 3144 et
393 3099 467 3144 non
501 3079 715 3158 uidebunt3
753 3097 873 3143 aures
912 3077 1063 3144 habent
1096 3083 1134 3143 et
1167 3097 1244 3142 non
1278 3077 1451 3143 audient:

320 3203 439 3249 nares
462 3182 613 3248 habent
636 3187 675 3248 et
697 3202 774 3246 non
797 3183 1042 3262 odorabunt;
1072 3201 1213 3246 manus
1244 3181 1393 3246 habent
1417 3185 1450 3241 et

320 3306 396 3352 non
418 3286 659 3369 palpabunt;
690 3285 813 3366 peden
836 3285 990 3351 habent
1012 3291 1051 3353 et
1080 3306 1156 3350 non
1179 3284 1450 3351 ambulabunt;

321 3411 397 3456 non
418 3391 652 3458 clamabunt
673 3390 711 3454 in
736 3395 905 3474 gutture
927 3409 996 3455 suo
1029 3409 1159 3474 neque
1193 3396 1256 3456 ast
1288 3388 1449 3470 spiritua

268 3521 294 3558 so
321 3497 359 3561 in
383 3515 450 3561 ore
474 3515 617 3561 eorum.
651 3494 814 3560 similes
836 3493 925 3559 illis
948 3493 1063 3571 siant,
1087 3496 1153 3579 qui
1175 3495 1332 3561 faciunt
1353 3511 1397 3556 ea
1415 3496 1449 3551 et

366 3643 401 3706 14'
416 3652 498 3706 neus.
517 3651 628 3719 xxxn,
646 3655 688 3707 eo.
726 3654 758 3705 rr
777 3651 810 3706 or.
828 3651 918 3705 Maon.
936 3651 971 3719 11,
989 3656 1014 3720 a,
1032 3653 1074 3705 ar.
1112 3653 1145 3706 ra
1162 3650 1233 3705 nir.
1252 3651 1285 3718 11,
1302 3652 1324 3715 r,
1343 3651 1369 3702 o.

364 3793 381 3845 3
410 3790 605 3874 homimineT
658 3793 691 3846 13
715 3790 798 3845 exodi
816 3790 925 3845 cantico
949 3791 975 3844 P
1027 3794 1059 3845 17
1083 3789 1234 3881 degustare
1254 3791 1294 3854 (re
1309 3789 1337 3842 in
1354 3782 1451 3852 roall'

321 3895 455 3950 ementitfl
483 3893 639 3949 sacrificato
657 3896 708 3948 Pr
724 3896 828 3950 emetiri
855 3893 1011 3949 sacrificata
1028 3915 1062 3962 ⁰3
1088 3911 1105 3948 a
1131 3896 1258 3964 gentium
1275 3891 1449 3947 notificatur

321 3985 423 4036 conieci.
433 3983 537 4036 Εναεπι.
553 3985 591 4036 cd.
601 3983 684 4036 Boril.
700 3980 1055 4051 1550‚Prr.1572‚seres.
1065 3984 1126 4036 adro.
1135 3982 1233 4036 Bm
1285 3981 1315 4033 18
1328 3979 1447 4049 scr'pm

208 4077 213 4086 '
324 4069 342 4120 l.
359 4086 431 4140 supr.
449 4085 469 4122 c.
488 4079 583 4140 reptem
592 4069 699 4138 srotres
716 4071 764 4123 boc
782 4087 843 4123 uoce
860 4086 919 4123 naor
936 4086 989 4122 asse
1008 4079 1110 4122 nouat
1163 4069 1199 4122 22
1221 4065 1378 4137 prophetico
1399 4079 1448 4116 rer*

322 4171 404 4209 mone
414 4155 466 4208 PE
476 4155 655 4224 propheticus
668 4173 757 4210 sermo
772 4157 798 4208 T
847 4157 882 4212 25
900 4154 1184 4210 oculor-uidebant
1197 4154 1280 4209 onaP
1331 4152 1367 4206 29
1383 4165 1447 4202 now

323 4257 379 4294 non
396 4241 554 4296 clamabunt
572 4241 600 4295 in
620 4248 733 4311 gutture
758 4260 807 4297 suo
832 4245 859 4295 in
883 4243 920 4296 Pe
943 4243 1007 4312 infr.
1028 4253 1088 4313 post
1111 4241 1140 4297 in
1158 4259 1207 4296 oro
1224 4256 1312 4297 eorum
1331 4239 1447 4307 loquatur·
