3075 4967
293 252 357 317 824
640 259 755 311 sancti
775 258 910 311 Hilarii
928 259 1092 325 episcopi

338 443 386 508 18.
414 444 468 509 Est
491 452 521 511 et
543 448 763 530 nonagesimus
787 446 936 526 septimus
966 446 1105 526 psalmus
1135 446 1290 511 cauticum
1321 466 1433 510 nouum
1521 521 1522 524 Ἴ

293 556 435 613 cantans:
482 560 642 615 cantate
680 551 840 615 domino
886 534 1089 616 canticum
1134 570 1294 626 nouum,
1341 550 1434 633 qnia

292 653 500 720 mirabilia
538 655 639 720 iecit
675 654 873 720 dominus.
925 658 981 720 scd
1023 653 1134 731 nescia,
1169 674 1206 717 an
1242 654 1357 719 idcirco
1395 654 1435 718 sit

293 757 410 821 cantico
434 777 514 823 nouo
536 760 732 835 cantandum,
755 759 830 842 quia
851 757 1005 823 mirabilia
1028 758 1099 823 fecit
1118 757 1203 828 deus.
1226 777 1295 841 qnae
1318 758 1435 823 fecerit.
1522 753 1523 760 ’

252 886 265 924 a
292 859 362 923 olim
386 861 494 926 salum
525 862 769 943 pulcherrimum
803 870 895 945 atque
926 861 1066 926 mirabile
1095 870 1210 939 manet,
1240 862 1312 926 oiim
1345 863 1376 925 in
1399 882 1435 926 eo

293 972 377 1028 astra
397 966 565 1031 indefessis
598 966 770 1031 officiorum
804 986 929 1030 suorum
953 966 1093 1031 cursibus
1122 975 1332 1046 perseuerauit,
1362 966 1434 1029 olim

293 1074 431 1149 tempora
454 1070 569 1135 alterno
593 1078 624 1136 et
646 1070 860 1135 indemutabili
877 1090 1002 1135 recursu
1020 1077 1241 1150 temperantur,
1264 1070 1336 1134 olim
1354 1078 1434 1135 terra
1523 1087 1524 1152 t

292 1174 403 1239 annuis
425 1174 575 1239 fructibus
598 1176 686 1240 diues
720 1184 776 1251 est,
809 1175 882 1239 otim
913 1174 1005 1238 homo
1038 1175 1170 1239 maxime
1194 1174 1337 1239 mirabile
1359 1195 1434 1254 opus

292 1276 341 1340 dei
357 1278 507 1343 nascitur:
532 1280 601 1344 etsi
626 1277 703 1343 nibil
727 1284 833 1359 postea
849 1280 925 1343 deus
950 1277 1103 1355 mirabile,
1127 1297 1196 1342 cum
1219 1277 1289 1343 banc
1312 1279 1433 1343 creauit.

240 1403 265 1439 ιο
292 1382 411 1461 adiecit,
436 1403 546 1465 quaro,
571 1384 653 1465 quod
676 1403 791 1447 nouum
823 1383 978 1447 canticum
1008 1382 1046 1445 ob
1070 1381 1223 1446 mirabilis
1252 1382 1336 1447 faeta
1365 1402 1431 1446 can·

291 1486 417 1549 tandum
442 1486 503 1550 sit?
536 1494 566 1550 et
595 1506 656 1551 non
688 1486 739 1551 diu
767 1506 825 1551 nos
849 1483 987 1566 psalmus
1009 1486 1124 1566 patitur
1146 1506 1255 1550 errare.
1302 1487 1341 1549 ob
1365 1506 1430 1569 qua

290 1590 373 1653 enim
411 1589 566 1654 mirabilia
601 1611 717 1655 nouum
754 1591 909 1655 canticam
951 1595 1095 1665 cantaret,
1133 1590 1268 1654 ostendit
1311 1591 1429 1654 dicens:

291 1691 488 1758 liberauit
512 1715 596 1759 eum
621 1695 789 1760 dextera
819 1696 905 1759 eius
936 1699 974 1758 et
1004 1693 1217 1759 brachium
1248 1702 1427 1759 sanct-um

292 1798 388 1861 eius.
440 1806 571 1863 notum
607 1800 708 1864 fecit
745 1799 930 1863 dominus
968 1798 1153 1863 salutare
1190 1818 1303 1862 suurn
1342 1806 1427 1862 ante

241 1922 264 1957 1⁵
292 1911 551 1984 conspectum
591 1904 782 1986 gentium.
839 1901 896 1966 boc
934 1922 1048 1965 nauum
1085 1902 1240 1966 cancticum
1280 1910 1334 1966 est.
1372 1901 1427 1965 boa

291 2005 431 2069 mirabile
465 2009 514 2073 dei
550 2015 611 2071 est:
646 2010 727 2089 quod
758 2006 902 2071 liberauit
924 2028 993 2070 eum
1019 2008 1146 2070 dextera
1169 2009 1242 2070 eins.
1267 2008 1349 2088 quad
1372 2006 1425 2069 sibi

290 2110 348 2189 ipsi
373 2110 502 2174 salutem
532 2112 630 2175 uirtus
654 2132 711 2175 sua
741 2112 853 2176 tribuit.
899 2116 1147 2191 potestatem
1179 2111 1293 2183 enim,
1322 2110 1425 2193 inquit,

249 2224 251 2229 “
292 2212 420 2277 babeo
465 2214 633 2278 animam
683 2235 805 2279 meam
851 2214 1027 2295 ponendi
1097 2225 1134 2278 et
1186 2220 1424 2293 potestatem

292 2316 420 2381 habeo
454 2319 624 2382 animam
659 2338 782 2383 meam
816 2318 1059 2383 resumendi.
1107 2338 1167 2381 non
1197 2318 1424 2400 externoeguit

240 2440 263 2473 a·
291 2422 466 2505 unigenitus
491 2424 539 2486 dei
564 2422 644 2486 filius
664 2425 703 2488 ad
720 2423 905 2487 saluandum
920 2421 1089 2499 hominem,
1105 2422 1137 2485 in
1153 2442 1213 2504 quo
1229 2422 1312 2485 nasci
1327 2421 1422 2485 uoluit.

291 2526 402 2590 auxilio
426 2534 457 2589 et
479 2526 510 2589 in
533 2525 632 2609 gloria
654 2537 790 2606 paterna>
813 2526 983 2591 maiestatis
1006 2546 1137 2591 manens
1160 2546 1217 2590 sua
1247 2527 1278 2589 in
1302 2544 1422 2591 seusus

291 2636 338 2692 est
367 2636 531 2711 potestate:
563 2650 618 2710 per
647 2650 740 2713 quam
771 2631 1002 2694 resurrectionis
1032 2629 1163 2711 gloriam
1187 2629 1317 2695 salutare
1338 2648 1419 2693 suum

291 2740 394 2797 notum
418 2734 561 2816 gentibus
583 2732 663 2799 fecit.
680 2754 750 2798 cum
774 2736 805 2797 in
829 2754 864 2798 eo
880 2741 997 2799 naturae
1020 2754 1084 2798 suae
1108 2752 1231 2797 carnem
1256 2735 1285 2797 in
1309 2740 1419 2797 aterna

291 2836 397 2900 salutis
420 2838 622 2901 substantiam
647 2836 897 2901 transformatam
921 2858 991 2902 esse
1014 2852 1213 2920 cognoscunt.

238 2958 262 2994 ²⁵
335 2940 384 3006 19.
409 2940 518 3005 Cantat
549 2949 579 3006 ct
606 2942 794 3007 centesimus
817 2942 1075 3025 quadragesimus
1105 2948 1136 3005 et
1165 2961 1265 3005 narnus
1293 2939 1418 3022 psalmas

290 3044 444 3109 canticum
467 3065 590 3110 nouum.
636 3054 743 3110 atsur
766 3045 886 3110 sithoc
910 3046 1065 3110 canticum
1099 3064 1223 3121 nouum,
1257 3064 1326 3109 mon
1357 3063 1417 3123 pro

290 3148 385 3228 pheta
408 3150 538 3215 subiecit
554 3150 673 3214 dicens:
698 3149 902 3214 exaltabit
925 3156 1162 3214 mansuetos
1186 3150 1224 3212 in
1247 3149 1415 3214 salutem.

290 3253 533 3318 exultabunt
556 3254 689 3318 saneti
715 3254 752 3316 in
776 3252 911 3336 gloria
934 3261 973 3317 et
994 3251 1250 3317 laetabuntur
1272 3249 1415 3317 incubi·

291 3356 397 3421 libus
420 3357 512 3422 suis.
560 3365 597 3421 et
625 3357 905 3421 exultationes
936 3356 1001 3420 dei
1030 3357 1068 3420 in
1104 3360 1273 3440 gutture
1294 3371 1414 3421 eorum

336 3500 366 3551 13
385 3498 428 3550 Ps.
447 3496 554 3563 XCVII,
576 3501 587 3550 l
609 3516 648 3564 sq.
687 3500 717 3551 17
737 3498 794 3550 Ich.
813 3498 846 3562 X,
866 3500 906 3551 18.
942 3498 976 3549 27
996 3497 1036 3549 Ps.
1057 3496 1175 3563 CXLIX,
1194 3501 1211 3549 4
1230 3514 1272 3564 sq.

333 3622 347 3673 t
368 3619 432 3687 quia
459 3619 598 3673 mirabilia
625 3620 692 3672 fecit
719 3618 754 3672 ds
781 3636 851 3686 quae
878 3618 977 3671 feccrit
996 3620 1021 3670 R
1040 3629 1063 3671 et
1089 3620 1126 3671 ita
1153 3622 1229 3671 etiam
1257 3620 1282 3670 ia
1301 3620 1325 3669 (ι’
1337 3615 1412 3682 saia«

290 3708 398 3773 auteur,
417 3708 461 3758 ubi
474 3716 533 3776 post
551 3706 717 3759 cantandum
732 3708 840 3774 atriaque
849 3708 913 3773 sere
931 3706 1010 3757 uerbo
1022 3715 1218 3758 manumittet
1232 3715 1319 3775 posteo
1329 3698 1411 3755 facerit

258 3848 261 3855 ,
290 3795 365 3845 etiam
385 3812 452 3845 nanc
470 3795 519 3861 ispi
534 3804 617 3863 pariesi
636 3792 700 3859 quia
717 3792 857 3845 mirabilia
876 3791 943 3845 deus
962 3792 1061 3845 fecerit
1079 3809 1092 3844 e
1110 3792 1175 3859 quia
1201 3790 1335 3845 mirabilia
1354 3786 1410 3837 ‹1011ss

290 3879 388 3931 iecitb
440 3879 638 3932 omia-abiret?
657 3880 863 3933 immobilem?
914 3878 1012 3931 iinde
1031 3878 1154 3932 mirabili
1167 3877 1220 3944 (rr)
1232 3880 1257 3930 (ι’
1307 3870 1410 3931 smai-

289 3982 350 4018 mae
378 3967 403 4018 R
457 3968 487 4018 ll
508 3966 542 4019 ob
569 3967 592 4019 b.
620 3967 636 4018 l.
664 3984 712 4019 ona
741 3966 766 4017 R
822 3968 853 4019 19
871 3976 931 4018 onte
957 3964 1116 4018 resumendi
1145 3965 1216 4017 t-:j
1245 3968 1291 4017 litt.
1316 3956 1409 4015 abab

289 4054 320 4104 21
333 4051 380 4104 sed
394 4053 421 4104 in
431 4052 520 4119 gioria
529 4055 593 4104 corni.
603 4053 699 4105 Bened.
705 4053 775 4121 saa-r.
785 4063 850 4105 recte
902 4053 936 4105 26
946 4057 1056 4104 cantate
1065 4059 1094 4105 et
1104 4053 1129 4104 R
1174 4051 1297 4105 &nonus
1306 4051 1408 4101 anonas

291 4138 360 4201 lies.
373 4138 461 4208 praefi
514 4142 547 4193 ‘26
566 4144 593 4192 et
609 4157 661 4207 qur
676 4140 701 4191 n
748 4142 782 4192 28
801 4138 1278 4193 &laetabunturRlaetabunturE
1323 4138 1353 4188 29
1367 4128 1406 4183 dii

290 4224 378 4277 Raeti
395 4227 429 4294 cs.
449 4228 512 4294 inti:
529 4246 556 4297 μ
576 4226 639 4293 ⁸68,
660 4226 693 4279 ra
713 4236 735 4278 et
755 4228 874 4278 Sabotier
892 4224 930 4287 ΙΙ,
961 4223 1020 4278 282
1073 4225 1102 4277 in
1121 4230 1252 4294 guttum
1271 4225 1300 4277 B.
