3075 4967
302 242 364 310 512
642 243 759 296 sancti
784 243 919 296 Hilarii
938 243 1102 312 episcopi

302 435 419 512 metuit,
442 433 679 514 temptationem
702 453 776 498 uero
799 433 865 497 eius
887 452 948 496 non
971 439 1102 499 recusat.
1148 433 1326 518 dirigendos
1341 438 1427 498 eutem

302 557 372 602 esse
395 558 413 601 a
436 537 561 602 domino
594 555 723 621 gressus
756 557 829 602 suos
862 537 1034 602 seeundum
1065 536 1188 620 eloquia
1209 557 1266 602 sua
1295 538 1428 614 meminit

301 661 341 706 ne
376 641 530 725 iniquitas,
565 660 634 724 quae
671 647 857 722 temptatura
890 641 938 720 sit,
975 647 1159 722 potestatem
1194 642 1293 726 possit
1328 641 1429 708 habere

302 745 492 811 dominandi.

263 877 275 913 a
347 850 396 916 10.
420 849 495 915 Post
518 869 588 934 quae
609 850 642 914 id
672 850 886 933 consequitur:
916 850 1072 915 redime
1102 869 1161 915 me
1184 871 1202 914 a
1226 849 1429 916 calumniis

300 953 514 1033 hominum,
538 959 576 1020 et
598 954 827 1020 custodiam
849 960 1054 1038 praecepta
1076 961 1150 1020 tua
1194 953 1429 1035 humanatemp·

300 1059 374 1124 tatio
409 1059 515 1142 grauis
544 1078 604 1122 non
636 1066 683 1123 est
717 1058 856 1139 apostolo
892 1059 1028 1124 dicente:
1063 1059 1282 1140 temptatio
1314 1067 1430 1124 autem

300 1161 432 1228 adhuc
455 1183 530 1228 non
554 1161 834 1246 adprehendit
854 1163 1029 1236 uosnisi
1046 1161 1232 1242 humana;
1256 1162 1430 1229 sedealum-
1526 1170 1527 1179 ’

301 1267 352 1332 nia
374 1266 480 1351 grauis
504 1273 559 1332 est
605 1266 760 1332 calumnia
790 1273 894 1331 autem
924 1287 962 1332 ea
991 1272 1048 1344 est,
1076 1266 1127 1332 uel
1157 1287 1229 1332 cunr
1253 1267 1335 1333 bono
1357 1267 1431 1350 operi

250 1396 274 1433 ιο
300 1371 445 1437 facinoris
468 1369 540 1436 mali
563 1390 676 1436 nomen
710 1370 903 1448 adscribitur,
936 1369 986 1436 uel
1020 1390 1093 1436 cum
1126 1371 1231 1452 specie
1266 1371 1431 1436 blandiente

300 1475 429 1540 internae
463 1475 590 1540 malitiae
623 1475 709 1540 uirus
748 1473 918 1540 occulitur..
957 1494 1059 1558 neque
1096 1474 1180 1541 enim
1218 1475 1285 1541 eius
1317 1477 1432 1542 directa

300 1579 518 1645 maliuolentiae
541 1599 618 1661 opus
649 1585 703 1656 est
734 1582 791 1645 sed
822 1578 915 1644 fallax
943 1586 974 1644 et
1003 1577 1169 1644 subdolum
1200 1586 1232 1645 et
1261 1580 1318 1644 suh
1340 1579 1431 1660 specie

302 1684 391 1749 bouae
414 1683 578 1750 uoluntatis
601 1683 727 1755 malitiae
751 1683 928 1768 operatione
952 1684 1133 1749 desaeuiens.
1180 1691 1211 1749 et
1240 1683 1365 1749 difficile
1392 1688 1432 1748 est

302 1807 412 1854 cauere
437 1809 455 1852 a
477 1787 596 1862 talibus,
628 1789 680 1871 qui
711 1787 769 1854 sub
798 1789 923 1853 nomine
957 1787 1089 1854 fratrum
1122 1788 1241 1854 inimici
1276 1794 1354 1864 sunt,
1381 1786 1430 1850 suh

249 1920 275 1956 η
302 1893 427 1958 nomine
461 1892 628 1958 amicorum
661 1891 767 1958 hostes
802 1898 881 1970 sunt,
914 1893 972 1957 sub
1000 1891 1137 1958 tiliorum
1158 1893 1261 1973 speeie
1283 1890 1430 1973 parricida

302 2003 380 2075 sunt
403 1997 460 2062 sub
482 1996 687 2062 unanimitate
710 1997 877 2080 coniugum
899 1995 1077 2061 incuitabile
1100 1995 1216 2061 malum
1239 2000 1318 2062 sunt
1359 1990 1429 2059 Abel

300 2101 412 2166 iustum
437 2099 511 2164 Cain
542 2099 689 2166 scelestus
718 2120 776 2181 per
805 2099 1047 2164 familiaritatem
1078 2099 1181 2165 fratris
1211 2099 1330 2165 oceidit.
1371 2096 1431 2163 Noe

302 2206 359 2270 deo
392 2203 556 2287 probatum
590 2203 689 2270 Oham
723 2202 806 2269 iilius
839 2204 906 2270 eius
939 2203 1048 2270 inrisit.
1094 2203 1178 2268 Esau
1200 2203 1293 2269 iacob
1323 2200 1430 2268 exulem

301 2328 371 2374 esse
394 2329 412 2372 a
434 2314 563 2390 paterna
593 2309 685 2375 domo
708 2307 789 2374 iecit.
834 2307 1061 2373 ualidissimum
1092 2307 1206 2372 diaboli
1236 2306 1429 2388 praeliatorem

250 2437 275 2475 aa
302 2412 358 2477 lob
382 2411 446 2477 sola
468 2432 544 2476 uxor
566 2414 632 2478 eius
654 2412 822 2494 temptauit
841 2411 1010 2478 inflectere.
1055 2410 1139 2477 hune
1168 2411 1273 2496 ipsum
1301 2415 1429 2478 sanctum

301 2515 486 2598 proplietam
509 2536 579 2601 quae
603 2516 762 2582 calumniae
786 2514 947 2582 hominum
962 2514 1163 2582 fefellerunt?
1201 2517 1342 2600 quotiens
1357 2511 1430 2579 Sauli

301 2621 439 2701 proditus
462 2620 532 2686 est?
576 2621 726 2704 quotiens
751 2620 865 2704 quibus
886 2619 918 2686 in
940 2619 1017 2686 locis
1040 2627 1156 2705 ageret
1186 2620 1340 2686 nuntiatus
1368 2615 1431 2682 eat?

301 2724 415 2806 ubique
439 2723 467 2788 ei
490 2723 742 2790 calumniantium
765 2725 887 2790 insidia
910 2725 1083 2790 adfuerunt.

347 2827 396 2892 11.
420 2827 515 2894 Nouit
536 2827 602 2894 hae
626 2829 768 2895 dominus
799 2829 975 2894 domesticae
1003 2827 1165 2894 calumme
1195 2826 1341 2894 seandala
1368 2845 1435 2909 gra·
1526 2902 1527 2915 χ

250 2955 276 2993 ra
302 2932 466 2998 nissimum
502 2932 601 2998 solere
635 2932 708 2998 fidei
743 2933 897 2998 excidium
934 2933 1068 3012 adferre,
1107 2933 1231 2998 dicens:
1271 2931 1370 3016 quod
1404 2928 1435 2992 si
1526 2942 1527 2963 ¹

303 3035 442 3102 oculus
466 3043 556 3102 tuus
579 3037 720 3102 dexter
750 3035 1010 3102 scandalizat
1032 3045 1069 3101 te
1092 3043 1130 3102 et
1151 3037 1185 3102 si
1208 3055 1280 3118 pes
1302 3036 1435 3100 dexter
1526 3068 1527 3087 ÷

303 3146 369 3206 aut
391 3160 528 3206 manua
559 3137 819 3207 scandalizat
850 3150 896 3218 te,
934 3161 1028 3206 erue
1052 3146 1089 3205 et
1111 3141 1280 3206 abscide
1304 3139 1371 3204 alis
1393 3143 1436 3201 te.
1526 3148 1527 3171 l

345 3297 594 3366 ilcor.10,1a.
629 3298 664 3352 25
682 3296 782 3352 Metth.
800 3296 900 3364 XVIII,
918 3299 943 3353 8.

346 3477 549 3532 imetuiuitV
597 3436 690 3532 ilaue⁸
705 3477 730 3529 V
780 3477 946 3546 BpossetR
997 3480 1064 3532 dut
1073 3475 1228 3530 custodiam
1237 3477 1312 3548 RpE
1360 3470 1438 3529 8ad·

301 3565 356 3619 huc
375 3583 423 3618 om.
443 3565 539 3635 Rapa
588 3563 778 3633 adprehendat
797 3565 865 3634 CpE
917 3566 1067 3618 mnemon
1093 3581 1124 3617 ea
1148 3580 1204 3616 non
1227 3581 1261 3616 m.
1280 3561 1301 3615 2
1323 3563 1349 3614 V
1397 3557 1439 3612 uel
1526 3600 1527 3603 ,

302 3658 337 3706 cd
352 3653 391 3723 Vp
404 3651 449 3706 uel
461 3651 528 3706 utC
577 3653 610 3704 12
628 3650 865 3705 maleuolsntiaca
917 3667 986 3719 opus
995 3649 1213 3703 est—malitiae
1221 3651 1250 3702 in
1260 3667 1342 3718 nmrq.
1353 3648 1412 3700 cdd.
1420 3663 1439 3716 p

302 3739 411 3808 speciae
437 3739 464 3792 R
481 3737 650 3806 speciemV
718 3741 751 3792 14
768 3754 785 3790 a
803 3755 852 3790 ona.
872 3737 910 3807 Cp
981 3737 1014 3791 la
1032 3737 1184 3790 amicorum
1211 3755 1242 3790 er
1267 3735 1440 3789 inimicorum
1526 3764 1527 3767 =

303 3844 335 3878 m.
354 3823 375 3878 2
391 3824 417 3879 V
468 3828 500 3880 16
517 3825 568 3878 sub
586 3823 808 3878 unianimitatem
826 3824 915 3878 Vsub
933 3823 1024 3892 specie
1041 3823 1224 3877 unanimitate
1244 3823 1335 3878 Csub
1353 3819 1439 3891 specie

302 3911 491 3966 unanimitatis
502 3911 552 3982 pE
594 3909 726 3965 ineuitele
735 3929 756 3982 p
805 3912 838 3964 1⁷
856 3911 1005 3965 scaelestus
1019 3909 1069 3964 Vn
1117 3911 1150 3963 18
1167 3909 1253 3965 iobC
1296 3910 1405 3964 exolem
1420 3905 1443 3959 l'

304 4001 336 4052 19
345 4002 377 4053 ut
386 4003 503 4067 paterne
513 3998 660 4066 Vpaterna
671 3997 723 4068 (iva
769 3997 851 4051 domo
863 4015 894 4050 aa
905 3997 989 4050 domu
998 3997 1025 4049 R
1077 3995 1180 4050 diaboli
1188 3996 1396 4065 praediatoram
1409 3989 1441 4044 1η

302 4137 496 4205 praeliatorem
523 4136 626 4190 diaboli
649 4137 698 4206 pE
747 4137 783 4191 20
800 4092 954 4190 sanetuml'
1002 4137 1037 4190 22
1053 4135 1224 4204 proditoreet
1245 4135 1271 4189 V
1320 4137 1356 4190 26
1373 4132 1441 4203 quod
1526 4200 1527 4203 Ἴ

303 4223 442 4278 oculueC
491 4224 525 4276 26
544 4229 607 4277 tuus
626 4223 718 4276 om.V
768 4222 873 4291 etipse
891 4222 1033 4277 dexer
1081 4224 1116 4276 21
1127 4225 1156 4278 te
1163 4241 1209 4293 pr.
1220 4224 1325 4277 lecet
1336 4239 1401 4277 corr.
1415 4219 1440 4272 l'.
