3075 4967
299 265 360 330 760
556 335 558 340 ,
644 266 764 320 saneti
782 265 918 319 Hilarii
937 265 1098 333 episcopi

341 457 392 522 23.
417 457 459 521 Et
481 457 554 540 quia
576 477 632 536 per
653 456 722 520 haee
745 456 905 535 superiora
920 454 1077 520 discretim
1098 474 1136 518 ex
1157 459 1300 537 utroque,
1322 453 1353 516 in
1374 470 1422 534 quo

297 567 372 638 erat,
394 569 512 626 naturae
529 582 644 645 genere
663 560 852 640 praedioauit,
875 559 925 623 dei
942 557 1060 623 seilicet
1073 564 1166 641 atque
1182 557 1325 628 hominis
1346 556 1423 620 tertio

296 667 448 730 unitatem
481 671 598 730 naturae
631 666 695 728 iam
726 665 756 728 iu
786 683 821 728 se
854 661 1045 744 proficientis
1077 662 1214 727 ostendit
1247 663 1368 727 dicens:
1397 661 1422 724 si

296 789 511 850 sumpsero
535 769 680 850 pinnas
703 788 812 833 meae
835 775 928 832 ante
958 765 1090 831 lucem
1121 780 1160 831 et
1193 766 1423 830 habitauero

255 899 269 934 ε
295 874 334 938 in
358 873 581 954 postremis
605 873 743 937 muris:
769 872 921 937 etenim
943 869 1045 937 illue
1068 891 1209 936 manus
1232 878 1300 935 tua
1320 870 1423 934 dedu·

296 983 359 1044 eet
396 999 464 1058 me,
503 983 541 1042 et
579 977 738 1042 tenebit
771 997 830 1041 me
868 977 1039 1041 dextera
1072 980 1147 1039 tua.
1199 994 1273 1039 eum
1306 971 1424 1053 sumpsit

295 1083 416 1164 pinnas,
443 1084 506 1146 iam
529 1101 657 1163 corpore
687 1100 747 1145 non
771 1088 926 1164 grauatur.
972 1099 1043 1144 eum
1074 1099 1145 1144 suas
1175 1079 1317 1159 sumpsit,
1346 1078 1424 1141 docet

294 1184 376 1251 hane
408 1185 553 1252 euolandi
583 1205 708 1266 semper
736 1184 796 1250 sibi
827 1185 923 1249 fuisse
944 1184 1101 1249 uirtutem.
1146 1203 1218 1248 eum
1241 1187 1314 1246 ante
1335 1180 1422 1245 lucen
1519 1194 1520 1211 ¹

295 1292 436 1371 sumpsit,
472 1297 593 1371 tempus
627 1289 862 1381 resurrectionis
895 1288 1040 1353 ostendit.
1093 1307 1165 1352 eum
1200 1288 1234 1351 iu
1271 1284 1423 1367 postremis

242 1421 266 1456 ιο
294 1395 389 1459 marie
420 1399 476 1472 est,
511 1393 578 1459 loca
607 1399 641 1457 ut
671 1396 747 1458 deus
776 1393 921 1458 humanae
945 1391 1167 1457 demorationis
1190 1391 1319 1455 exeedit.
1362 1408 1422 1452 eum

294 1499 456 1563 deducitur
468 1519 570 1574 mann,
583 1515 644 1561 non
657 1499 753 1562 timet.
789 1517 862 1562 eum
875 1497 997 1562 tenetur
1009 1498 1136 1561 dextera
1148 1494 1206 1567 dei.
1228 1514 1290 1558 non
1302 1498 1423 1557 mutatur
1519 1512 1520 1551 3

294 1607 346 1666 eut
369 1603 498 1667 desidit:
527 1601 696 1666 donauit
719 1600 785 1665 illi
809 1604 907 1666 deus
931 1619 1080 1673 nomen,
1104 1601 1207 1682 quod
1230 1603 1422 1676 estsuper
1519 1578 1520 1613 r

294 1726 407 1771 omne
429 1725 584 1788 nomen,
603 1712 645 1770 ut
667 1707 704 1768 in
728 1705 889 1770 nomine
912 1705 999 1769 eius
1023 1724 1135 1768 omne
1157 1723 1263 1787 genu
1286 1701 1421 1766 fleat-at
1519 1690 1520 1751 i

293 1809 520 1875 eaelestium
544 1817 581 1874 et
605 1810 869 1874 terrestrium
892 1816 931 1874 et
953 1808 1218 1885 infernorum,
1245 1813 1283 1871 et
1304 1803 1419 1871 omnis

243 1939 265 1978 a
293 1914 436 1999 lingua
459 1914 721 1988 confiteatur,
746 1914 839 1996 quia
873 1913 1061 1978 dominus
1084 1910 1201 1977 Iesus
1231 1912 1270 1975 in
1300 1908 1419 1994 gloria
1519 1924 1520 1959 ὲ

293 2027 354 2084 θεῖ
391 2019 455 2084 dei
488 2020 628 2100 patris.
673 2019 706 2082 iu
729 2039 765 2083 eo
789 2018 882 2092 enim,
908 2017 992 2099 quod
1019 2018 1109 2081 datur
1139 2016 1168 2080 ei
1197 2034 1312 2080 nomen
1339 2033 1420 2093 super
1519 2032 1520 2045 ¹

292 2143 384 2192 omne
411 2142 532 2199 nomen,
566 2143 660 2188 manu
694 2142 731 2186 ae
766 2127 920 2202 potestate
948 2120 1045 2202 patns
1075 2120 1124 2184 dei
1147 2120 1179 2183 in
1210 2118 1310 2203 gloria
1335 2116 1419 2198 ipsius
1519 2112 1520 2195 3

292 2226 386 2291 horno
409 2236 572 2306 susceptus
594 2226 777 2291 adsumitur.
1519 2204 1520 2221 ¹

335 2331 384 2394 24.
408 2330 523 2396 Pinnas
547 2337 650 2395 autem
674 2332 712 2394 ad
737 2330 982 2395 demutationem
1004 2335 1199 2395 terrenorum
1214 2324 1416 2408 eorpommin

240 2461 265 2499 20
292 2435 462 2515 spiritalem
486 2440 580 2518 atque
603 2441 751 2500 aeternam
772 2439 912 2498 naturam
927 2433 1039 2498 referri
1061 2431 1245 2513 prophetica
1268 2430 1416 2496 meante
1519 2446 1520 2519 j

292 2546 347 2612 est,
371 2559 442 2603 eum
467 2540 505 2603 ad
530 2540 655 2618 inopem
689 2537 762 2601 fidei
787 2543 818 2602 et
840 2538 991 2602 bonorum
1014 2556 1146 2618 operum
1167 2555 1334 2616 pauperem
1353 2530 1415 2596 diei·

290 2649 355 2708 tur:
390 2663 438 2708 ne
471 2644 669 2708 extendas
704 2647 749 2717 te,
774 2662 859 2707 oum
882 2642 939 2706 sis
966 2661 1127 2722 pauper,
1156 2639 1288 2713 diuiti,
1310 2655 1414 2702 sensu
1519 2640 1520 2655 ³

290 2757 425 2811 autern
449 2753 513 2812 tuo
537 2747 715 2811 abstine:
745 2746 997 2827 praeparauit
1026 2747 1132 2810 enim
1162 2744 1244 2808 sibi
1277 2743 1414 2823 pinnas.

288 2857 330 2914 ut
353 2850 498 2933 aquila,
515 2856 553 2915 et
574 2856 811 2916 reuertetnr
833 2851 873 2914 in
896 2851 1052 2915 domum
1075 2849 1171 2926 eius,
1194 2848 1262 2931 qui
1284 2854 1414 2926 praest
1519 2858 1520 2907 ξ

238 2981 263 3019 a
291 2954 335 3018 ei.
382 2973 550 3034 pauperem
584 2955 803 3019 extendentem
838 2975 872 3018 se
905 2954 937 3018 in
971 2973 1044 3037 spes
1074 2952 1179 3017 diuitis
1209 2950 1317 3034 arguit
1345 2946 1413 3030 qnod

290 3056 482 3122 infidelitatis
512 3079 575 3122 suae
605 3059 742 3138 inopiam
777 3057 917 3122 fidelium
951 3064 1091 3140 exaequet
1125 3054 1299 3136 opulentiae.
1339 3051 1413 3116 diues

290 3162 372 3226 enim
398 3181 459 3225 non
483 3160 626 3226 humanis
649 3162 769 3242 opibus,
792 3163 848 3226 sed
875 3161 1050 3226 celestibus
1072 3159 1230 3226 thesauris
1262 3163 1347 3242 parat
1365 3153 1413 3220 sibi

289 3266 410 3347 pinnas,
434 3265 546 3349 quibus
569 3272 741 3331 reuertatur
762 3266 795 3330 in
808 3266 936 3330 domum
951 3267 1027 3333 eius.
1043 3265 1097 3348 qni
1110 3272 1226 3346 praeest
1244 3264 1281 3329 ei.
1324 3273 1414 3326 reuer-

289 3377 371 3435 tatur
387 3371 479 3448 enim,
495 3372 579 3435 unde
594 3371 716 3447 decidit,
738 3373 823 3435 unde
838 3371 871 3435 in
886 3375 1012 3450 peceato
1027 3369 1119 3450 prImi
1133 3368 1271 3434 hominis
1287 3364 1414 3448 expuam

236 3502 262 3539 ao
290 3479 345 3539 est.
392 3475 514 3558 etquis
538 3479 585 3538 θεῖ
606 3475 674 3550 ίεῖθ,
706 3475 791 3539 ouius
821 3475 887 3540 haeo
909 3475 1019 3548 domus
1042 3478 1091 3539 est
1113 3474 1220 3557 etqui
1244 3474 1273 3539 ei
1294 3465 1413 3554 preest?

334 3651 366 3702 12
384 3647 455 3702 Phil.
473 3649 507 3716 Π,
526 3651 543 3700 9
561 3667 600 3716 sq.
636 3649 670 3700 22
688 3648 767 3701 Prov.
787 3649 887 3715 XXIII,
905 3650 929 3701 5.

334 3817 367 3867 m
385 3815 499 3869 donauit
525 3814 599 3868 enim
626 3813 669 3867 ini
697 3815 749 3867 PE
802 3816 834 3867 re
852 3781 946 3867 deerat
973 3813 1000 3866 u
1022 3812 1153 3867 flumem
1170 3813 1225 3865 PE
1276 3814 1308 3865 14
1323 3813 1349 3864 et
1363 3812 1409 3859 ter

288 3901 419 3954 restrium
439 3899 708 3955 reparamentum
720 3897 771 3954 P’e
824 3903 857 3954 16
875 3894 906 3954 di
923 3900 1012 3969 patris
1037 3899 1117 3954 eatP
1168 3902 1200 3954 17
1218 3899 1304 3968 patria
1312 3895 1352 3950 dei
1367 3889 1411 3945 ΗΡ

288 3986 333 4040 dei
350 3988 436 4055 patris
446 3989 474 4040 E
522 3989 558 4042 ‘20
575 3993 716 4040 aeternam
735 3988 776 4040 Rb
794 4003 903 4040 aeream
921 3988 947 4039 P
962 3986 1120 4040 aetheream
1138 4005 1159 4050 e,
1177 3987 1218 4040 tic
1235 3987 1310 4039 desua
1326 3981 1373 4035 cod
1387 3975 1409 4029 P

288 4075 322 4126 25
340 4073 369 4125 in
388 4090 449 4142 spes
467 4073 508 4126 nt
526 4074 555 4126 in
579 4091 644 4142 opes
663 4091 676 4126 e
728 4075 763 4128 28
781 4079 939 4127 reuertamur
955 4074 985 4126 in
1003 4072 1117 4125 domum
1135 4072 1196 4126 eius
1214 4071 1262 4141 qni
1278 4060 1405 4140 praeetttti

288 4159 441 4213 reuertdur
464 4161 493 4214 in
516 4159 628 4215 domum
652 4161 701 4228 qui
726 4164 788 4225 pest
806 4160 832 4213 ei
850 4164 1008 4214 reuertetnr
1024 4159 1099 4212 enim
1118 4161 1190 4213 lectio
1208 4153 1404 4226 ιῖίθθφθρῖίαᾶ

287 4247 448 4299 aberratione
466 4257 524 4300 orm
542 4248 568 4300 R
620 4249 654 4300 30
671 4252 699 4300 et
718 4248 766 4315 qui
785 4247 811 4300 ei
828 4252 930 4314 praeest
946 4249 970 4298 t·
988 4248 1005 4300 l.
1024 4265 1073 4300 om.
1091 4246 1125 4299 R.
