3075 4967
300 316 342 381 54
640 314 756 368 sancti
781 313 917 367 Hilarii
941 313 1106 382 episcopi

299 506 476 570 abonitate
500 525 555 569 sua
585 504 707 569 excedit
729 510 847 569 terrore
876 504 1047 584 praemissc
1077 509 1112 567 ut
1141 502 1180 566 ad
1210 504 1361 583 pietatem
1387 523 1436 566 nos

298 614 400 674 metis
424 611 499 687 eius,
523 610 608 675 euius
631 613 768 690 potestas
799 612 882 673 esset
913 608 1133 689 demonstrata,
1156 613 1328 673 reuocaret.
1372 626 1436 672 con·

300 713 461 779 turbantur
495 732 570 797 ergo
605 712 775 777 frementes
814 717 846 777 et
880 732 959 776 uana
997 712 1193 789 meditantes,
1226 732 1299 775 cum
1333 731 1434 795 regem

300 818 407 895 sciunt,
431 836 503 881 cum
525 816 623 881 filium
646 816 697 881 dei
727 816 862 895 audiunt,
892 836 964 880 cum
993 836 1206 896 possessorem
1232 836 1304 880 eum
1335 814 1435 879 finium

260 950 272 987 a
299 928 390 987 terrae
425 926 457 986 et
479 920 630 986 heredem
654 940 723 985 esse
746 920 888 1004 gentium
919 920 1051 996 discunt,
1081 940 1153 983 cum
1182 920 1315 1004 regendi
1343 921 1388 984 ius
1409 920 1436 982 in

299 1026 388 1107 uirga
411 1024 514 1090 ferrea
536 1025 602 1089 eius
626 1044 695 1089 esse
718 1030 918 1107 cognoscunt,
942 1044 1014 1088 cum
1035 1025 1129 1087 modo
1148 1044 1184 1088 ac
1200 1023 1349 1088 facilitate
1362 1023 1437 1087 uasis

298 1128 387 1213 figuli
418 1128 672 1193 comminuendos
702 1127 830 1209 populos
864 1127 1056 1212 intellegunt.
1102 1129 1147 1193 sic
1177 1128 1314 1211 loquitur
1342 1129 1439 1192 iratis.

300 1234 344 1297 sic
368 1233 529 1298 conturbat
551 1233 727 1317 indignans,
753 1252 813 1295 non
836 1234 967 1314 puniens
982 1232 1152 1296 admissam
1167 1232 1373 1312 impietatem,
1388 1230 1438 1294 sed

299 1338 545 1417 impaenitentem
569 1336 608 1400 ad
630 1337 817 1418 paenitentiae
840 1336 1066 1401 confessionem
1095 1341 1340 1401 commemorato
1360 1341 1438 1416 pots·

249 1470 273 1503 lo
302 1441 389 1505 statis
414 1447 531 1505 terrore
554 1440 748 1522 perturbans.

344 1544 394 1608 23.
420 1543 615 1627 Quemquam
639 1564 713 1609 uero
742 1565 799 1625 per
828 1544 972 1625 spiritum
1002 1542 1180 1624 prophetiae,
1209 1564 1266 1624 pro
1296 1542 1438 1626 gerendis

300 1654 390 1733 gesta
411 1650 622 1725 memorantis,
654 1650 725 1732 quia
755 1649 862 1713 solitus
892 1649 933 1712 sit
962 1668 1018 1728 per
1052 1668 1112 1711 non
1135 1648 1318 1732 ambiguam
1341 1646 1436 1728 proui-

301 1752 439 1817 dentiam
473 1754 682 1837 gerendorum
718 1754 794 1818 deus
829 1752 931 1817 firbrra
964 1772 1019 1832 pro
1053 1752 1218 1833 prateritis
1257 1751 1440 1835 significare,

301 1856 439 1921 absolute
462 1855 601 1940 intellegi
625 1858 730 1937 possit,
762 1858 866 1921 omnia
888 1856 957 1921 haec
980 1876 1018 1920 ex
1046 1876 1179 1937 persona
1208 1857 1363 1940 unigeniti
1390 1854 1441 1918 filii

250 1988 274 2023 1⁶
302 1961 354 2025 dei
377 1961 494 2025 domini
516 1961 614 2024 nostri
633 1960 705 2025 Iesu
721 1958 838 2025 Christi
861 1962 943 2025 dicta
966 1980 1044 2037 esse,
1068 1966 1100 2024 et
1121 1959 1289 2025 infidelitas
1312 1960 1441 2023 maxima

302 2066 342 2129 sit
365 2065 520 2145 trepidum
543 2064 583 2127 ad
606 2063 674 2129 haec
697 2084 824 2129 sensum
847 2064 1001 2148 ambiguae
1016 2065 1167 2144 opinionis
1182 2064 1315 2140 adferre,
1341 2069 1440 2127 tomen

302 2170 394 2233 etiam
420 2168 608 2252 euangelicis
631 2174 723 2252 atque
746 2168 922 2249 apostoHcis
953 2169 1098 2233 doctrinis
1128 2170 1360 2253 ostendendum
1388 2176 1441 2232 cst.

302 2271 378 2336 nihil
395 2292 500 2337 corum
522 2272 715 2353 prophetam,
732 2292 801 2355 quae
817 2274 957 2356 gerenda
971 2273 1231 2355 praedicandaque
1247 2279 1364 2345 essent
1386 2290 1442 2334 non

302 2382 394 2441 antea
416 2376 627 2458 prophetasse,
650 2378 786 2442 maxime
810 2396 881 2441 cum
904 2396 965 2439 non
982 2377 1110 2459 exiguus
1125 2377 1339 2459 ignorantibus
1356 2380 1444 2457 atquc

252 2502 277 2541 20
307 2479 498 2560 simplicibus
521 2502 607 2545 error
629 2482 743 2545 oriatur
766 2481 799 2545 in
821 2502 866 2557 co,
891 2481 972 2564 quod
996 2482 1112 2545 dictum
1137 2487 1198 2546 est:
1229 2500 1302 2563 ego
1326 2479 1443 2544 hodie

303 2585 425 2667 genui
449 2590 495 2649 te.
541 2604 613 2648 cum
636 2585 720 2649 enim
742 2590 815 2649 anto
843 2590 983 2666 tempora
1005 2586 1181 2669 unigenitus
1205 2585 1254 2648 dei
1277 2584 1361 2649 filius
1383 2604 1444 2648 ms-

303 2695 383 2765 neat,
406 2708 467 2752 non
491 2690 679 2753 conueniens
702 2696 734 2754 et
756 2708 928 2753 consonans
952 2710 1022 2755 esse
1051 2687 1254 2772 intellegitur,
1284 2690 1373 2753 utin
1396 2689 1444 2752 die

303 2793 428 2877 genitus
454 2793 501 2867 sit,
524 2812 595 2856 curn
620 2794 688 2858 dies
711 2813 822 2858 omnes
853 2794 884 2857 in
916 2800 1055 2875 tempore
1077 2794 1147 2858 sint.
1192 2799 1332 2874 tempora
1362 2794 1444 2858 enim

304 2896 474 2961 secundum
508 2898 721 2977 praescriptam
754 2897 844 2961 nobis
866 2918 885 2961 a
909 2898 1017 2981 Moyse
1050 2898 1268 2981 cognitionem,
1303 2899 1335 2961 in
1366 2895 1445 2961 hunc

254 3024 279 3059 aa
306 3020 395 3065 suum
418 3007 537 3064 motum
560 3006 652 3083 atque
675 3021 800 3066 cursum
822 3003 861 3066 ab
884 3002 1005 3085 origine
1034 3001 1137 3066 saeculi
1168 3008 1201 3066 et
1230 3002 1446 3065 constitutione

303 3106 447 3169 dimensa
469 3111 548 3182 sunt,
573 3124 643 3168 cum
667 3126 722 3186 per
745 3111 905 3170 momenta
928 3112 959 3170 et
982 3104 1073 3170 horas
1097 3112 1129 3171 et
1144 3125 1270 3170 menses
1286 3112 1318 3170 et
1332 3124 1446 3170 annum

348 3297 362 3348 1
382 3294 416 3348 ad
434 3295 539 3363 pietate
557 3297 582 3348 R
600 3296 635 3348 ad
653 3296 787 3364 pictatem
805 3316 835 3349 er
853 3296 888 3350 ad
905 3296 1068 3365 inpietatem
1086 3296 1151 3349 m?
1171 3297 1196 3350 V
1246 3298 1262 3347 2
1280 3300 1447 3364 potestatem

304 3380 374 3446 (tem
398 3384 426 3434 in
438 3399 490 3435 ros.
503 3400 536 3434 m.
548 3380 578 3448 3)
597 3382 770 3436 demonstrat
788 3382 812 3449 (t
829 3386 857 3435 in
874 3401 927 3436 rus.
946 3401 978 3435 m.
990 3381 1020 3451 3)
1030 3385 1056 3436 R
1107 3388 1221 3436 uocaret
1236 3384 1263 3435 R
1280 3399 1413 3436 reuocare
1428 3380 1450 3431 V

304 3468 541 3522 conturbabantur
555 3468 581 3521 V
629 3472 839 3537 4possessorem
850 3486 912 3523 eum
923 3488 952 3522 cs
961 3487 1146 3538 possessorem
1155 3487 1219 3523 cum
1229 3470 1254 3521 R
1263 3486 1447 3537 possessorem

304 3572 547 3654 cumeorum-‘JV
587 3572 903 3626 bdiscunteadicuntR
938 3577 999 3626 liae
1008 3590 1079 3643 supr.
1087 3574 1171 3627 scr.R
1206 3549 1451 3627 uasi'corr.m.2t'

304 3680 321 3730 9
338 3676 537 3745 impaenitentd
552 3676 577 3729 V
585 3650 819 3745 in-p⁰enitenta
828 3678 854 3729 R
896 3676 1067 3745 penitentiae
1077 3678 1320 3745 erpaenitaentiae
1330 3679 1356 3731 R
1370 3676 1447 3746 peni·

303 3764 446 3817 tentiaeer
464 3764 645 3832 penitentiam
655 3782 687 3815 m.
698 3762 718 3815 2
729 3764 755 3817 V
787 3765 973 3817 comemorato
985 3760 1157 3830 (Marcelli
1175 3770 1447 3819 commemoratam

306 3854 557 3903 commemorantur
583 3868 615 3902 m.
643 3850 663 3902 2
692 3849 717 3903 V
768 3853 798 3903 ll
818 3850 952 3919 profetica
976 3850 1002 3902 V
1016 3851 1178 3919 prophetiae
1196 3871 1227 3906 ea
1252 3851 1405 3921 prophetae
1424 3850 1449 3902 R

307 3956 338 4008 12
348 3954 526 4007 memorantis
536 3957 805 4008 exmcmoranturm.
819 3956 833 4005 l
848 3956 874 4008 V
907 3930 1006 4008 ltess⁰
1022 3956 1047 4009 V
1081 3959 1113 4009 16
1122 3955 1250 4023 ambigue
1259 3951 1449 4020 (asarela

307 4044 339 4093 17
358 4040 545 4109 euuangelicis
568 4042 618 4094 VR
669 4042 759 4109 adque
780 4042 829 4094 VR
882 4045 915 4096 18
926 4042 1063 4110 profetam
1081 4042 1129 4096 VR
1180 4040 1302 4110 gerenda
1319 4059 1349 4094 a
1365 4054 1449 4109 genc-

305 4126 428 4179 randaR
477 4130 511 4181 22
519 4144 572 4180 nec
582 4128 748 4181 conueniens
764 4144 816 4182 nec
825 4144 1005 4181 consonanse
1057 4128 1230 4181 23omnises
1246 4124 1453 4181 omnesm.2V

306 4213 394 4267 omnis
413 4215 468 4267 RE
519 4214 555 4267 sit
570 4214 620 4267 VE
670 4217 705 4268 24
723 4215 923 4283 praescribtum
947 4216 996 4269 VR
1047 4215 1161 4268 anobis
1188 4213 1318 4282 aMoyse
1346 4214 1373 4267 V
1422 4212 1448 4263 in

305 4300 357 4355 hac
376 4319 456 4355 suum
475 4301 500 4353 R
552 4302 587 4355 25
606 4305 634 4354 et
652 4320 700 4353 cnr.
721 4302 746 4353 R
799 4302 833 4355 26
851 4318 913 4354 ores
932 4302 965 4354 R.
