3075 4967
324 252 387 316 270
671 253 788 305 sancti
809 251 944 304 Hilarii
962 251 1124 319 episcopi

323 443 452 506 nobis.
499 442 670 507 secundum
693 441 840 528 doctrinae
863 439 1005 504 ordinem
1027 440 1162 520 primam
1187 439 1394 506 misericordia
1408 441 1450 506 dei

323 545 468 626 poscitur.
514 565 551 610 ex
575 545 663 624 copia
685 545 769 608 enim
803 543 947 609 bonitatis
979 563 1041 608 suaa
1074 542 1317 608 mirericordiam
1340 543 1370 608 in
1390 564 1451 624 pec·

324 656 460 714 catorum
484 648 668 714 remissione
690 647 837 731 largitum
861 653 891 712 et
913 657 1110 728 peccatorum
1132 649 1273 713 remissio
1303 668 1362 712 non
1392 669 1452 729 pro-

323 753 428 818 bitatis
452 759 500 818 est
530 752 682 829 meritum,
717 751 772 815 sed
806 757 984 830 spontaneae
1019 749 1220 834 indulgentiae
1254 750 1391 816 aroluntas
1422 772 1452 816 er

284 856 468 922 ebonitatis
502 855 619 920 diuitiis
654 855 885 920 admiserandi
919 874 1030 920 munus
1066 853 1248 920 exuberans
1294 875 1376 939 ergo,
1408 856 1451 938 qni

323 959 498 1026 misericors
533 964 588 1036 est,
622 964 655 1024 ut
677 959 849 1037 benedicat,
873 971 984 1024 oratur.
1031 966 1061 1023 et
1090 957 1316 1024 benedictionis
1338 960 1451 1042 quidem

323 1065 455 1129 fructum
479 1061 540 1126 iam
564 1062 597 1126 in
621 1062 744 1127 exordio
767 1062 890 1127 formati
914 1062 1050 1127 bominis
1074 1063 1282 1147 cognocimus,
1307 1083 1377 1128 cum
1392 1063 1452 1127 telis

322 1169 362 1232 ad
385 1168 489 1232 Adam
512 1173 579 1231 tum
600 1166 703 1231 adhuc
726 1167 845 1246 peccati
880 1166 1019 1232 nescium
1049 1187 1151 1232 sermo
1186 1173 1249 1232 est:
1285 1167 1453 1233 crescite

323 1278 362 1336 et
390 1269 734 1350 multiplicamini
768 1277 806 1336 et
839 1271 1001 1351 replete
1035 1275 1187 1335 terram
1222 1277 1260 1336 et
1291 1270 1452 1335 domina-

272 1403 296 1438 lo
324 1375 421 1439 mini
445 1375 541 1440 eius.
585 1375 647 1439 ista
670 1375 798 1458 quidem
829 1377 969 1459 quamuis
1000 1374 1199 1456 corporaliter
1229 1381 1349 1440 tantum
1381 1374 1453 1440 dieta

322 1479 462 1563 plerique
492 1479 687 1554 arbitrentur,
717 1485 822 1544 tamen
854 1477 984 1560 spiritali
1016 1479 1155 1544 doctrina
1184 1479 1312 1544 eruditis
1335 1479 1401 1560 plus
1422 1477 1453 1542 de

323 1605 357 1650 se
380 1582 500 1648 uirtutis
522 1582 727 1664 praebuerunt.
772 1581 840 1647 haec
874 1584 955 1648 enim
991 1583 1165 1649 benedictio
1199 1603 1260 1647 non
1295 1583 1454 1648 creationes

322 1693 442 1752 mutum
471 1685 677 1766 corporalium
707 1687 937 1753 successionum
961 1687 1040 1751 Adae
1074 1686 1186 1770 largita
1220 1695 1274 1753 est.
1321 1686 1453 1770 quamuis

322 1791 406 1856 enim
430 1790 570 1856 fecunda
593 1790 659 1854 eius
682 1790 802 1856 soboles
825 1789 934 1855 futurae
958 1799 1071 1868 essent,
1094 1797 1196 1855 tamen
1213 1796 1330 1855 terram
1345 1789 1454 1871 inplere

271 1921 296 1960 rs
322 1915 384 1959 non
414 1900 573 1975 poterant;
609 1914 677 1977 quae
711 1914 766 1975 pro
798 1895 886 1974 eopia
916 1894 1075 1959 hominum
1106 1894 1179 1960 licet
1209 1893 1372 1971 habitetur,
1401 1913 1454 1958 non

322 2004 427 2064 lamen
449 1997 632 2079 adinpletnr.
677 2018 786 2063 aarum
811 2007 924 2064 terram
956 1999 1091 2079 corporis
1122 2000 1220 2064 nostri
1252 1997 1362 2079 inpleri
1391 1998 1454 2061 dao-

322 2103 411 2168 trinis
434 2102 623 2182 spiritalibus
645 2101 740 2166 noluit
763 2108 795 2168 et
817 2101 1013 2183 multiplicari
1038 2109 1069 2168 et
1091 2121 1232 2168 crescere
1256 2102 1386 2168 seientia
1402 2101 1455 2165 dai.

321 2225 378 2287 per
400 2206 504 2270 Adam
539 2206 623 2270 enim
657 2217 750 2289 atque
784 2207 814 2270 in
849 2206 917 2286 ipso
940 2207 1053 2285 Adam,
1087 2207 1140 2291 qui
1173 2207 1291 2287 primus
1314 2226 1390 2286 opus
1411 2205 1455 2268 dei
1524 2263 1525 2272 ,

321 2309 428 2381 fuerat
451 2317 628 2390 oportuerat
658 2311 866 2392 cognitionem
902 2311 951 2376 dei
984 2309 1140 2376 inchoari:
1175 2311 1230 2377 sed
1262 2331 1297 2376 ea
1327 2310 1455 2392 peccatis

270 2439 294 2476 ra
321 2412 516 2495 coinquinato
550 2414 773 2479 benedictionis
806 2414 894 2479 istius
928 2413 1060 2480 fructum
1093 2414 1251 2496 prophetae
1282 2415 1341 2480 sibi
1371 2420 1455 2497 atque

321 2514 454 2597 apostoli
476 2517 688 2597 deprecantur.
733 2537 827 2602 quem
851 2518 959 2585 beatus
982 2519 1138 2600 apostolus
1162 2527 1344 2585 consecutus
1366 2518 1408 2582 ita
1422 2517 1455 2581 de

321 2640 355 2685 se
378 2617 542 2703 gloriatur:
565 2620 812 2686 benedictus
843 2623 949 2700 deus,
980 2622 1047 2706 qui
1078 2621 1294 2687 benedixit
1323 2642 1393 2686 nos
1422 2621 1456 2684 in

321 2723 426 2788 omni
479 2723 772 2790 benedictione
826 2725 1015 2806 spiritali
1060 2727 1098 2792 in
1144 2725 1377 2792 celestibus
1422 2725 1455 2788 in

322 2823 496 2890 Christo.
543 2825 575 2890 hi
610 2847 684 2912 ergo
718 2835 870 2909 crescunt,
909 2829 1160 2912 multiplicantur,
1201 2829 1365 2911 replentur,
1410 2828 1457 2910 qui

363 3063 381 3114 8
399 3059 465 3114 Gen.
485 3061 505 3128 l,
524 3063 566 3115 28.
601 3063 636 3116 22
654 3062 755 3130 Ephes.
774 3063 796 3131 Ι,
814 3065 839 3118 3.

365 3277 378 3328 l
398 3275 605 3332 misesericordiae
622 3279 648 3332 R
700 3281 717 3331 2
736 3279 926 3334 misericordia
945 3280 970 3333 R
1023 3282 1052 3334 in
1070 3287 1247 3350 peccatorum
1268 3281 1427 3336 remissione
1444 3298 1455 3330 e

320 3363 337 3416 8
355 3362 525 3431 largitur-
543 3364 669 3418 remissio
680 3367 765 3418 omR
813 3376 872 3437 pasl
891 3367 1016 3420 remissio
1034 3369 1133 3421 litteras
1151 3372 1273 3438 reperitur
1291 3385 1325 3421 ne
1342 3367 1456 3436 largitur

320 3449 547 3504 remissiodel.m.
563 3449 583 3504 2
599 3451 626 3505 V
673 3455 744 3506 rex
761 3453 894 3506 bonitatis
906 3454 936 3506 in
948 3454 1134 3508 miserandum
1146 3454 1287 3508 munusV
1337 3458 1370 3509 10
1387 3453 1455 3506 dicta

320 3554 351 3589 ea
367 3535 459 3589 dictor
476 3553 542 3590 corr.
561 3555 593 3590 m.
614 3537 630 3589 1
653 3538 679 3592 V
693 3537 768 3592 dicta
795 3550 854 3591 aare
881 3543 990 3594 tanturn
1016 3557 1086 3610 supr.
1110 3559 1159 3594 aar.
1184 3559 1216 3594 aa.
1236 3541 1253 3593 1
1272 3540 1298 3594 R
1353 3543 1380 3594 ll
1400 3556 1455 3593 eru·

320 3622 394 3675 ditus
406 3623 431 3674 R
477 3624 510 3676 la
521 3639 578 3676 non
587 3625 739 3678 creationes
748 3643 805 3694 stip.
815 3627 859 3678 lia.
870 3643 886 3678 a
897 3625 960 3679 aa?
974 3626 1040 3696 Vas.
1053 3629 1126 3680 Slud.
1138 3625 1210 3681 1889
1216 3645 1244 3696 p.
1255 3625 1313 3680 321
1323 3644 1377 3680 non
1386 3641 1454 3680 crea·

319 3709 404 3762 tionis
414 3711 443 3762 Ε
452 3712 681 3779 congregationes
692 3712 717 3764 R
729 3713 931 3766 concreationis
942 3713 992 3766 Pr
1046 3715 1078 3767 14
1095 3713 1239 3768 facundiae
1258 3711 1455 3768 Vsecuadaeli

320 3796 458 3850 sobolisll
509 3796 604 3849 futura
622 3804 694 3851 esset
707 3798 733 3852 V
782 3803 886 3852 terram
904 3805 931 3854 et
950 3799 1057 3868 inplere
1076 3819 1106 3854 aa
1123 3805 1197 3854 terra
1216 3807 1259 3854 est
1277 3800 1381 3869 inplere
1393 3816 1454 3852 corr.

320 3901 352 3934 m.
375 3881 396 3935 2
422 3883 448 3936 V
497 3885 530 3936 15
547 3900 603 3937 non
627 3889 719 3938 tamen
746 3891 775 3939 et
801 3879 908 3953 ipletur
941 3888 1012 3940 VVF
1065 3891 1096 3942 16
1115 3889 1216 3957 inpleri
1243 3877 1378 3941 doctrinis
1403 3903 1454 3954 sup.

320 3971 365 4021 lla.
384 3986 401 4021 a
419 3987 451 4022 m.
465 3967 485 4021 2
499 3969 525 4023 V
575 3973 607 4024 l‘l
625 3971 766 4039 spiritalns
791 3973 816 4024 V
865 3973 1009 4027 scientiam
1032 3975 1058 4028 V
1108 3976 1141 4028 18
1158 3973 1247 4041 adque
1266 3974 1316 4028 VR
1370 3975 1399 4027 19
1415 3971 1452 4023 in·

321 4056 396 4108 coari
424 4055 448 4104 R
473 4056 603 4110 inchoare
634 4059 657 4111 V
705 4061 741 4113 10
759 4075 814 4126 quo
841 4060 985 4128 inquinato
1013 4061 1039 4113 R
1099 4059 1222 4128 prolatae
1246 4061 1272 4113 R
1298 4059 1402 4130 profeta
1428 4075 1454 4109 aa

319 4141 447 4209 probfeta
473 4160 539 4196 corr.
567 4163 600 4198 m.
628 4144 645 4196 1
677 4145 702 4198 V
763 4147 796 4199 21
824 4146 1025 4215 depraeceatur
1059 4149 1083 4200 V
1143 4151 1196 4216 qud
1224 4166 1237 4200 e
1261 4165 1332 4216 quae
1362 4143 1455 4200 VRl'l'

320 4228 433 4281 baeatus
461 4227 523 4295 (ric)
543 4233 603 4283 add.
621 4231 693 4284 aa?
716 4232 741 4285 V
792 4235 825 4284 22
842 4233 871 4285 in
889 4234 1017 4287 omnibus
1043 4234 1066 4286 'l'
1115 4235 1149 4288 21
1166 4233 1207 4287 bii
1225 4234 1284 4287 ΒΤ.
