3075 4967
367 295 548 344 tractatus
567 291 601 343 in
619 291 790 360 psalmum
810 292 956 346 CXXXIV.
1169 291 1232 356 709

140 483 186 548 23.
209 481 330 548 Dehine
354 481 509 564 sequitur:
541 487 577 546 et
607 478 845 546 memoriale
876 489 982 546 tunm
1005 482 1045 547 in
1067 501 1232 566 genera·

101 590 202 654 tione
235 595 274 653 et
305 584 626 672 generationem.
672 605 743 664 non,
776 585 859 650 sieut
887 605 980 668 saepe,
1010 607 1029 650 a
1058 585 1171 652 saeulo
1200 588 1232 652 in

99 692 234 758 seculum
277 711 381 775 nequa
417 711 436 754 a
469 689 723 774 generationibus
760 689 791 754 in
828 691 1058 775 generationes,
1095 692 1151 758 sed
1191 692 1231 756 in

97 796 357 881 generatione
388 799 427 859 et
449 791 775 879 generationem.
818 801 851 860 et
872 793 931 859 hoo
954 813 1014 859 non
1037 794 1078 860 de
1099 796 1232 872 nomina,

97 902 147 966 sed
169 901 206 966 de
229 898 409 965 memoriali
454 896 636 962 memoriale
660 898 742 962 enirn
766 902 815 963 est
838 899 990 963 memoria
1021 917 1149 979 operam
1174 900 1232 971 dei.
1270 924 1285 962 a

98 1025 160 1088 quae
181 1003 260 1068 libro
283 1003 362 1088 legis
383 1002 588 1067 contuentur.
635 1009 666 1066 et
689 1003 761 1085 quia
783 1001 833 1066 lar
856 1009 886 1068 et
909 1002 1090 1068 memoriale
1120 1003 1170 1069 dei
1200 1004 1231 1068 in

95 1109 289 1191 generatione
311 1107 422 1187 prima,
453 1106 629 1171 ludaeorum
660 1105 787 1171 scilieet
817 1124 916 1190 usque
944 1106 976 1170 iu
1006 1105 1233 1188 plenitudinem

96 1221 261 1294 temporum
285 1211 407 1290 mansit,
431 1211 519 1277 sicuti
543 1209 624 1291 plebi
650 1210 791 1276 Sodomae
814 1216 847 1276 et
869 1210 1028 1276 Gomorrae
1062 1231 1160 1296 usque
1191 1213 1231 1276 ad

95 1315 312 1397 plenitudinem
336 1314 453 1396 peceati
483 1333 574 1395 poena
597 1313 691 1380 dilata
713 1320 769 1390 est
803 1314 848 1380 ita
880 1335 1059 1380 mensuram
1093 1315 1232 1380 omnium

93 1421 279 1502 impietatum
304 1419 499 1500 comprima
528 1418 686 1503 generatio
716 1418 880 1501 explesset,
911 1418 1090 1484 memoriale
1119 1420 1169 1485 dei
1200 1425 1232 1486 et
1258 1445 1284 1482 a

93 1525 226 1590 omnium
262 1543 390 1610 operum
424 1542 548 1589 suorum
581 1524 729 1588 memoria
765 1524 797 1588 in
835 1524 1067 1609 generationem
1100 1522 1230 1589 alteram

92 1629 216 1706 transiit,
240 1628 270 1692 in
288 1627 480 1693 Christianos
495 1647 639 1711 nauaque,
656 1647 725 1692 eum
742 1628 855 1711 quibus
871 1627 964 1694 bodie
979 1627 1059 1713 legis
1072 1627 1231 1694 ueneratio

92 1738 135 1797 est
157 1739 187 1796 et
210 1731 381 1813 propbetiae
404 1745 435 1797 et
456 1751 571 1796 nomen
594 1732 720 1797 domini.

131 1836 180 1902 24.
204 1836 319 1902 Tenuit
340 1843 442 1901 antem
465 1834 548 1901 huno
578 1837 711 1901 eundem
742 1837 774 1900 iu
803 1837 1066 1920 oonsequentibus
1088 1837 1230 1902 ordinem

92 1941 209 2007 diosus:
234 1941 328 2024 quia
350 1939 553 2005 iudicabit
576 1941 761 2006 dominus
786 1939 972 2022 populum
996 1961 1109 2005 auum
1131 1942 1228 2005 etin
1256 1964 1285 2002 ιι

91 2047 219 2111 seruis
245 2044 330 2110 suis
353 2043 645 2109 consolabitur.
690 2043 795 2109 differt
822 2045 951 2109 iudicari
974 2053 1006 2110 et
1028 2043 1177 2109 consolari
1200 2051 1231 2110 et

91 2147 191 2214 differt
214 2147 345 2230 populus
369 2154 399 2213 et
421 2167 538 2212 seruus.
584 2148 615 2211 in
632 2147 731 2213 seruis
747 2156 850 2213 autem
867 2146 1041 2226 consolatio,
1064 2148 1096 2212 in
1117 2146 1230 2229 popula

89 2273 161 2318 uero
194 2251 346 2318 iudioium
378 2257 435 2316 est.
480 2251 623 2333 populum
660 2250 710 2317 dei
742 2249 864 2317 Israhel
897 2252 1069 2317 morandum
1102 2271 1229 2317 earnem

89 2361 295 2438 nunonpatum
319 2375 398 2432 esse,
417 2356 486 2439 quis
511 2355 631 2421 nescit?
676 2355 794 2420 dietum
817 2365 920 2421 autem
942 2357 982 2420 ab
1004 2354 1142 2438 apostolo
1165 2361 1229 2421 est:

87 2461 214 2543 quiin
240 2459 640 2544 legepeeoanerunt,
674 2479 744 2542 per
767 2459 901 2544 legem
924 2460 1228 2527 iudicabuntur.
1255 2481 1280 2520 aa

86 2563 291 2630 iudicabit
320 2583 394 2647 ergo
425 2564 523 2628 deus
546 2562 735 2645 populum
771 2583 898 2640 suum;
932 2567 991 2630 sed
1022 2564 1060 2628 in
1095 2564 1229 2630 seruis

85 2669 167 2735 suis
202 2665 499 2744 consolabitur,
535 2687 648 2748 nempe
677 2667 745 2736 illis.
777 2669 817 2732 de
850 2668 963 2750 quibus
997 2668 1141 2732 domiuus
1170 2667 1228 2733 ait:

86 2773 151 2854 qui
174 2771 314 2838 eredit
335 2771 374 2836 iu
397 2791 463 2851 me,
487 2791 562 2836 non
586 2771 849 2850 iudicabitur,
879 2772 948 2837 sad
983 2771 1163 2837 transiet
1184 2773 1230 2838 de

84 2883 210 2941 morte
234 2876 437 2940 inuitam:
473 2875 541 2958 qui
575 2883 706 2940 autam
739 2895 815 2940 uon
850 2875 993 2953 eredit,
1023 2876 1101 2941 iam
1130 2876 1230 2941 indi·

85 2987 197 3045 natus
235 2986 302 3046 est
346 2979 553 3046 eonsobbitur
575 2984 678 3044 autem
708 2980 853 3044 dominus
880 2980 1016 3046 iudicato
1046 2979 1167 3046 Israhel
1196 2981 1228 3044 iu
1255 2999 1281 3036 aa

83 3087 183 3150 seruis
208 3083 283 3150 suis.
329 3085 361 3148 iu
384 3083 526 3150 omnibus
550 3082 631 3148 enim
654 3083 800 3148 fidelibus
822 3090 913 3149 terrae
935 3083 1077 3150 solatium
1102 3084 1230 3149 habebit

84 3209 118 3252 ex
142 3191 267 3254 damno.

124 3293 176 3360 25.
201 3291 361 3358 Valuisset
384 3291 468 3357 euim
492 3289 638 3370 populum
662 3309 759 3367 suum,
788 3309 882 3374 quem
904 3291 935 3356 in
959 3291 1098 3372 patribus
1120 3309 1228 3356 eornm

82 3395 249 3462 Abraham
273 3403 304 3461 et
327 3395 414 3460 lsaao
436 3401 467 3462 et
490 3395 583 3460 Iaoob
605 3393 752 3479 elegerat,
787 3415 849 3459 non
882 3395 1026 3460 iudicari:
1060 3396 1098 3460 ob
1134 3413 1228 3477 quem

82 3507 153 3579 post
175 3500 317 3566 diuersas
340 3498 449 3583 plagas
473 3501 654 3584 Aegyptum
677 3497 848 3576 addixerat,
872 3499 910 3564 ob
927 3519 1021 3582 quem
1035 3500 1066 3564 in
1083 3498 1228 3564 columna
1254 3517 1280 3554 aa

81 3603 163 3688 ignis
188 3619 219 3670 et
243 3604 333 3670 uubis
357 3604 523 3682 adstiterat,
558 3603 597 3669 ob
632 3623 726 3686 quem
760 3623 847 3668 mare
883 3604 1039 3680 diuiserat,
1073 3622 1228 3687 squama
1345 3667 1355 3684 ,

122 3765 158 3818 20
176 3762 257 3817 Rom.
276 3761 311 3826 ΙΙ,
330 3763 371 3816 m.
407 3763 442 3815 23
460 3761 517 3816 Ioh.
536 3759 568 3828 V,
586 3763 634 3829 243
653 3759 688 3814 of·
706 3760 754 3828 111,
774 3762 816 3814 18.

125 3901 136 3952 l
158 3899 190 3952 in
208 3899 387 3967 generatione
405 3901 433 3952 et
450 3895 629 3968 generatione
648 3898 687 3951 Pb
706 3896 733 3952 in
761 3896 943 3968 generatione
961 3903 989 3952 et
1006 3901 1185 3967 generatione
1204 3902 1230 3952 T

81 3985 109 4038 in
126 3985 338 4055 generationem
355 3989 384 4040 et
403 3983 610 4055 generationem
629 4002 642 4040 e
660 3995 682 4039 et
699 3986 736 4038 ric
759 3987 832 4054 infr,
859 3985 893 4054 cf.
921 3986 1112 4056 apbcotioaem
1130 3987 1226 4041 Bened

81 4074 112 4124 13
130 4077 160 4126 et
178 4071 302 4159 profetiaL
311 4071 361 4126 Pr
372 4071 555 4140 etpropbetia
569 4072 596 4124 Ε
641 4077 669 4125 et
679 4087 781 4126 nomen
790 4071 897 4126 domini
916 4072 944 4124 E
958 4077 1025 4128 nom
1042 4069 1097 4128 ὼιὟ
1109 4074 1192 4128 Pom.
1203 4073 1230 4128 Τ

79 4175 174 4230 atilli
195 4175 222 4230 Ρ
271 4175 611 4230 eademnam?
662 4175 818 4230 ffiimahel
842 4193 914 4246 supr.
938 4175 1033 4230 aor.P
1082 4178 1228 4231 ddterrae

43 4293 48 4300 -
82 4263 119 4313 Τὸ
136 4267 217 4316 terra
235 4263 272 4316 Pe
307 4264 340 4318 81
360 4261 501 4317 adstiterit
520 4261 551 4316 P.
