3075 4967
322 270 384 334 746
660 272 777 324 saneti
802 271 938 324 Hilarii
962 271 1127 340 episeopi

321 467 412 538 esset,
436 481 497 526 noo
520 467 554 526 ut
576 459 676 525 forma
698 459 747 526 dei
772 480 841 527 esse
864 460 1027 527 desineret.
1073 460 1118 525 ait
1140 463 1225 526 enim
1255 461 1337 542 ipse:
1366 481 1446 545 qua

321 585 489 649 eumque
513 571 630 647 pater
653 565 763 643 fauit,
780 566 916 630 eadem
941 571 978 630 et
1000 563 1240 630 filiusiaeit
1259 565 1448 630 similiter.

321 669 471 752 numquid
493 669 525 732 iu
548 669 650 734 forma
673 669 754 734 serui
778 689 909 734 manens
931 670 1078 734 uirtutem
1109 678 1142 733 et
1171 669 1374 747 diuinitatem,
1401 689 1448 753 qua

320 774 352 838 in
375 775 476 838 forma
500 774 549 838 dei
572 773 727 855 manebat,
761 773 888 838 amisit?
931 792 1003 838 oum
1026 773 1111 838 enim
1133 772 1166 837 in
1190 792 1321 854 corpore
1342 772 1448 838 bumili-

282 905 294 939 u
322 877 393 941 tatis
415 887 539 956 nostrae,
564 897 766 961 quaecumque
793 882 881 958 pater
904 876 986 953 facit
1008 878 1117 942 eadem
1141 878 1262 958 etipse
1285 877 1358 943 facit
1377 878 1448 942 sinri-

320 982 399 1058 liter,
422 981 500 1046 nihil
523 1002 580 1062 per
601 983 792 1046 consortium
807 983 910 1046 earnis
933 1001 951 1045 a
972 987 1110 1061 pateruae
1126 981 1299 1046 diuinitatis
1313 983 1447 1062 potestate

321 1086 506 1169 degenerot;
541 1106 642 1170 neque
670 1087 703 1151 id
726 1105 845 1166 eorpus,
879 1086 960 1169 quod
995 1085 1196 1165 adsumptum
1230 1092 1287 1162 est,
1322 1087 1447 1151 uirtutem

321 1195 437 1254 naturae
471 1193 562 1255 autea
596 1190 750 1254 manentis
788 1188 937 1266 aboleuit,
975 1209 1044 1255 oum
1081 1188 1113 1253 in
1150 1210 1187 1254 eo
1222 1209 1356 1270 corpore,
1378 1189 1445 1273 quod

322 1294 520 1374 adsumptum
544 1300 601 1367 est.
624 1294 723 1359 uirtus
747 1299 864 1358 naturae
885 1299 978 1358 autea
999 1293 1154 1358 manentis
1177 1300 1328 1374 operetur.

271 1465 295 1502 ιο
366 1439 395 1504 3.
419 1439 527 1524 Itaque
551 1441 576 1506 si
600 1441 672 1524 quid
698 1441 858 1505 infirmum
874 1459 911 1505 er
925 1459 1059 1520 persona
1074 1440 1140 1505 eius
1156 1440 1274 1505 dietum
1291 1441 1447 1522 reperietur.

322 1547 361 1610 od
396 1543 558 1610 homiuem
591 1543 701 1610 reterri
734 1550 862 1625 oportet,
897 1565 954 1628 per
986 1563 1080 1627 quem
1114 1542 1269 1609 habitauit
1300 1546 1331 1609 iu
1362 1545 1446 1610 nobis.

321 1649 484 1713 uerbum
508 1651 611 1714 enim
629 1648 887 1714 oeroiaetum
904 1655 966 1713 est
990 1656 1029 1713 et
1050 1647 1259 1714 habitauit
1281 1650 1317 1712 in
1340 1648 1447 1712 uobis.

322 1752 518 1818 referendum
550 1759 650 1818 auteur
678 1752 716 1816 ob
741 1753 774 1816 id
797 1758 853 1827 est,
888 1753 960 1836 quia
992 1773 1051 1817 uuo
1087 1752 1196 1818 alienae
1230 1762 1283 1818 aut
1314 1750 1446 1818 dmuiata

321 1863 437 1922 naturae
472 1857 629 1922 homiuem
668 1857 849 1936 adsumpsit.
904 1857 1034 1921 uerbum
1070 1876 1207 1941 namque
1241 1878 1312 1922 caro
1348 1856 1445 1921 factm

271 1988 296 2023 15
324 1959 475 2025 habitauit
497 1961 528 2026 in
551 1961 656 2025 nobis:
680 1961 796 2024 nonin
819 1959 892 2025 uitia
914 1959 1175 2045 infirmitatesque
1198 1962 1301 2027 earnis
1323 1981 1359 2026 ex
1375 1958 1446 2025 uerbi

322 2065 436 2130 uirtute
467 2063 624 2138 deficiens,
656 2066 712 2130 sed
742 2071 860 2129 naturae
890 2070 1003 2128 nostrae
1032 2063 1231 2130 infirmitates
1261 2064 1353 2129 humo
1375 2070 1446 2128 natus

322 2171 499 2234 adsumens.
545 2169 720 2250 adsumptio
732 2175 836 2234 autem
848 2169 1036 2233 infirmitatis
1048 2188 1109 2232 non
1129 2167 1203 2234 fecit
1213 2167 1378 2244 infirmum,
1390 2165 1447 2250 quia

323 2272 402 2337 aliud
417 2280 466 2337 est
477 2279 616 2337 naturam
630 2292 707 2351 esse,
717 2272 801 2337 aliud
812 2272 1023 2354 adsumpsisse
1035 2281 1187 2336 naturam.
1211 2278 1242 2338 et
1250 2279 1335 2338 ertra
1342 2269 1447 2356 generis

260 2363 262 2368 ’
322 2377 539 2442 necessitatem
556 2375 720 2442 uoluntatis
736 2377 872 2442 accessio
889 2384 946 2441 est.
990 2395 1050 2441 non
1070 2371 1445 2457 euimpeeeatorfuitsed
1516 2420 1517 2437 .

272 2503 295 2539 au
323 2488 450 2560 peceat-a
466 2483 615 2562 suscepit;
639 2501 741 2564 oeque
755 2478 896 2546 infirmus
912 2481 1022 2559 extitit,
1039 2481 1094 2545 sed
1111 2482 1245 2562 portauit
1259 2481 1447 2546 infirmitates.

323 2585 388 2664 ipse
412 2585 494 2649 euim
518 2587 686 2650 secuudum
712 2584 898 2668 prophetam
919 2591 1092 2666 peecata
1115 2590 1256 2650 nostra
1282 2581 1446 2662 suscepit

323 2695 361 2753 et
382 2689 658 2754 infirmitates
683 2697 845 2754 uestras
868 2689 1057 2769 portauit.
1092 2696 1177 2755 etue
1197 2683 1446 2773 quidiuiupassi·

323 2790 417 2857 bilem
451 2801 543 2876 atque
576 2791 834 2858 indemutabilem
869 2793 1064 2859 diuinitatem
1100 2793 1291 2859 infirmitatis
1326 2791 1445 2858 inuidere

323 2895 557 2972 existimaretur,
580 2897 707 2962 adiecit:
731 2903 769 2962 et
791 2916 862 2962 nos
885 2897 1126 2978 putabamus
1149 2898 1297 2962 eumin
1320 2891 1447 2961 doteri-

270 3019 294 3057 aa
321 2999 394 3065 bus
417 3019 514 3065 esse.
560 3001 695 3080 suscepit
719 3021 794 3085 ergo
817 3000 1022 3078 infirmitates,
1045 3002 1117 3085 quia
1140 3001 1233 3066 horno
1260 3002 1404 3075 asscitum
1423 3002 1446 3059 et

321 3108 444 3184 putatur
466 3103 577 3184 dolere,
609 3104 680 3188 quia
702 3105 831 3186 patitur:
866 3111 952 3171 earet
985 3125 1058 3171 uero
1093 3104 1251 3170 doloribus
1283 3106 1357 3187 ipse,
1388 3100 1447 3184 quia
1515 3124 1516 3179 ᾗ

322 3209 399 3273 deus
423 3214 479 3272 est.
525 3216 649 3274 etcum
672 3208 791 3274 habitat
812 3208 949 3273 innubis
972 3229 1107 3292 eumque
1129 3207 1326 3274 infirmitates
1340 3212 1446 3272 nesam
1515 3224 1516 3231 ¹

367 3453 379 3503 1
400 3450 456 3503 rou.
476 3449 508 3519 v,
529 3453 569 3505 19.
608 3453 640 3505 ra
657 3452 715 3506 rou.
733 3455 755 3521 1,
775 3454 816 3506 14.
852 3454 883 3506 ar
905 3451 978 3506 aar.
998 3453 1070 3520 aru,
1088 3453 1114 3505 4.
1149 3451 1185 3506 aa
1201 3453 1273 3506 rura.

366 3675 382 3726 3
401 3671 430 3725 in
448 3671 538 3725 ior-rna
556 3673 629 3726 serui
647 3689 761 3726 manens
782 3675 822 3727 Ge
847 3675 878 3726 in
896 3674 985 3727 forma
1002 3689 1118 3727 manens
1133 3673 1208 3728 serui
1226 3673 1253 3727 R
1269 3672 1299 3726 in
1313 3671 1396 3724 form
1410 3664 1447 3717 dei

708 3765 744 3798 im

321 3827 435 3864 maneus
467 3810 531 3863 PTb
603 3811 846 3866 'iuirtuenaturae
874 3813 900 3865 G
969 3813 1127 3866 8aboleuit
1158 3813 1241 3866 GRE
1267 3808 1381 3866 absoluit
1406 3801 1446 3858 ΡΓ

324 3900 357 3952 10
385 3897 562 3966 repperietur
591 3898 642 3952 GR
708 3901 739 3953 ll
760 3902 871 3966 oportet
899 3899 951 3952 GT
968 3899 1109 3967 oportebit
1136 3898 1216 3952 RPE
1277 3893 1404 3951 habitabit
1426 3891 1447 3935 ‘¹'

323 3985 357 4037 12
374 3989 403 4038 et
430 4002 478 4038 om.
509 3987 534 4038 G
586 3985 725 4039 habitauit
753 3985 833 4039 GRT
857 4003 888 4038 a
913 3984 1051 4040 habitabit
1069 3985 1097 4038 P
1147 3988 1181 4040 13
1199 3991 1248 4040 aut
1265 3984 1403 4040 simulata
1426 3977 1446 4026 (ι’

324 4071 357 4124 16
375 4069 458 4124 homo
482 4079 574 4126 natur.
593 4069 672 4138 (Μ
724 4073 759 4126 23
778 4073 867 4140 adque
893 4072 918 4124 G
970 4074 1005 4124 24
1023 4071 1127 4126 adieoit
1145 4073 1198 4126 GR
1224 4072 1291 4126 dicit
1306 4071 1334 4123 P
1379 4069 1446 4136 pub·

323 4157 420 4210 bamus
446 4159 499 4211 GR
524 4163 654 4228 putemus
673 4159 700 4211 P
750 4160 784 4211 25
801 4158 964 4226 iniquitates
984 4159 1010 4211 G
1062 4161 1097 4213 26
1115 4158 1211 4213 dolor-e
1230 4160 1255 4212 G
1302 4158 1337 4210 at
1353 4151 1445 4208 habitat

327 4245 405 4296 GRP
420 4243 588 4298 inhabitauit
606 4263 626 4299 e.
