<?xml version="1.0" encoding="UTF-8"?>
<!DOCTYPE html PUBLIC "-//W3C//DTD XHTML 1.0 Transitional//EN"
    "http://www.w3.org/TR/xhtml1/DTD/xhtml1-transitional.dtd">
<html xmlns="http://www.w3.org/1999/xhtml" xml:lang="en" lang="en">
 <head>
  <title>
</title>
<meta http-equiv="Content-Type" content="text/html;charset=utf-8" />
  <meta name='ocr-system' content='tesseract 3.04.00' />
  <meta name='ocr-capabilities' content='ocr_page ocr_carea ocr_par ocr_line ocrx_word'/>
</head>
<body>
  <div class='ocr_page' id='page_1' title='image "./corpusscriptoru23wiengoog_0433.png"; bbox 0 0 3075 4967; ppageno 0'>
   <div class='ocr_carea' id='block_1_1' title="bbox 384 286 1245 357">
    <p class='ocr_par' dir='ltr' id='par_1_1' title="bbox 384 286 1245 357">
     <span class='ocr_line' id='line_1_1' title="bbox 384 286 1245 357; baseline -0.002 -12"><span class='ocrx_word' id='word_1_1' title='bbox 384 294 563 345; x_wconf 83' lang='lat' dir='ltr'>tractatus</span> <span class='ocrx_word' id='word_1_2' title='bbox 586 288 621 343; x_wconf 90' lang='lat' dir='ltr'>in</span> <span class='ocrx_word' id='word_1_3' title='bbox 646 290 818 357; x_wconf 86' lang='lat' dir='ltr'>psalmum</span> <span class='ocrx_word' id='word_1_4' title='bbox 842 288 963 343; x_wconf 81' lang='lat' dir='ltr'>cxvni.</span> <span class='ocrx_word' id='word_1_5' title='bbox 1181 286 1245 352; x_wconf 73' lang='lat'>403</span> 
     </span>
    </p>
   </div>
   <div class='ocr_carea' id='block_1_2' title="bbox 104 477 1325 2748">
    <p class='ocr_par' dir='ltr' id='par_1_2' title="bbox 104 477 1325 2748">
     <span class='ocr_line' id='line_1_2' title="bbox 146 477 1245 565; baseline -0.003 -18"><span class='ocrx_word' id='word_1_6' title='bbox 146 482 173 547; x_wconf 89' lang='grc'>6.</span> <span class='ocrx_word' id='word_1_7' title='bbox 195 481 260 547; x_wconf 87' lang='lat' dir='ltr'>Sed</span> <span class='ocrx_word' id='word_1_8' title='bbox 284 480 358 565; x_wconf 86' lang='lat' dir='ltr'>quid</span> <span class='ocrx_word' id='word_1_9' title='bbox 381 480 509 545; x_wconf 83' lang='lat' dir='ltr'>taudem</span> <span class='ocrx_word' id='word_1_10' title='bbox 532 478 615 545; x_wconf 88' lang='lat' dir='ltr'>istud</span> <span class='ocrx_word' id='word_1_11' title='bbox 640 488 694 557; x_wconf 83' lang='lat' dir='ltr'>est,</span> <span class='ocrx_word' id='word_1_12' title='bbox 725 478 808 563; x_wconf 89' lang='lat' dir='ltr'>quod</span> <span class='ocrx_word' id='word_1_13' title='bbox 837 477 1020 563; x_wconf 76' lang='lat' dir='ltr'>intellegere</span> <span class='ocrx_word' id='word_1_14' title='bbox 1041 485 1133 560; x_wconf 66' lang='lat' dir='ltr'>optat</span> <span class='ocrx_word' id='word_1_15' title='bbox 1162 481 1245 562; x_wconf 87' lang='lat' dir='ltr'>quod</span> 
     </span>
     <span class='ocr_line' id='line_1_3' title="bbox 107 580 1247 663; baseline -0.004 -11"><span class='ocrx_word' id='word_1_16' title='bbox 107 593 310 653; x_wconf 72' lang='lat' dir='ltr'><strong>scrutaturum</strong></span> <span class='ocrx_word' id='word_1_17' title='bbox 340 603 374 650; x_wconf 88' lang='lat' dir='ltr'>se</span> <span class='ocrx_word' id='word_1_18' title='bbox 404 590 435 649; x_wconf 87' lang='lat' dir='ltr'>et</span> <span class='ocrx_word' id='word_1_19' title='bbox 465 589 659 650; x_wconf 84' lang='lat' dir='ltr'>seruaturum</span> <span class='ocrx_word' id='word_1_20' title='bbox 682 588 744 647; x_wconf 83' lang='lat' dir='ltr'>toto</span> <span class='ocrx_word' id='word_1_21' title='bbox 766 582 861 648; x_wconf 89' lang='lat' dir='ltr'>corde</span> <span class='ocrx_word' id='word_1_22' title='bbox 882 580 1059 663; x_wconf 83' lang='lat' dir='ltr'>promittit?</span> <span class='ocrx_word' id='word_1_23' title='bbox 1104 582 1247 649; x_wconf 85' lang='lat' dir='ltr'>meminit</span> 
     </span>
     <span class='ocr_line' id='line_1_4' title="bbox 104 684 1246 773; baseline -0.004 -18"><span class='ocrx_word' id='word_1_24' title='bbox 104 708 238 773; x_wconf 87' lang='lat' dir='ltr'>namque</span> <span class='ocrx_word' id='word_1_25' title='bbox 261 708 321 754; x_wconf 91' lang='lat' dir='ltr'>non</span> <span class='ocrx_word' id='word_1_26' title='bbox 344 688 457 754; x_wconf 87' lang='lat' dir='ltr'>otiosos</span> <span class='ocrx_word' id='word_1_27' title='bbox 481 687 548 753; x_wconf 86' lang='lat' dir='ltr'>dies</span> <span class='ocrx_word' id='word_1_28' title='bbox 562 704 618 751; x_wconf 82' lang='lat' dir='ltr'>sex</span> <span class='ocrx_word' id='word_1_29' title='bbox 632 686 734 768; x_wconf 83' lang='lat' dir='ltr'>Moysi</span> <span class='ocrx_word' id='word_1_30' title='bbox 750 685 829 752; x_wconf 90' lang='lat' dir='ltr'>libro</span> <span class='ocrx_word' id='word_1_31' title='bbox 844 687 875 752; x_wconf 92' lang='lat' dir='ltr'>in</span> <span class='ocrx_word' id='word_1_32' title='bbox 898 687 1007 753; x_wconf 86' lang='lat' dir='ltr'>mnndi</span> <span class='ocrx_word' id='word_1_33' title='bbox 1029 684 1121 752; x_wconf 90' lang='lat' dir='ltr'>huius</span> <span class='ocrx_word' id='word_1_34' title='bbox 1136 706 1246 768; x_wconf 86' lang='lat' dir='ltr'>opera·</span> 
     </span>
     <span class='ocr_line' id='line_1_5' title="bbox 105 788 1245 874; baseline -0.003 -15"><span class='ocrx_word' id='word_1_35' title='bbox 105 795 182 860; x_wconf 85' lang='lat' dir='ltr'>tione</span> <span class='ocrx_word' id='word_1_36' title='bbox 204 794 380 859; x_wconf 75' lang='lat' dir='ltr'>monstrari</span> <span class='ocrx_word' id='word_1_37' title='bbox 425 792 483 857; x_wconf 89' lang='lat' dir='ltr'>soit</span> <span class='ocrx_word' id='word_1_38' title='bbox 504 810 566 855; x_wconf 92' lang='lat' dir='ltr'>non</span> <span class='ocrx_word' id='word_1_39' title='bbox 589 788 778 872; x_wconf 83' lang='lat' dir='ltr'>superfluens</span> <span class='ocrx_word' id='word_1_40' title='bbox 793 809 862 858; x_wconf 88' lang='lat' dir='ltr'>osse</span> <span class='ocrx_word' id='word_1_41' title='bbox 874 790 941 860; x_wconf 72' lang='lat' dir='ltr'>,diei</span> <span class='ocrx_word' id='word_1_42' title='bbox 955 790 1081 872; x_wconf 82' lang='lat' dir='ltr'>septimi</span> <span class='ocrx_word' id='word_1_43' title='bbox 1096 791 1245 874; x_wconf 88' lang='lat' dir='ltr'>requiem.</span> 
     </span>
     <span class='ocr_line' id='line_1_6' title="bbox 104 892 1297 979; baseline -0.007 -15"><span class='ocrx_word' id='word_1_44' title='bbox 104 898 279 964; x_wconf 86' lang='lat' dir='ltr'>recordatur</span> <span class='ocrx_word' id='word_1_45' title='bbox 308 898 339 961; x_wconf 93' lang='lat' dir='ltr'>in</span> <span class='ocrx_word' id='word_1_46' title='bbox 374 895 492 962; x_wconf 90' lang='lat' dir='ltr'>mensis</span> <span class='ocrx_word' id='word_1_47' title='bbox 526 895 597 959; x_wconf 94' lang='lat' dir='ltr'>noui</span> <span class='ocrx_word' id='word_1_48' title='bbox 631 892 781 979; x_wconf 81' lang='lat' dir='ltr'>religione</span> <span class='ocrx_word' id='word_1_49' title='bbox 811 901 1038 963; x_wconf 76' lang='lat' dir='ltr'>mcamencum</span> <span class='ocrx_word' id='word_1_50' title='bbox 1068 892 1245 961; x_wconf 82' lang='lat' dir='ltr'>lestiuitatis</span> <span class='ocrx_word' id='word_1_51' title='bbox 1284 918 1297 956; x_wconf 78' lang='lat' dir='ltr'>c</span> 
     </span>
     <span class='ocr_line' id='line_1_7' title="bbox 104 996 1245 1085; baseline -0.004 -18"><span class='ocrx_word' id='word_1_52' title='bbox 104 1001 231 1067; x_wconf 85' lang='lat' dir='ltr'>caelestis</span> <span class='ocrx_word' id='word_1_53' title='bbox 255 1008 416 1085; x_wconf 81' lang='lat' dir='ltr'>tamquam</span> <span class='ocrx_word' id='word_1_54' title='bbox 438 1000 470 1065; x_wconf 93' lang='lat' dir='ltr'>in</span> <span class='ocrx_word' id='word_1_55' title='bbox 493 996 619 1081; x_wconf 89' lang='lat' dir='ltr'>speculo</span> <span class='ocrx_word' id='word_1_56' title='bbox 641 996 778 1083; x_wconf 81' lang='lat' dir='ltr'>figurari.</span> <span class='ocrx_word' id='word_1_57' title='bbox 824 998 909 1064; x_wconf 90' lang='lat' dir='ltr'>nouit</span> <span class='ocrx_word' id='word_1_58' title='bbox 926 1018 1042 1064; x_wconf 85' lang='lat' dir='ltr'>annum</span> <span class='ocrx_word' id='word_1_59' title='bbox 1064 997 1161 1078; x_wconf 92' lang='lat' dir='ltr'>illurn,</span> <span class='ocrx_word' id='word_1_60' title='bbox 1184 1017 1245 1082; x_wconf 89' lang='lat' dir='ltr'>qno</span> 
     </span>
     <span class='ocr_line' id='line_1_8' title="bbox 105 1098 1246 1187; baseline -0.004 -16"><span class='ocrx_word' id='word_1_61' title='bbox 105 1112 169 1187; x_wconf 86' lang='lat' dir='ltr'>post</span> <span class='ocrx_word' id='word_1_62' title='bbox 201 1124 261 1171; x_wconf 81' lang='lat' dir='ltr'>sex</span> <span class='ocrx_word' id='word_1_63' title='bbox 294 1123 442 1169; x_wconf 88' lang='lat' dir='ltr'>annorum</span> <span class='ocrx_word' id='word_1_64' title='bbox 477 1103 657 1171; x_wconf 84' lang='lat' dir='ltr'>semitutem</span> <span class='ocrx_word' id='word_1_65' title='bbox 696 1099 775 1167; x_wconf 85' lang='lat' dir='ltr'>liber</span> <span class='ocrx_word' id='word_1_66' title='bbox 809 1098 958 1169; x_wconf 84' lang='lat' dir='ltr'>Hebraeus</span> <span class='ocrx_word' id='word_1_67' title='bbox 995 1111 1051 1181; x_wconf 85' lang='lat' dir='ltr'>ost,</span> <span class='ocrx_word' id='word_1_68' title='bbox 1083 1122 1145 1186; x_wconf 91' lang='lat' dir='ltr'>quo</span> <span class='ocrx_word' id='word_1_69' title='bbox 1177 1114 1246 1183; x_wconf 84' lang='lat' dir='ltr'>post</span> 
     </span>
     <span class='ocr_line' id='line_1_9' title="bbox 104 1204 1244 1291; baseline -0.004 -16"><span class='ocrx_word' id='word_1_70' title='bbox 104 1209 230 1275; x_wconf 84' lang='lat' dir='ltr'>multam</span> <span class='ocrx_word' id='word_1_71' title='bbox 264 1210 473 1290; x_wconf 84' lang='lat' dir='ltr'>operationem</span> <span class='ocrx_word' id='word_1_72' title='bbox 515 1218 597 1272; x_wconf 85' lang='lat' dir='ltr'>terra</span> <span class='ocrx_word' id='word_1_73' title='bbox 633 1206 802 1291; x_wconf 84' lang='lat' dir='ltr'>requiescit</span> <span class='ocrx_word' id='word_1_74' title='bbox 837 1205 988 1273; x_wconf 86' lang='lat' dir='ltr'>fructibus</span> <span class='ocrx_word' id='word_1_75' title='bbox 1025 1206 1092 1271; x_wconf 90' lang='lat' dir='ltr'>eius</span> <span class='ocrx_word' id='word_1_76' title='bbox 1128 1204 1244 1273; x_wconf 87' lang='lat' dir='ltr'>relictis</span> 
     </span>
     <span class='ocr_line' id='line_1_10' title="bbox 104 1310 1246 1399; baseline -0.002 -20"><span class='ocrx_word' id='word_1_77' title='bbox 104 1312 257 1399; x_wconf 80' lang='lat' dir='ltr'>proselyto</span> <span class='ocrx_word' id='word_1_78' title='bbox 294 1312 421 1394; x_wconf 87' lang='lat' dir='ltr'>pauperi</span> <span class='ocrx_word' id='word_1_79' title='bbox 458 1317 490 1377; x_wconf 89' lang='lat' dir='ltr'>et</span> <span class='ocrx_word' id='word_1_80' title='bbox 527 1310 634 1377; x_wconf 86' lang='lat' dir='ltr'>bestiis</span> <span class='ocrx_word' id='word_1_81' title='bbox 669 1319 768 1388; x_wconf 77' lang='lat' dir='ltr'>terres,</span> <span class='ocrx_word' id='word_1_82' title='bbox 806 1330 867 1394; x_wconf 89' lang='lat' dir='ltr'>quo</span> <span class='ocrx_word' id='word_1_83' title='bbox 900 1317 932 1375; x_wconf 89' lang='lat' dir='ltr'>et</span> <span class='ocrx_word' id='word_1_84' title='bbox 965 1310 1069 1377; x_wconf 89' lang='lat' dir='ltr'>debita</span> <span class='ocrx_word' id='word_1_85' title='bbox 1100 1310 1246 1377; x_wconf 83' lang='lat' dir='ltr'>uniuerso</span> 
     </span>
     <span class='ocr_line' id='line_1_11' title="bbox 104 1414 1296 1499; baseline -0.006 -18"><span class='ocrx_word' id='word_1_86' title='bbox 104 1417 242 1483; x_wconf 65' lang='lat' dir='ltr'>Hebionis</span> <span class='ocrx_word' id='word_1_87' title='bbox 280 1417 424 1481; x_wconf 89' lang='lat' dir='ltr'>omnibus</span> <span class='ocrx_word' id='word_1_88' title='bbox 461 1416 668 1481; x_wconf 86' lang='lat' dir='ltr'>remittuntur.</span> <span class='ocrx_word' id='word_1_89' title='bbox 724 1414 974 1499; x_wconf 73' lang='lat' dir='ltr'>quinquagesimi</span> <span class='ocrx_word' id='word_1_90' title='bbox 1013 1434 1135 1498; x_wconf 90' lang='lat' dir='ltr'>quoque</span> <span class='ocrx_word' id='word_1_91' title='bbox 1171 1416 1245 1481; x_wconf 85' lang='lat' dir='ltr'>enni</span> <span class='ocrx_word' id='word_1_92' title='bbox 1272 1438 1296 1475; x_wconf 83' lang='lat' dir='ltr'>lo</span> 
     </span>
     <span class='ocr_line' id='line_1_12' title="bbox 104 1519 1245 1606; baseline -0.001 -20"><span class='ocrx_word' id='word_1_93' title='bbox 104 1521 185 1606; x_wconf 79' lang='lat' dir='ltr'>loges</span> <span class='ocrx_word' id='word_1_94' title='bbox 208 1520 398 1602; x_wconf 84' lang='lat' dir='ltr'>concupiscit</span> <span class='ocrx_word' id='word_1_95' title='bbox 420 1520 567 1597; x_wconf 86' lang='lat' dir='ltr'>scrutori;</span> <span class='ocrx_word' id='word_1_96' title='bbox 591 1519 665 1597; x_wconf 56' lang='lat' dir='ltr'>‘uult</span> <span class='ocrx_word' id='word_1_97' title='bbox 688 1538 757 1603; x_wconf 76' lang='lat' dir='ltr'>quse</span> <span class='ocrx_word' id='word_1_98' title='bbox 781 1519 822 1583; x_wconf 88' lang='lat' dir='ltr'>sit</span> <span class='ocrx_word' id='word_1_99' title='bbox 844 1520 875 1584; x_wconf 93' lang='lat' dir='ltr'>in</span> <span class='ocrx_word' id='word_1_100' title='bbox 890 1520 992 1600; x_wconf 90' lang='lat' dir='ltr'>primo</span> <span class='ocrx_word' id='word_1_101' title='bbox 1007 1536 1115 1584; x_wconf 90' lang='lat' dir='ltr'>mense</span> <span class='ocrx_word' id='word_1_102' title='bbox 1131 1519 1245 1585; x_wconf 86' lang='lat' dir='ltr'>decimi</span> 
     </span>
     <span class='ocr_line' id='line_1_13' title="bbox 105 1622 1244 1710; baseline -0.003 -20"><span class='ocrx_word' id='word_1_103' title='bbox 105 1626 160 1691; x_wconf 87' lang='lat' dir='ltr'>dici</span> <span class='ocrx_word' id='word_1_104' title='bbox 182 1645 284 1710; x_wconf 88' lang='lat' dir='ltr'>usque</span> <span class='ocrx_word' id='word_1_105' title='bbox 307 1626 338 1689; x_wconf 89' lang='lat' dir='ltr'>in</span> <span class='ocrx_word' id='word_1_106' title='bbox 362 1630 504 1709; x_wconf 81' lang='lat' dir='ltr'>quartam</span> <span class='ocrx_word' id='word_1_107' title='bbox 528 1623 680 1689; x_wconf 88' lang='lat' dir='ltr'>decimum</span> <span class='ocrx_word' id='word_1_108' title='bbox 704 1628 736 1688; x_wconf 89' lang='lat' dir='ltr'>et</span> <span class='ocrx_word' id='word_1_109' title='bbox 758 1623 873 1691; x_wconf 85' lang='lat' dir='ltr'>deindo</span> <span class='ocrx_word' id='word_1_110' title='bbox 895 1623 1040 1707; x_wconf 88' lang='lat' dir='ltr'>usquein</span> <span class='ocrx_word' id='word_1_111' title='bbox 1062 1622 1244 1688; x_wconf 77' lang='lat' dir='ltr'>uicesimum</span> 
     </span>
     <span class='ocr_line' id='line_1_14' title="bbox 104 1714 1325 1814; baseline -0.004 -18"><span class='ocrx_word' id='word_1_112' title='bbox 104 1730 234 1810; x_wconf 79' lang='lat' dir='ltr'>primam</span> <span class='ocrx_word' id='word_1_113' title='bbox 256 1728 376 1814; x_wconf 85' lang='lat' dir='ltr'>religio.</span> <span class='ocrx_word' id='word_1_114' title='bbox 422 1727 508 1793; x_wconf 83' lang='lat' dir='ltr'>illem</span> <span class='ocrx_word' id='word_1_115' title='bbox 531 1714 799 1813; x_wconf 80' lang='lat' dir='ltr'>quoque&#39;septimi</span> <span class='ocrx_word' id='word_1_116' title='bbox 830 1727 947 1793; x_wconf 89' lang='lat' dir='ltr'>mensis</span> <span class='ocrx_word' id='word_1_117' title='bbox 976 1727 1093 1811; x_wconf 82' lang='lat' dir='ltr'>cogitat</span> <span class='ocrx_word' id='word_1_118' title='bbox 1122 1725 1244 1792; x_wconf 87' lang='lat' dir='ltr'>sollem·</span> <span class='ocrx_word' id='word_1_119' title='bbox 1322 1777 1325 1783; x_wconf 22' lang='lat' dir='ltr'>r</span> 
     </span>
     <span class='ocr_line' id='line_1_15' title="bbox 104 1830 1245 1914; baseline -0.002 -17"><span class='ocrx_word' id='word_1_120' title='bbox 104 1834 237 1911; x_wconf 84' lang='lat' dir='ltr'>nitatem,</span> <span class='ocrx_word' id='word_1_121' title='bbox 268 1834 354 1899; x_wconf 90' lang='lat' dir='ltr'>cuius</span> <span class='ocrx_word' id='word_1_122' title='bbox 385 1831 564 1898; x_wconf 73' lang='lat' dir='ltr'>memoriale</span> <span class='ocrx_word' id='word_1_123' title='bbox 592 1834 623 1897; x_wconf 92' lang='lat' dir='ltr'>in</span> <span class='ocrx_word' id='word_1_124' title='bbox 655 1831 736 1897; x_wconf 86' lang='lat' dir='ltr'>tubis</span> <span class='ocrx_word' id='word_1_125' title='bbox 758 1838 814 1909; x_wconf 89' lang='lat' dir='ltr'>est,</span> <span class='ocrx_word' id='word_1_126' title='bbox 848 1830 959 1896; x_wconf 88' lang='lat' dir='ltr'>decimi</span> <span class='ocrx_word' id='word_1_127' title='bbox 983 1849 1106 1914; x_wconf 87' lang='lat' dir='ltr'>quoque</span> <span class='ocrx_word' id='word_1_128' title='bbox 1129 1831 1190 1896; x_wconf 76' lang='lat' dir='ltr'>(liei</span> <span class='ocrx_word' id='word_1_129' title='bbox 1212 1832 1245 1896; x_wconf 91' lang='lat' dir='ltr'>in</span> 
     </span>
     <span class='ocr_line' id='line_1_16' title="bbox 105 1933 1296 2020; baseline -0.007 -17"><span class='ocrx_word' id='word_1_130' title='bbox 105 1958 136 2003; x_wconf 87' lang='lat' dir='ltr'>eo</span> <span class='ocrx_word' id='word_1_131' title='bbox 169 1938 375 2020; x_wconf 86' lang='lat' dir='ltr'>plsoationom</span> <span class='ocrx_word' id='word_1_132' title='bbox 415 1944 447 2002; x_wconf 88' lang='lat' dir='ltr'>et</span> <span class='ocrx_word' id='word_1_133' title='bbox 482 1942 552 2017; x_wconf 86' lang='lat' dir='ltr'>post</span> <span class='ocrx_word' id='word_1_134' title='bbox 588 1936 728 2020; x_wconf 86' lang='lat' dir='ltr'>quintam</span> <span class='ocrx_word' id='word_1_135' title='bbox 767 1935 922 2002; x_wconf 84' lang='lat' dir='ltr'>decimam</span> <span class='ocrx_word' id='word_1_136' title='bbox 966 1935 999 1999; x_wconf 94' lang='lat' dir='ltr'>in</span> <span class='ocrx_word' id='word_1_137' title='bbox 1039 1933 1244 2000; x_wconf 83' lang='lat' dir='ltr'>tabernaculis</span> <span class='ocrx_word' id='word_1_138' title='bbox 1271 1958 1296 1995; x_wconf 69' lang='grc' dir='ltr'>ιι</span> 
     </span>
     <span class='ocr_line' id='line_1_17' title="bbox 105 2038 1244 2124; baseline -0.002 -19"><span class='ocrx_word' id='word_1_139' title='bbox 105 2042 217 2108; x_wconf 87' lang='lat' dir='ltr'>diorum</span> <span class='ocrx_word' id='word_1_140' title='bbox 251 2048 321 2107; x_wconf 88' lang='lat' dir='ltr'>octo</span> <span class='ocrx_word' id='word_1_141' title='bbox 353 2040 502 2119; x_wconf 79' lang='lat' dir='ltr'>lentitiam,</span> <span class='ocrx_word' id='word_1_142' title='bbox 537 2041 690 2124; x_wconf 87' lang='lat' dir='ltr'>quomodo</span> <span class='ocrx_word' id='word_1_143' title='bbox 724 2059 761 2106; x_wconf 85' lang='lat' dir='ltr'>ex</span> <span class='ocrx_word' id='word_1_144' title='bbox 797 2038 847 2105; x_wconf 91' lang='lat' dir='ltr'>his</span> <span class='ocrx_word' id='word_1_145' title='bbox 881 2045 913 2105; x_wconf 87' lang='lat' dir='ltr'>et</span> <span class='ocrx_word' id='word_1_146' title='bbox 942 2046 1049 2104; x_wconf 85' lang='lat' dir='ltr'>sancte</span> <span class='ocrx_word' id='word_1_147' title='bbox 1077 2039 1180 2120; x_wconf 87' lang='lat' dir='ltr'>prima</span> <span class='ocrx_word' id='word_1_148' title='bbox 1212 2046 1244 2104; x_wconf 88' lang='lat' dir='ltr'>et</span> 
     </span>
     <span class='ocr_line' id='line_1_18' title="bbox 104 2142 1244 2225; baseline -0.004 -14"><span class='ocrx_word' id='word_1_149' title='bbox 104 2154 206 2211; x_wconf 86' lang='lat' dir='ltr'>octana</span> <span class='ocrx_word' id='word_1_150' title='bbox 229 2147 271 2212; x_wconf 90' lang='lat' dir='ltr'>sit</span> <span class='ocrx_word' id='word_1_151' title='bbox 293 2152 407 2211; x_wconf 80' lang='lat' dir='ltr'>sancta.</span> <span class='ocrx_word' id='word_1_152' title='bbox 453 2144 513 2210; x_wconf 89' lang='lat' dir='ltr'>scit</span> <span class='ocrx_word' id='word_1_153' title='bbox 534 2144 802 2210; x_wconf 87' lang='lat' dir='ltr'>circumcisionem</span> <span class='ocrx_word' id='word_1_154' title='bbox 824 2144 959 2225; x_wconf 86' lang='lat' dir='ltr'>primam</span> <span class='ocrx_word' id='word_1_155' title='bbox 986 2142 1090 2219; x_wconf 81' lang='lat' dir='ltr'>fnisse,</span> <span class='ocrx_word' id='word_1_156' title='bbox 1124 2143 1185 2209; x_wconf 86' lang='lat' dir='ltr'>scit</span> <span class='ocrx_word' id='word_1_157' title='bbox 1214 2150 1244 2208; x_wconf 86' lang='lat' dir='ltr'>ot</span> 
     </span>
     <span class='ocr_line' id='line_1_19' title="bbox 104 2246 1243 2333; baseline -0.002 -20"><span class='ocrx_word' id='word_1_158' title='bbox 104 2249 241 2315; x_wconf 83' lang='lat' dir='ltr'>iteratam</span> <span class='ocrx_word' id='word_1_159' title='bbox 276 2268 332 2332; x_wconf 84' lang='lat' dir='ltr'>per</span> <span class='ocrx_word' id='word_1_160' title='bbox 365 2248 470 2315; x_wconf 87' lang='lat' dir='ltr'>lesum</span> <span class='ocrx_word' id='word_1_161' title='bbox 504 2266 572 2313; x_wconf 89' lang='lat' dir='ltr'>esse</span> <span class='ocrx_word' id='word_1_162' title='bbox 611 2254 744 2333; x_wconf 86' lang='lat' dir='ltr'>gestam.</span> <span class='ocrx_word' id='word_1_163' title='bbox 789 2267 898 2331; x_wconf 80' lang='lat' dir='ltr'>ocyma</span> <span class='ocrx_word' id='word_1_164' title='bbox 934 2253 1044 2312; x_wconf 84' lang='lat' dir='ltr'>sancta</span> <span class='ocrx_word' id='word_1_165' title='bbox 1079 2246 1243 2326; x_wconf 82' lang='lat' dir='ltr'>desiderat,</span> 
     </span>
     <span class='ocr_line' id='line_1_20' title="bbox 104 2350 1244 2435; baseline 0 -19"><span class='ocrx_word' id='word_1_166' title='bbox 104 2352 206 2419; x_wconf 85' lang='lat' dir='ltr'>laetari</span> <span class='ocrx_word' id='word_1_167' title='bbox 228 2352 345 2435; x_wconf 76' lang='lat' dir='ltr'>pascha</span> <span class='ocrx_word' id='word_1_168' title='bbox 369 2350 568 2433; x_wconf 78' lang='lat' dir='ltr'>concupiscit,</span> <span class='ocrx_word' id='word_1_169' title='bbox 590 2351 631 2417; x_wconf 89' lang='lat' dir='ltr'>de</span> <span class='ocrx_word' id='word_1_170' title='bbox 654 2371 715 2435; x_wconf 88' lang='lat' dir='ltr'>qua</span> <span class='ocrx_word' id='word_1_171' title='bbox 744 2352 776 2416; x_wconf 91' lang='lat' dir='ltr'>in</span> <span class='ocrx_word' id='word_1_172' title='bbox 805 2351 878 2435; x_wconf 81' lang='lat' dir='ltr'>agni</span> <span class='ocrx_word' id='word_1_173' title='bbox 908 2350 1004 2432; x_wconf 85' lang='lat' dir='ltr'>ipsius</span> <span class='ocrx_word' id='word_1_174' title='bbox 1033 2350 1244 2416; x_wconf 80' lang='lat' dir='ltr'>immolatione</span> 
     </span>
     <span class='ocr_line' id='line_1_21' title="bbox 105 2452 1294 2538; baseline -0.003 -16"><span class='ocrx_word' id='word_1_175' title='bbox 105 2458 249 2538; x_wconf 86' lang='lat' dir='ltr'>scriptum</span> <span class='ocrx_word' id='word_1_176' title='bbox 283 2470 347 2523; x_wconf 85' lang='lat' dir='ltr'>est:</span> <span class='ocrx_word' id='word_1_177' title='bbox 386 2455 468 2521; x_wconf 80' lang='lat' dir='ltr'>haec</span> <span class='ocrx_word' id='word_1_178' title='bbox 502 2463 564 2521; x_wconf 89' lang='lat' dir='ltr'>est</span> <span class='ocrx_word' id='word_1_179' title='bbox 596 2454 751 2537; x_wconf 80' lang='lat' dir='ltr'>pasche</span> <span class='ocrx_word' id='word_1_180' title='bbox 785 2454 948 2520; x_wconf 86' lang='lat' dir='ltr'>domini.</span> <span class='ocrx_word' id='word_1_181' title='bbox 994 2463 1110 2520; x_wconf 87' lang='lat' dir='ltr'>terram</span> <span class='ocrx_word' id='word_1_182' title='bbox 1139 2452 1242 2535; x_wconf 74' lang='lat' dir='ltr'>repro·</span> <span class='ocrx_word' id='word_1_183' title='bbox 1269 2476 1294 2513; x_wconf 79' lang='lat' dir='ltr'>ro</span> 
     </span>
     <span class='ocr_line' id='line_1_22' title="bbox 106 2550 1241 2641; baseline 0.001 -19"><span class='ocrx_word' id='word_1_184' title='bbox 106 2562 266 2640; x_wconf 84' lang='lat' dir='ltr'>missionis,</span> <span class='ocrx_word' id='word_1_185' title='bbox 278 2550 392 2626; x_wconf 81' lang='lat' dir='ltr'>torrem</span> <span class='ocrx_word' id='word_1_186' title='bbox 411 2558 557 2625; x_wconf 89' lang='lat' dir='ltr'>fluentem</span> <span class='ocrx_word' id='word_1_187' title='bbox 576 2559 624 2626; x_wconf 87' lang='lat' dir='ltr'>lac</span> <span class='ocrx_word' id='word_1_188' title='bbox 644 2567 674 2625; x_wconf 90' lang='lat' dir='ltr'>et</span> <span class='ocrx_word' id='word_1_189' title='bbox 693 2558 755 2624; x_wconf 87' lang='lat' dir='ltr'>mel</span> <span class='ocrx_word' id='word_1_190' title='bbox 775 2560 981 2625; x_wconf 81' lang='lat' dir='ltr'>soitnondum</span> <span class='ocrx_word' id='word_1_191' title='bbox 997 2578 1071 2625; x_wconf 83' lang='lat' dir='ltr'>uere</span> <span class='ocrx_word' id='word_1_192' title='bbox 1087 2580 1106 2623; x_wconf 89' lang='lat' dir='ltr'>a</span> <span class='ocrx_word' id='word_1_193' title='bbox 1120 2558 1241 2641; x_wconf 85' lang='lat' dir='ltr'>populo,</span> 
     </span>
     <span class='ocr_line' id='line_1_23' title="bbox 106 2662 1242 2748; baseline 0 -20"><span class='ocrx_word' id='word_1_194' title='bbox 106 2664 153 2747; x_wconf 88' lang='lat' dir='ltr'>qui</span> <span class='ocrx_word' id='word_1_195' title='bbox 169 2665 303 2730; x_wconf 87' lang='lat' dir='ltr'>secundo</span> <span class='ocrx_word' id='word_1_196' title='bbox 319 2670 367 2729; x_wconf 86' lang='lat' dir='ltr'>est</span> <span class='ocrx_word' id='word_1_197' title='bbox 382 2665 589 2742; x_wconf 76' lang='lat' dir='ltr'>circumcisus,</span> <span class='ocrx_word' id='word_1_198' title='bbox 605 2663 774 2729; x_wconf 86' lang='lat' dir='ltr'>obtentam.</span> <span class='ocrx_word' id='word_1_199' title='bbox 808 2663 848 2729; x_wconf 89' lang='lat' dir='ltr'>ob</span> <span class='ocrx_word' id='word_1_200' title='bbox 865 2662 930 2729; x_wconf 84' lang='lat' dir='ltr'>haec</span> <span class='ocrx_word' id='word_1_201' title='bbox 946 2664 1041 2748; x_wconf 79' lang='lat' dir='ltr'>igitur</span> <span class='ocrx_word' id='word_1_202' title='bbox 1055 2662 1242 2729; x_wconf 85' lang='lat' dir='ltr'>intellectum</span> 
     </span>
    </p>
   </div>
   <div class='ocr_carea' id='block_1_3' title="bbox 106 2800 1241 2983">
    <p class='ocr_par' dir='ltr' id='par_1_3' title="bbox 106 2800 1241 2983">
     <span class='ocr_line' id='line_1_24' title="bbox 146 2800 1241 2899; baseline 0.002 -18"><span class='ocrx_word' id='word_1_203' title='bbox 146 2829 479 2899; x_wconf 78' lang='lat' dir='ltr'>scl.Exod.xxl11,1o.</span> <span class='ocrx_word' id='word_1_204' title='bbox 516 2828 841 2897; x_wconf 63' lang='lat' dir='ltr'>seneclutem.</span> <span class='ocrx_word' id='word_1_205' title='bbox 879 2831 912 2884; x_wconf 85' lang='lat' dir='ltr'>rs</span> <span class='ocrx_word' id='word_1_206' title='bbox 928 2829 982 2882; x_wconf 70' lang='lat'>10⁸.</span> <span class='ocrx_word' id='word_1_207' title='bbox 996 2828 1028 2896; x_wconf 88' lang='lat' dir='ltr'>v,</span> <span class='ocrx_word' id='word_1_208' title='bbox 1041 2800 1065 2882; x_wconf 64' lang='lat' dir='ltr'>i.</span> <span class='ocrx_word' id='word_1_209' title='bbox 1102 2831 1137 2883; x_wconf 77' lang='lat' dir='ltr'>no</span> <span class='ocrx_word' id='word_1_210' title='bbox 1155 2829 1241 2883; x_wconf 73' lang='lat' dir='ltr'>uxos.</span> 
     </span>
     <span class='ocr_line' id='line_1_25' title="bbox 106 2914 218 2983; baseline 0.009 -15"><span class='ocrx_word' id='word_1_211' title='bbox 106 2914 161 2983; x_wconf 84' lang='lat' dir='ltr'>xm,</span> <span class='ocrx_word' id='word_1_212' title='bbox 181 2918 218 2969; x_wconf 92' lang='lat'>11.</span> 
     </span>
    </p>
   </div>
   <div class='ocr_carea' id='block_1_4' title="bbox 145 3066 1243 3154">
    <p class='ocr_par' dir='ltr' id='par_1_4' title="bbox 145 3066 1243 3154">
     <span class='ocr_line' id='line_1_26' title="bbox 145 3066 1243 3154; baseline 0.001 -33"><span class='ocrx_word' id='word_1_213' title='bbox 145 3070 224 3122; x_wconf 79' lang='lat' dir='ltr'>3sex</span> <span class='ocrx_word' id='word_1_214' title='bbox 251 3086 300 3122; x_wconf 85' lang='lat' dir='ltr'>om.</span> <span class='ocrx_word' id='word_1_215' title='bbox 330 3069 382 3139; x_wconf 82' lang='lat' dir='ltr'>Cpe</span> <span class='ocrx_word' id='word_1_216' title='bbox 433 3068 661 3154; x_wconf 56' lang='lat' dir='ltr'>¹¹1⁰V⁸JJ2³÷³</span> <span class='ocrx_word' id='word_1_217' title='bbox 679 3069 700 3128; x_wconf 84' lang='lat' dir='ltr'>(i</span> <span class='ocrx_word' id='word_1_218' title='bbox 727 3086 757 3121; x_wconf 78' lang='lat' dir='ltr'>ec</span> <span class='ocrx_word' id='word_1_219' title='bbox 775 3084 790 3121; x_wconf 89' lang='grc'><strong>6</strong></span> <span class='ocrx_word' id='word_1_220' title='bbox 808 3086 875 3122; x_wconf 63' lang='lat' dir='ltr'>cour.</span> <span class='ocrx_word' id='word_1_221' title='bbox 902 3086 935 3121; x_wconf 83' lang='lat' dir='ltr'>m.</span> <span class='ocrx_word' id='word_1_222' title='bbox 963 3068 988 3136; x_wconf 87' lang='lat'>1,</span> <span class='ocrx_word' id='word_1_223' title='bbox 1015 3086 1082 3123; x_wconf 82' lang='lat' dir='ltr'>eras.</span> <span class='ocrx_word' id='word_1_224' title='bbox 1109 3085 1122 3122; x_wconf 89' lang='grc'><strong>6</strong></span> <span class='ocrx_word' id='word_1_225' title='bbox 1149 3066 1189 3135; x_wconf 79' lang='lat' dir='ltr'>in)</span> <span class='ocrx_word' id='word_1_226' title='bbox 1217 3069 1243 3121; x_wconf 91' lang='lat' dir='ltr'><em>R</em></span> 
     </span>
    </p>
   </div>
   <div class='ocr_carea' id='block_1_5' title="bbox 106 3170 1242 3241">
    <p class='ocr_par' dir='ltr' id='par_1_5' title="bbox 106 3170 1242 3241">
     <span class='ocr_line' id='line_1_27' title="bbox 106 3170 1242 3241; baseline 0.002 -17"><span class='ocrx_word' id='word_1_227' title='bbox 106 3174 287 3227; x_wconf 82' lang='lat' dir='ltr'>tmonstmre</span> <span class='ocrx_word' id='word_1_228' title='bbox 320 3172 346 3225; x_wconf 90' lang='lat' dir='ltr'><em>V</em></span> <span class='ocrx_word' id='word_1_229' title='bbox 395 3170 566 3241; x_wconf 84' lang='lat' dir='ltr'>superfluum</span> <span class='ocrx_word' id='word_1_230' title='bbox 598 3170 633 3225; x_wconf 79' lang='lat'>1⁷¹</span> <span class='ocrx_word' id='word_1_231' title='bbox 691 3172 755 3225; x_wconf 71' lang='lat' dir='ltr'>oin</span> <span class='ocrx_word' id='word_1_232' title='bbox 783 3186 849 3225; x_wconf 84' lang='lat' dir='ltr'>eros.</span> <span class='ocrx_word' id='word_1_233' title='bbox 876 3172 902 3225; x_wconf 89' lang='lat' dir='ltr'><em>R</em></span> <span class='ocrx_word' id='word_1_234' title='bbox 954 3171 1057 3225; x_wconf 78' lang='lat' dir='ltr'>mensis</span> <span class='ocrx_word' id='word_1_235' title='bbox 1083 3170 1150 3225; x_wconf 87' lang='lat' dir='ltr'>noui</span> <span class='ocrx_word' id='word_1_236' title='bbox 1176 3172 1242 3226; x_wconf 84' lang='lat' dir='ltr'>reli·</span> 
     </span>
    </p>
   </div>
   <div class='ocr_carea' id='block_1_6' title="bbox 106 3256 1243 3379">
    <p class='ocr_par' dir='ltr' id='par_1_6' title="bbox 106 3256 1243 3379">
     <span class='ocr_line' id='line_1_28' title="bbox 106 3256 1243 3379; baseline 0.004 -18"><span class='ocrx_word' id='word_1_237' title='bbox 106 3308 182 3375; x_wconf 74' lang='lat' dir='ltr'>giont</span> <span class='ocrx_word' id='word_1_238' title='bbox 216 3312 237 3365; x_wconf 86' lang='lat' dir='ltr'><em>V</em></span> <span class='ocrx_word' id='word_1_239' title='bbox 263 3312 369 3365; x_wconf 88' lang='lat' dir='ltr'>mensis</span> <span class='ocrx_word' id='word_1_240' title='bbox 383 3324 418 3355; x_wconf 83' lang='grc' dir='ltr'>Ξ</span> <span class='ocrx_word' id='word_1_241' title='bbox 435 3256 625 3379; x_wconf 47' lang='grc' dir='ltr'>ΞγιιξεΙίςίοηό</span> <span class='ocrx_word' id='word_1_242' title='bbox 655 3311 681 3363; x_wconf 88' lang='lat' dir='ltr'><em>R</em></span> <span class='ocrx_word' id='word_1_243' title='bbox 750 3310 916 3365; x_wconf 85' lang='lat' dir='ltr'>sacramenti</span> <span class='ocrx_word' id='word_1_244' title='bbox 945 3310 971 3363; x_wconf 98' lang='lat' dir='ltr'><em>R</em></span> <span class='ocrx_word' id='word_1_245' title='bbox 1024 3309 1183 3365; x_wconf 85' lang='lat' dir='ltr'>sestiuitetis</span> <span class='ocrx_word' id='word_1_246' title='bbox 1212 3330 1243 3365; x_wconf 78' lang='lat' dir='ltr'>ex</span> 
     </span>
    </p>
   </div>
   <div class='ocr_carea' id='block_1_7' title="bbox 105 3394 1246 3825">
    <p class='ocr_par' dir='ltr' id='par_1_7' title="bbox 105 3394 1246 3825">
     <span class='ocr_line' id='line_1_29' title="bbox 106 3394 1242 3465; baseline 0.004 -18"><span class='ocrx_word' id='word_1_247' title='bbox 106 3394 264 3452; x_wconf 82' lang='lat' dir='ltr'>iestiuitates</span> <span class='ocrx_word' id='word_1_248' title='bbox 294 3416 362 3451; x_wconf 83' lang='lat' dir='ltr'>corr.</span> <span class='ocrx_word' id='word_1_249' title='bbox 392 3416 425 3453; x_wconf 84' lang='lat' dir='ltr'>m.</span> <span class='ocrx_word' id='word_1_250' title='bbox 456 3398 473 3451; x_wconf 91' lang='lat'><strong><em>1</em></strong></span> <span class='ocrx_word' id='word_1_251' title='bbox 500 3398 528 3453; x_wconf 91' lang='lat' dir='ltr'><em>R</em></span> <span class='ocrx_word' id='word_1_252' title='bbox 584 3397 753 3453; x_wconf 78' lang='grc'><strong>6666166166</strong></span> <span class='ocrx_word' id='word_1_253' title='bbox 784 3397 809 3449; x_wconf 91' lang='lat' dir='ltr'><em>R</em></span> <span class='ocrx_word' id='word_1_254' title='bbox 861 3398 958 3465; x_wconf 77' lang='lat' dir='ltr'>lpost</span> <span class='ocrx_word' id='word_1_255' title='bbox 988 3413 1042 3465; x_wconf 93' lang='lat' dir='ltr'>quo</span> <span class='ocrx_word' id='word_1_256' title='bbox 1072 3397 1189 3451; x_wconf 85' lang='lat' dir='ltr'>multam</span> <span class='ocrx_word' id='word_1_257' title='bbox 1216 3398 1242 3451; x_wconf 90' lang='lat' dir='ltr'><em>R</em></span> 
     </span>
     <span class='ocr_line' id='line_1_30' title="bbox 105 3482 1241 3553; baseline 0.003 -19"><span class='ocrx_word' id='word_1_258' title='bbox 105 3482 242 3552; x_wconf 72' lang='lat' dir='ltr'>traquies</span> <span class='ocrx_word' id='word_1_259' title='bbox 266 3483 320 3539; x_wconf 85' lang='lat' dir='ltr'>ecit</span> <span class='ocrx_word' id='word_1_260' title='bbox 338 3483 364 3537; x_wconf 94' lang='lat' dir='ltr'><em>R</em></span> <span class='ocrx_word' id='word_1_261' title='bbox 416 3484 583 3552; x_wconf 80' lang='lat' dir='ltr'>llproselito</span> <span class='ocrx_word' id='word_1_262' title='bbox 605 3486 642 3553; x_wconf 81' lang='lat' dir='ltr'>Cp</span> <span class='ocrx_word' id='word_1_263' title='bbox 660 3482 788 3553; x_wconf 87' lang='lat' dir='ltr'>prosilite</span> <span class='ocrx_word' id='word_1_264' title='bbox 806 3482 833 3535; x_wconf 88' lang='lat' dir='ltr'><em>R</em></span> <span class='ocrx_word' id='word_1_265' title='bbox 886 3486 920 3537; x_wconf 88' lang='grc'>10</span> <span class='ocrx_word' id='word_1_266' title='bbox 936 3482 1046 3537; x_wconf 86' lang='lat' dir='ltr'>hebreis</span> <span class='ocrx_word' id='word_1_267' title='bbox 1062 3484 1110 3537; x_wconf 90' lang='lat' dir='ltr'><em>VR</em></span> <span class='ocrx_word' id='word_1_268' title='bbox 1162 3484 1241 3551; x_wconf 91' lang='lat' dir='ltr'>quin·</span> 
     </span>
     <span class='ocr_line' id='line_1_31' title="bbox 106 3568 1246 3640; baseline -0.002 -15"><span class='ocrx_word' id='word_1_269' title='bbox 106 3572 271 3636; x_wconf 71' lang='lat' dir='ltr'>umgensimi</span> <span class='ocrx_word' id='word_1_270' title='bbox 296 3570 321 3623; x_wconf 93' lang='lat' dir='ltr'><em>V</em></span> <span class='ocrx_word' id='word_1_271' title='bbox 372 3573 404 3626; x_wconf 88' lang='lat' dir='ltr'>ll</span> <span class='ocrx_word' id='word_1_272' title='bbox 424 3570 499 3640; x_wconf 83' lang='lat' dir='ltr'>leges</span> <span class='ocrx_word' id='word_1_273' title='bbox 518 3570 636 3639; x_wconf 70' lang='lat' dir='ltr'>exlegis</span> <span class='ocrx_word' id='word_1_274' title='bbox 654 3589 686 3624; x_wconf 89' lang='lat' dir='ltr'>m.</span> <span class='ocrx_word' id='word_1_275' title='bbox 704 3569 762 3623; x_wconf 84' lang='lat' dir='ltr'><em>IR</em></span> <span class='ocrx_word' id='word_1_276' title='bbox 779 3568 851 3639; x_wconf 75' lang='lat' dir='ltr'>legis</span> <span class='ocrx_word' id='word_1_277' title='bbox 875 3570 923 3622; x_wconf 84' lang='lat' dir='ltr'>VC</span> <span class='ocrx_word' id='word_1_278' title='bbox 974 3570 1006 3623; x_wconf 74' lang='lat'>12</span> <span class='ocrx_word' id='word_1_279' title='bbox 1024 3570 1204 3623; x_wconf 83' lang='lat' dir='ltr'>uicensimam</span> <span class='ocrx_word' id='word_1_280' title='bbox 1220 3570 1246 3623; x_wconf 85' lang='lat' dir='ltr'><em>V</em></span> 
     </span>
     <span class='ocr_line' id='line_1_32' title="bbox 107 3653 1241 3723; baseline 0.004 -16"><span class='ocrx_word' id='word_1_281' title='bbox 107 3654 498 3723; x_wconf 68' lang='lat' dir='ltr'>l3÷zillnmleroaetllR</span> <span class='ocrx_word' id='word_1_282' title='bbox 552 3660 585 3710; x_wconf 82' lang='lat'>14</span> <span class='ocrx_word' id='word_1_283' title='bbox 602 3656 762 3710; x_wconf 72' lang='lat' dir='ltr'>memoriale</span> <span class='ocrx_word' id='word_1_284' title='bbox 780 3673 811 3709; x_wconf 74' lang='lat' dir='ltr'>es</span> <span class='ocrx_word' id='word_1_285' title='bbox 828 3654 982 3709; x_wconf 87' lang='lat' dir='ltr'>nemomale</span> <span class='ocrx_word' id='word_1_286' title='bbox 1000 3672 1033 3708; x_wconf 84' lang='lat' dir='ltr'>m.</span> <span class='ocrx_word' id='word_1_287' title='bbox 1052 3653 1109 3709; x_wconf 70' lang='lat'>27</span> <span class='ocrx_word' id='word_1_288' title='bbox 1161 3659 1195 3711; x_wconf 81' lang='lat' dir='ltr'>lli</span> <span class='ocrx_word' id='word_1_289' title='bbox 1213 3663 1241 3711; x_wconf 86' lang='lat' dir='ltr'>et</span> 
     </span>
     <span class='ocr_line' id='line_1_33' title="bbox 107 3740 1242 3825; baseline 0.004 -32"><span class='ocrx_word' id='word_1_290' title='bbox 107 3747 194 3797; x_wconf 78' lang='lat' dir='ltr'>sancta</span> <span class='ocrx_word' id='word_1_291' title='bbox 217 3750 245 3825; x_wconf 78' lang='lat' dir='ltr'>et</span> <span class='ocrx_word' id='word_1_292' title='bbox 259 3743 350 3813; x_wconf 89' lang='lat' dir='ltr'>prima</span> <span class='ocrx_word' id='word_1_293' title='bbox 362 3760 427 3797; x_wconf 85' lang='lat' dir='ltr'>corr.</span> <span class='ocrx_word' id='word_1_294' title='bbox 440 3760 473 3797; x_wconf 87' lang='lat' dir='ltr'>m.</span> <span class='ocrx_word' id='word_1_295' title='bbox 485 3740 505 3796; x_wconf 79' lang='lat'><em>2</em></span> <span class='ocrx_word' id='word_1_296' title='bbox 519 3744 544 3796; x_wconf 88' lang='lat' dir='ltr'><em>V</em></span> <span class='ocrx_word' id='word_1_297' title='bbox 593 3751 622 3797; x_wconf 88' lang='lat' dir='ltr'>et</span> <span class='ocrx_word' id='word_1_298' title='bbox 640 3748 739 3797; x_wconf 84' lang='lat' dir='ltr'>octana</span> <span class='ocrx_word' id='word_1_299' title='bbox 757 3742 793 3796; x_wconf 88' lang='lat' dir='ltr'>ait</span> <span class='ocrx_word' id='word_1_300' title='bbox 811 3746 858 3795; x_wconf 71' lang='lat' dir='ltr'>sot</span> <span class='ocrx_word' id='word_1_301' title='bbox 876 3740 916 3807; x_wconf 89' lang='grc'>(66</span> <span class='ocrx_word' id='word_1_302' title='bbox 934 3742 962 3794; x_wconf 78' lang='lat' dir='ltr'>in</span> <span class='ocrx_word' id='word_1_303' title='bbox 979 3741 1044 3810; x_wconf 83' lang='lat' dir='ltr'>rus.)</span> <span class='ocrx_word' id='word_1_304' title='bbox 1057 3743 1083 3795; x_wconf 88' lang='lat' dir='ltr'><em>R</em></span> <span class='ocrx_word' id='word_1_305' title='bbox 1137 3746 1170 3798; x_wconf 86' lang='grc'><strong>17</strong></span> <span class='ocrx_word' id='word_1_306' title='bbox 1187 3744 1242 3798; x_wconf 90' lang='lat' dir='ltr'>soit</span> 
     </span>
    </p>
   </div>
   <div class='ocr_carea' id='block_1_8' title="bbox 108 3845 1241 4019">
    <p class='ocr_par' dir='ltr' id='par_1_8' title="bbox 108 3845 1241 4019">
     <span class='ocr_line' id='line_1_34' title="bbox 108 3845 1241 3915; baseline 0.004 -19"><span class='ocrx_word' id='word_1_307' title='bbox 108 3856 163 3898; x_wconf 83' lang='lat' dir='ltr'>unte</span> <span class='ocrx_word' id='word_1_308' title='bbox 179 3846 414 3903; x_wconf 87' lang='lat' dir='ltr'>circumcisionem</span> <span class='ocrx_word' id='word_1_309' title='bbox 443 3864 492 3901; x_wconf 86' lang='lat' dir='ltr'>om.</span> <span class='ocrx_word' id='word_1_310' title='bbox 510 3846 536 3900; x_wconf 98' lang='lat' dir='ltr'><em>R</em></span> <span class='ocrx_word' id='word_1_311' title='bbox 555 3846 609 3901; x_wconf 85' lang='lat' dir='ltr'>scit</span> <span class='ocrx_word' id='word_1_312' title='bbox 626 3866 657 3901; x_wconf 77' lang='lat' dir='ltr'>ex</span> <span class='ocrx_word' id='word_1_313' title='bbox 674 3848 711 3901; x_wconf 87' lang='lat' dir='ltr'>sit</span> <span class='ocrx_word' id='word_1_314' title='bbox 729 3866 761 3902; x_wconf 85' lang='lat' dir='ltr'>m.</span> <span class='ocrx_word' id='word_1_315' title='bbox 781 3845 801 3899; x_wconf 83' lang='lat'><em>2</em></span> <span class='ocrx_word' id='word_1_316' title='bbox 824 3846 847 3900; x_wconf 96' lang='lat' dir='ltr'><em>V</em></span> <span class='ocrx_word' id='word_1_317' title='bbox 901 3848 933 3899; x_wconf 88' lang='lat'>18</span> <span class='ocrx_word' id='word_1_318' title='bbox 951 3851 1057 3915; x_wconf 81' lang='lat' dir='ltr'>gestam</span> <span class='ocrx_word' id='word_1_319' title='bbox 1085 3866 1115 3901; x_wconf 78' lang='lat' dir='ltr'>es</span> <span class='ocrx_word' id='word_1_320' title='bbox 1141 3852 1241 3901; x_wconf 85' lang='lat' dir='ltr'>testam</span> 
     </span>
     <span class='ocr_line' id='line_1_35' title="bbox 108 3928 1241 4019; baseline 0.006 -37"><span class='ocrx_word' id='word_1_321' title='bbox 108 3949 139 3984; x_wconf 86' lang='lat' dir='ltr'>m.</span> <span class='ocrx_word' id='word_1_322' title='bbox 157 3928 214 3986; x_wconf 78' lang='lat' dir='ltr'>2V</span> <span class='ocrx_word' id='word_1_323' title='bbox 261 3936 350 3989; x_wconf 83' lang='lat' dir='ltr'>azima</span> <span class='ocrx_word' id='word_1_324' title='bbox 365 3934 431 4004; x_wconf 79' lang='lat' dir='ltr'><em>RGp</em></span> <span class='ocrx_word' id='word_1_325' title='bbox 485 3936 518 3988; x_wconf 88' lang='grc'><strong>19</strong></span> <span class='ocrx_word' id='word_1_326' title='bbox 536 3934 623 4019; x_wconf 63' lang='lat' dir='ltr'>letare</span> <span class='ocrx_word' id='word_1_327' title='bbox 637 3934 793 4005; x_wconf 83' lang='lat' dir='ltr'>plitnreE</span> <span class='ocrx_word' id='word_1_328' title='bbox 843 3932 878 3985; x_wconf 89' lang='lat' dir='ltr'>de</span> <span class='ocrx_word' id='word_1_329' title='bbox 896 3948 951 4001; x_wconf 91' lang='lat' dir='ltr'>qno</span> <span class='ocrx_word' id='word_1_330' title='bbox 966 3934 1034 4003; x_wconf 67' lang='lat' dir='ltr'>spii</span> <span class='ocrx_word' id='word_1_331' title='bbox 1085 3934 1114 3987; x_wconf 93' lang='lat' dir='ltr'>in</span> <span class='ocrx_word' id='word_1_332' title='bbox 1132 3936 1241 4004; x_wconf 77' lang='lat' dir='ltr'>ognies</span> 
     </span>
    </p>
   </div>
   <div class='ocr_carea' id='block_1_9' title="bbox 108 4035 1244 4241">
    <p class='ocr_par' dir='ltr' id='par_1_9' title="bbox 108 4035 1244 4241">
     <span class='ocr_line' id='line_1_36' title="bbox 108 4035 1241 4108; baseline 0.004 -19"><span class='ocrx_word' id='word_1_333' title='bbox 108 4036 228 4108; x_wconf 79' lang='lat' dir='ltr'>magnip</span> <span class='ocrx_word' id='word_1_334' title='bbox 245 4038 305 4107; x_wconf 74' lang='lat' dir='ltr'>igni</span> <span class='ocrx_word' id='word_1_335' title='bbox 323 4038 348 4092; x_wconf 94' lang='lat' dir='ltr'><em>V</em></span> <span class='ocrx_word' id='word_1_336' title='bbox 398 4040 431 4091; x_wconf 81' lang='lat'>20</span> <span class='ocrx_word' id='word_1_337' title='bbox 451 4036 504 4091; x_wconf 92' lang='lat' dir='ltr'>hoo</span> <span class='ocrx_word' id='word_1_338' title='bbox 521 4045 564 4093; x_wconf 87' lang='lat' dir='ltr'>est</span> <span class='ocrx_word' id='word_1_339' title='bbox 579 4038 646 4107; x_wconf 77' lang='lat' dir='ltr'>CpE</span> <span class='ocrx_word' id='word_1_340' title='bbox 696 4044 787 4093; x_wconf 82' lang='lat' dir='ltr'>terrae</span> <span class='ocrx_word' id='word_1_341' title='bbox 805 4035 1027 4105; x_wconf 83' lang='lat' dir='ltr'>ropromissionis</span> <span class='ocrx_word' id='word_1_342' title='bbox 1046 4038 1071 4091; x_wconf 90' lang='lat' dir='ltr'><em>R</em></span> <span class='ocrx_word' id='word_1_343' title='bbox 1089 4038 1118 4091; x_wconf 94' lang='lat' dir='ltr'>in</span> <span class='ocrx_word' id='word_1_344' title='bbox 1137 4043 1241 4093; x_wconf 87' lang='lat' dir='ltr'>terram</span> 
     </span>
     <span class='ocr_line' id='line_1_37' title="bbox 110 4128 1244 4241; baseline 0.004 -13"><span class='ocrx_word' id='word_1_345' title='bbox 110 4176 358 4241; x_wconf 72' lang='lat' dir='ltr'>repromissionisC</span> <span class='ocrx_word' id='word_1_346' title='bbox 406 4178 440 4231; x_wconf 78' lang='lat'>21</span> <span class='ocrx_word' id='word_1_347' title='bbox 459 4128 524 4231; x_wconf 50' lang='lat' dir='ltr'>lacu³</span> <span class='ocrx_word' id='word_1_348' title='bbox 539 4180 567 4230; x_wconf 89' lang='lat' dir='ltr'>ot</span> <span class='ocrx_word' id='word_1_349' title='bbox 585 4176 668 4231; x_wconf 87' lang='lat' dir='ltr'>melle</span> <span class='ocrx_word' id='word_1_350' title='bbox 681 4177 706 4229; x_wconf 88' lang='lat' dir='ltr'><em>R</em></span> <span class='ocrx_word' id='word_1_351' title='bbox 759 4178 795 4230; x_wconf 74' lang='lat'>22</span> <span class='ocrx_word' id='word_1_352' title='bbox 812 4174 933 4230; x_wconf 87' lang='lat' dir='ltr'>secundo</span> <span class='ocrx_word' id='word_1_353' title='bbox 951 4193 982 4229; x_wconf 78' lang='lat' dir='ltr'>ex</span> <span class='ocrx_word' id='word_1_354' title='bbox 999 4176 1123 4231; x_wconf 67' lang='lat' dir='ltr'>secundo</span> <span class='ocrx_word' id='word_1_355' title='bbox 1141 4176 1244 4232; x_wconf 55' lang='lat' dir='ltr'>mov</span> 
     </span>
    </p>
   </div>
   <div class='ocr_carea' id='block_1_10' title="bbox 111 4259 783 4320">
    <p class='ocr_par' dir='ltr' id='par_1_10' title="bbox 111 4259 783 4320">
     <span class='ocr_line' id='line_1_38' title="bbox 111 4259 783 4320; baseline 0.012 -9"><span class='ocrx_word' id='word_1_356' title='bbox 111 4259 271 4319; x_wconf 87' lang='lat' dir='ltr'>circumcisio</span> <span class='ocrx_word' id='word_1_357' title='bbox 295 4266 320 4319; x_wconf 88' lang='lat' dir='ltr'><em>V</em></span> <span class='ocrx_word' id='word_1_358' title='bbox 321 4264 330 4295; x_wconf 84' lang='lat'>¹</span> <span class='ocrx_word' id='word_1_359' title='bbox 383 4266 418 4320; x_wconf 94' lang='lat' dir='ltr'>ob</span> <span class='ocrx_word' id='word_1_360' title='bbox 436 4264 488 4319; x_wconf 92' lang='lat' dir='ltr'>hoc</span> <span class='ocrx_word' id='word_1_361' title='bbox 506 4265 533 4318; x_wconf 92' lang='lat' dir='ltr'><em>R</em></span> <span class='ocrx_word' id='word_1_362' title='bbox 586 4264 731 4320; x_wconf 86' lang='lat' dir='ltr'>intellectu</span> <span class='ocrx_word' id='word_1_363' title='bbox 750 4265 783 4319; x_wconf 88' lang='lat' dir='ltr'><em>R.</em></span> 
     </span>
    </p>
   </div>
   <div class='ocr_carea' id='block_1_11' title="bbox 1033 4370 1083 4422">
    <p class='ocr_par' dir='ltr' id='par_1_11' title="bbox 1033 4370 1083 4422">
     <span class='ocr_line' id='line_1_39' title="bbox 1033 4370 1083 4422; baseline 0 -20"><span class='ocrx_word' id='word_1_364' title='bbox 1033 4370 1083 4422; x_wconf 65' lang='lat'>26*</span> 
     </span>
    </p>
   </div>
   <div class='ocr_carea' id='block_1_12' title="bbox 0 0 1545 4967">
    <p class='ocr_par' dir='ltr' id='par_1_12' title="bbox 0 0 1545 4967">
     <span class='ocr_line' id='line_1_40' title="bbox 0 0 1545 4967; baseline 0 0"><span class='ocrx_word' id='word_1_365' title='bbox 0 0 1545 4967; x_wconf 95' lang='lat' dir='ltr'> </span> 
     </span>
    </p>
   </div>
  </div>
 </body>
</html>
