3075 4967
408 323 587 371 tractatos
606 318 641 371 in
665 320 838 388 psalmum
862 318 896 372 11.
1184 315 1225 379 49

108 516 185 592 atque
204 511 243 573 ita
266 518 296 575 et
316 528 372 590 per
393 510 544 573 rationem
567 510 647 591 aequi
670 514 762 591 atque
785 508 857 572 insti
879 508 919 571 ad
942 507 1088 572 meritum
1105 506 1225 586 praemii

108 614 240 691 permissa
261 613 383 679 libertas
406 618 454 678 est
475 620 507 677 et
529 631 585 693 per
608 611 776 677 bonitatem
807 612 858 677 dei
886 612 934 676 ins
965 609 1115 676 libertatis
1138 616 1224 675 metu

107 718 306 781 constitutionis
328 724 460 781 artatum
484 722 538 787 est,
563 722 596 780 nt
625 718 704 781 bene
733 715 814 781 nelle
845 716 946 780 meriti
981 735 1054 796 spes
1077 720 1223 791 moneret

107 820 206 885 nulum
227 820 301 887 nolle
323 822 487 903 propositae
510 820 632 885 ultionis
656 840 747 901 poenu
770 821 923 885 suaderet.

143 924 392 1009 tuloqueris,
416 924 528 1008 quibus
551 944 588 989 ex
609 923 774 989 uoluntatis
804 924 947 988 libertate
976 922 1094 988 malitia
1121 922 1224 1007 magis
1264 950 1277 986 a

107 1027 210 1107 placuit,
230 1028 299 1095 ultio
321 1030 486 1094 constituta
508 1029 554 1092 ira
576 1048 646 1093 esse
669 1030 720 1094 dei
743 1030 886 1104 creditur,
908 1048 970 1091 non
993 1028 1065 1111 quia
1083 1027 1224 1092 indemu-

106 1131 190 1197 labilis
210 1133 257 1197 illa
280 1134 330 1199 dei
353 1142 384 1199 et
407 1134 511 1217 quieta
533 1138 640 1197 natura
662 1140 747 1197 motu
769 1134 904 1214 impetus
919 1132 1032 1196 turbidi
1047 1130 1221 1207 incalescat,

106 1238 151 1300 sed
170 1239 243 1320 quod
264 1238 322 1315 itte,
346 1238 400 1321 qui
422 1256 478 1319 per
500 1238 749 1303 constitutionem
778 1257 879 1319 poenae
910 1242 1033 1302 maneat
1060 1238 1093 1300 in
1122 1255 1222 1316 poena,

106 1342 198 1405 scobat
218 1341 273 1406 sibi
295 1348 453 1407 auctorem
483 1340 572 1407 huius
604 1342 828 1407 constitutionis
850 1342 973 1406 iratum.
1018 1360 1110 1422 praua
1139 1340 1223 1405 enim

105 1445 226 1523 patientis
246 1447 292 1511 ira
313 1466 383 1511 esse
407 1447 542 1511 creditur
564 1445 769 1511 decernentis.
815 1452 908 1530 atque
923 1447 965 1510 ito
980 1446 1122 1510 irascitur
1137 1444 1223 1521 deus,
1253 1470 1277 1505 to

106 1567 163 1612 cum
182 1570 233 1631 per
252 1570 352 1631 poenae
376 1549 513 1616 dolorem
536 1550 614 1615 iram
636 1550 753 1616 decreti
776 1551 809 1615 in
831 1570 865 1616 se
885 1551 1020 1617 sentiant
1034 1569 1103 1615 esse
1118 1548 1226 1630 puniti,

106 1672 160 1733 qua
189 1674 245 1719 uon
276 1674 333 1736 per
362 1655 605 1719 demutationem
635 1662 751 1719 naturae
781 1654 811 1719 in
843 1655 922 1719 iram
952 1675 990 1719 ex
1020 1653 1226 1734 placabilitate

106 1768 252 1835 commotae,
275 1760 331 1824 sed
353 1778 391 1823 ex
413 1758 628 1824 constitutione
650 1777 749 1840 poenae
780 1759 826 1823 ira
856 1760 896 1823 sit
924 1758 1099 1840 puniendis.
1144 1757 1225 1822 hanc

105 1866 190 1926 autem
210 1882 308 1943 poenae
330 1864 579 1927 constitutionem
602 1864 681 1927 iram
704 1863 874 1945 nuncupari
896 1870 988 1947 atque
1011 1882 1088 1933 esse,
1111 1860 1223 1926 Iohan-

105 1983 147 2029 ucs
166 1966 194 2029 in
215 1966 376 2051 euangelio
398 1967 538 2043 ostendit,
562 1968 685 2032 dicens:
716 1968 829 2031 natio
859 1967 1101 2049 uiperarom
1133 1966 1225 2049 quis
1254 1988 1278 2027 n

105 2072 326 2135 monstrauit
361 2072 475 2137 uobis
509 2070 654 2155 fugere
687 2090 706 2134 a
735 2072 875 2136 futura
910 2068 994 2136 ira?
1040 2090 1110 2135 cum
1140 2070 1224 2135 enim

105 2172 222 2238 debitum
253 2173 314 2239 illis
346 2181 429 2240 esset
461 2176 500 2240 ob
533 2175 725 2256 impietatem
758 2195 847 2240 suam
876 2194 975 2256 pense
1006 2174 1220 2240 constitutione

105 2276 194 2356 puniri¹
215 2278 292 2343 iram
314 2286 417 2343 tamen
442 2278 522 2343 huno
543 2278 678 2345 futuram
699 2278 885 2361 paenitcnttae
908 2279 1102 2344 consessione
1124 2278 1223 2361 fugie-

103 2380 171 2446 bant
211 2382 367 2467 apostolns
391 2402 513 2467 quoque
534 2384 588 2448 irae
611 2383 702 2448 huius
725 2384 768 2449 ita
797 2384 945 2460 meminit,
977 2384 1099 2448 dicens:
1129 2383 1224 2465 quia

104 2485 137 2561 si,
163 2506 239 2551 cum
272 2487 404 2553 adhuc
438 2498 680 2568 peccatores
716 2508 906 2563 essemus,
930 2486 1120 2552 Christus
1153 2507 1222 2567 pro
1252 2508 1277 2544 uc

103 2589 403 2656 nobismortuus
439 2602 508 2673 est,
543 2592 667 2657 multo
700 2592 832 2677 magis
866 2591 1091 2657 iustificati
1122 2610 1226 2655 nunc

104 2712 159 2770 per
177 2698 415 2779 sanguinem
446 2696 531 2760 eius
564 2696 834 2761 liberabimur
856 2717 927 2777 par
949 2695 1062 2760 illum
1086 2696 1131 2760 ab
1155 2674 1223 2772 ira,

103 2796 165 2861 iram
184 2799 325 2865 uidelicet
346 2818 472 2880 prauam
495 2802 647 2866 manentis
671 2800 897 2865 constitutionis
920 2800 1095 2865 ostendens.

139 2902 180 2967 18.
203 2903 270 2969 Non
294 2904 400 2987 itaque
423 2906 463 2969 ad
485 2904 726 2969 demutationem
749 2905 826 2969 deus
848 2904 971 2970 mobilis
997 2919 1044 2969 est
1066 2923 1167 2987 neque
1182 2903 1224 2967 ad

103 3002 168 3069 aliud
190 3028 225 3073 ex
246 3007 307 3073 alio
331 3008 581 3073 transferendus:
613 3028 683 3075 cum
705 3015 796 3074 oertae
818 3008 886 3090 ipse
916 3008 1148 3091 constantisque
1170 3026 1225 3071 na·
1254 3026 1278 3065 aa

104 3121 164 3173 tura
184 3121 235 3189 est
257 3120 364 3177 manet
385 3118 418 3177 nt
447 3120 501 3191 est
534 3113 649 3196 qnippe
683 3114 736 3197 qui
768 3113 895 3177 dixerit:
931 3132 1000 3196 ego
1035 3132 1119 3176 sum
1153 3110 1218 3194 qui

140 3216 342 3283 tenattem,
361 3220 392 3284 r;
409 3218 476 3271 nuc.
495 3218 543 3283 1113
561 3220 586 3273 τ.
624 3221 657 3273 rs
674 3218 753 3273 nom.
772 3217 805 3285 v,
825 3221 866 3273 10.
902 3220 937 3271 aa
954 3216 1041 3270 uxos.
1060 3216 1108 3283 111,
1129 3217 1170 3269 14.

140 3354 151 3404 1
175 3359 251 3423 atque
272 3374 302 3410 eu
328 3356 418 3424 adque
446 3356 471 3409 R
501 3356 590 3424 adque
616 3354 641 3410 V
690 3356 769 3411 ttius
787 3357 813 3411 V
836 3357 879 3410 uis
901 3354 972 3423 Βίῗ)
986 3356 1014 3407 Ε
1063 3354 1172 3408 libertis
1191 3353 1225 3407 V¹

105 3438 261 3495 taz—:tau
278 3442 359 3507 (erac
388 3458 410 3495 c.
444 3442 509 3507 ?)R
526 3444 654 3496 artataE
704 3444 842 3498 meriti÷
858 3442 939 3507 (crac.
956 3460 969 3497 s
984 3442 1048 3507 ?)R
1070 3440 1229 3495 merentiV

106 3526 299 3596 lpraepositae
330 3529 365 3583 V¹
418 3546 522 3598 poenae
555 3530 580 3583 V
646 3534 663 3584 9
690 3531 793 3584 sentiat
817 3549 846 3584 ar
881 3530 983 3584 sedtiat
1006 3529 1032 3583 V
1046 3529 1080 3595 cf.
1095 3528 1185 3597 praef.
1204 3541 1228 3583 et

107 3610 170 3665 deud-
191 3633 215 3682 p.
239 3616 278 3669 22
333 3619 366 3671 10
401 3616 575 3671 decernentis
602 3634 632 3669 ea
666 3617 827 3671 decernitur
849 3617 875 3671 V
934 3622 989 3685 atq.
1019 3615 1045 3669 V
1076 3614 1166 3682 adque
1203 3612 1228 3662 R

107 3698 131 3747 ll
152 3680 199 3767 qu⁸e
224 3720 254 3755 m.
283 3702 302 3755 2
334 3702 360 3757 V
427 3719 477 3772 per
500 3704 706 3757 denotationem
740 3704 765 3757 V
825 3706 858 3757 13
882 3707 1022 3757 commota
1047 3705 1097 3768 est,
1125 3700 1173 3753 aed
1201 3702 1230 3752 Ε

107 3784 131 3833 ll
144 3788 223 3856 adque
245 3790 293 3843 VR
348 3790 381 3843 15
398 3789 427 3842 in
445 3790 653 3859 euuangelioR
706 3792 739 3845 16
757 3790 925 3844 monstrabit
940 3809 970 3842 ecc
1004 3788 1172 3841 monstrauit
1203 3788 1229 3839 R

107 3871 131 3919 ll
147 3868 210 3926 soa¹¹²
234 3894 299 3930 corr.
326 3894 359 3929 m.
387 3875 407 3928 2
438 3876 464 3931 V
522 3877 556 3931 18
582 3877 788 3946 poenitaentiae
815 3896 845 3930 ex
888 3876 1069 3946 poenaentiae
1096 3894 1128 3927 m.
1158 3874 1173 3926 1
1201 3875 1227 3927 R

108 3957 132 4008 19
142 3956 213 4015 buius
227 3981 256 4015 aa
278 3963 337 4016 eins
356 3982 388 4015 m.
410 3966 425 4015 1
444 3965 469 4017 R
520 3966 555 4017 22
573 3964 753 4019 liberabimur
772 3965 972 4019 deliberamus·
990 3962 1092 4016 mcv
1133 3949 1168 4016 ab
1186 3961 1228 4014 ira

107 4044 223 4107 peribam
233 4048 268 4101 lic
317 4050 350 4102 23
365 4034 436 4103 iram
444 4051 577 4105 uidelicet
586 4034 702 4120 posnam
717 4051 743 4104 V
786 4051 993 4105 constitutionis
1003 4054 1045 4104 eat
1059 4050 1086 4103 V
1127 4050 1226 4101 24non

107 4127 338 4221 ltaque—mobilis
354 4140 397 4190 est
406 4137 500 4191 oct-V
549 4138 583 4191 at
599 4142 627 4191 et
642 4154 677 4192 ex
692 4138 746 4191 alio
761 4139 811 4192 VR
862 4139 986 4193 incertae
1006 4138 1065 4206 ipsa
1081 4134 1166 4204 (ipsae
1187 4136 1228 4214 V)

110 4222 318 4289 inconstantiaque
332 4228 448 4277 naturae
464 4228 506 4277 est
530 4229 624 4279 manat
644 4224 692 4279 VR
710 4225 855 4293 certeipae
870 4225 1035 4292 costantiaq3
1050 4230 1166 4277 naturae
1185 4230 1227 4275 est

111 4310 185 4357 naret
199 4326 217 4356 α
249 4324 311 4361 cum
331 4314 423 4363 certae
441 4310 501 4378 ipse
519 4311 726 4379 constantisque
745 4317 861 4366 naturae
879 4312 917 4365 sit
934 4318 1099 4379 maneatque
1117 4328 1130 4359 c

154 4421 215 4465 xxn.
228 4426 295 4469 Hssar.
309 4429 365 4469 Prot
381 4440 432 4478 pars
446 4430 466 4469 I.
1055 4419 1073 4467 4
