3075 4967
284 300 346 366 502
628 302 748 356 saneti
766 301 902 355 Hilarii
921 300 1081 370 episcopi

284 492 431 576 consequi
456 512 563 573 possa:
597 491 710 558 caelesti
745 511 822 574 opus
856 498 904 558 est
937 493 1094 577 magistro,
1129 498 1161 558 et
1190 491 1331 575 plurimis
1351 493 1416 560 fidei

285 603 397 662 nostra
420 596 539 662 meritis
562 596 773 662 neeessariam
796 602 850 668 est.
873 603 908 662 ut
931 597 1035 663 doceri
1057 597 1117 662 ista
1139 617 1323 664 mereamur.

330 753 379 818 12.
405 752 491 818 Soire
513 761 617 819 autem
640 773 696 818 nos
726 753 870 818 oonuenit
898 753 931 818 in
961 753 1106 819 omnibus
1141 753 1301 835 prophetae
1324 754 1418 820 uerbis

286 857 363 923 nihil
385 855 502 923 humile
526 875 604 935 esse,
638 855 716 922 nihil
747 877 912 923 commune
941 877 1011 923 eum
1034 859 1154 936 ueteris,
1191 859 1248 923 sed
1270 858 1419 941 proprium

247 989 259 1025 a
286 961 336 1026 uel
369 961 428 1042 ipsi
462 961 522 1027 sibi
555 960 604 1026 uel
638 962 684 1026 sui
719 960 873 1026 similibus
914 961 1084 1040 enuntiari;
1122 961 1197 1027 latet
1229 969 1333 1027 autem
1369 962 1419 1027 sub

285 1064 491 1130 familiaribus
524 1065 628 1131 uerbis
662 1065 799 1130 murima
831 1066 1026 1131 eonscientiae
1057 1072 1088 1130 et
1117 1064 1192 1130 fidei
1214 1066 1372 1146 professio,
1392 1079 1421 1130 ut

237 1189 240 1194 ·
286 1169 488 1247 nunninae,
522 1169 607 1252 quod
638 1169 786 1253 sequitur,
808 1167 1028 1255 intellegimus.
1073 1169 1116 1234 ait
1149 1171 1251 1235 enim:
1285 1189 1420 1236 seruus
1524 1162 1529 1175 '

287 1282 376 1339 tuus
399 1293 484 1338 sum
507 1293 596 1358 ego:
621 1273 668 1338 da
689 1273 787 1338 mihi
810 1273 1080 1354 intellectum,
1108 1282 1145 1339 et
1167 1274 1294 1339 seiam
1316 1272 1420 1339 testi-

286 1379 418 1444 monia
441 1382 517 1442 tue.
563 1397 654 1444 nemo
676 1384 816 1443 nostrum
839 1385 895 1455 est,
920 1378 973 1461 qui
995 1398 1056 1442 non
1079 1377 1130 1444 uel
1153 1379 1185 1442 in
1205 1379 1349 1443 orationis
1364 1369 1444 1443 suae'

236 1507 261 1544 ιο
287 1503 377 1564 preoe
399 1483 451 1548 uel
481 1481 511 1546 iu
535 1483 745 1548 communium
776 1502 954 1547 sermonum
986 1482 1207 1548 consuetudine
1240 1502 1365 1547 seruum
1391 1501 1420 1544 se

258 1641 262 1650 .
289 1588 338 1652 dei
365 1607 434 1653 esse
463 1588 604 1652 fateatur.
651 1587 779 1671 etquid
802 1606 955 1670 magnum
977 1585 1127 1670 prophete
1150 1585 1224 1651 lecit
1247 1606 1369 1651 seruum
1390 1604 1419 1648 se

288 1691 469 1772 profitendo,
514 1691 598 1774 quod
630 1690 733 1756 nullus
767 1710 861 1756 ausus
894 1691 935 1755 sit
967 1688 1149 1774 denegare?
1194 1690 1250 1756 sed
1283 1689 1420 1770 professio

289 1801 462 1861 oeterorum
483 1794 577 1860 fallax
600 1802 653 1872 est,
670 1815 746 1879 quae,
769 1815 840 1860 oum
863 1793 977 1860 habeat
995 1794 1189 1860 eonscientiae
1204 1794 1421 1868 necessitatem,

290 1920 351 1964 non
385 1899 481 1965 hebet
514 1906 616 1966 tamen
649 1899 852 1964 confessionis
881 1898 1052 1964 ueritatem.
1097 1899 1258 1979 proprium
1282 1897 1340 1962 hoo
1361 1916 1423 1980 pro

238 2027 263 2062 1⁵
291 2003 391 2084 phetae
415 2009 469 2082 est,
503 2010 538 2069 ut
560 2023 594 2069 se
616 2023 740 2070 seruum
764 2003 815 2069 dei
838 2002 1018 2084 profiteatur
1048 2002 1187 2067 inomni
1217 2002 1288 2067 uitae
1318 2018 1423 2086 genere

290 2106 441 2174 famulatu
464 2107 650 2174 condicionis
674 2128 737 2173 sure
758 2107 902 2192 fungens,
925 2108 990 2173 siue
1006 2105 1177 2185 ambulans,
1201 2106 1268 2172 siue
1282 2104 1422 2174 residens.

290 2213 355 2278 siue
377 2211 520 2297 uigilans,
544 2212 610 2277 siue
634 2210 800 2289 dormiens,
834 2211 866 2275 in
897 2212 965 2277 cibo
996 2212 1092 2275 etiam
1121 2215 1215 2293 atque
1245 2210 1277 2273 iu
1310 2207 1424 2273 ieiuniis

291 2317 348 2382 deo
378 2323 431 2381 aut
460 2317 576 2382 esuriet
605 2323 657 2380 aut
686 2321 773 2380 satur
795 2317 836 2381 sit
858 2325 889 2381 et
909 2313 993 2380 nullo
1015 2316 1046 2380 in
1070 2321 1252 2394 temporeo
1275 2311 1424 2379 seruitutis

293 2441 356 2486 suae
379 2420 489 2486 officiis
512 2419 648 2486 absistat.
693 2418 744 2484 hie
774 2418 873 2484 libere
907 2420 1005 2485 dicet:
1039 2437 1183 2484 seruus
1215 2423 1307 2482 tuus
1341 2435 1423 2482 snm.

243 2551 267 2588 ao
294 2534 326 2589 at
347 2545 419 2591 uero
443 2525 497 2609 qui
520 2525 635 2606 stupris
658 2524 780 2597 dormit,
803 2523 970 2588 latrociniis
993 2522 1112 2607 uigilet,
1143 2522 1313 2605 quaestihus
1347 2538 1424 2601 pere

287 2613 441 2713 'grinatur
464 2628 546 2694 lusui
569 2627 744 2712 requiescit,
768 2627 793 2692 si
818 2628 916 2692 dieat:
944 2645 1090 2692 seruus
1113 2635 1204 2690 tuus
1227 2645 1321 2704 sum,
1344 2622 1424 2706 profi-

293 2739 375 2797 tetur
398 2732 534 2816 quidem,
558 2732 639 2816 quod
662 2738 716 2810 est,
739 2732 803 2807 sed,
826 2732 908 2815 quod
932 2737 987 2808 est,
1012 2750 1071 2795 non
1095 2730 1170 2814 agit.

338 2889 387 2952 13.
412 2886 568 2968 Propheta
590 2894 702 2964 autem,
725 2887 871 2970 quamuis
894 2886 1109 2952 condicionem
1140 2886 1236 2952 oflicii
1269 2886 1316 2951 sni
1340 2884 1425 2950 etiam

293 2993 360 3074 ipso
383 2991 533 3058 famulatu
564 3011 617 3056 suo
648 2991 837 3068 confiteatur,
867 2997 973 3055 tamen
1002 2990 1193 3056 infirmitatis
1223 3010 1288 3055 sure
1317 3004 1426 3054 memor

242 3121 268 3158 ar
295 3103 358 3176 est;
393 3097 458 3161 deri
491 3097 574 3162 enim
608 3096 666 3161 sibi
699 3095 892 3160 intellectum
921 3101 1021 3180 rogat.
1074 3100 1121 3159 est
1150 3095 1234 3159 euim
1263 3092 1426 3158 intelleotns

294 3202 326 3266 in
357 3201 491 3284 quodam
527 3199 691 3266 thensauro
725 3200 879 3280 repositus
914 3198 1095 3280 spiritalium
1129 3198 1307 3283 gratiarum,
1340 3211 1425 3279 quem

341 3432 514 3568 lplurgsmi.
535 3503 601 3538 corr.
629 3503 662 3538 m.
688 3483 708 3536 2
737 3483 762 3536 V
811 3439 977 3563 fimereassur
1002 3500 1070 3536 corr.
1096 3500 1130 3535 m.
1153 3480 1174 3534 2
1197 3481 1223 3535 V
1272 3479 1348 3536 buel
1372 3477 1427 3544 ipse

297 3591 382 3644 nelV
431 3590 529 3644 suisti
579 3587 826 3644 boonsoientiat'
875 3587 1105 3654 Vintellegemus
1120 3584 1178 3639 VC¹
1195 3575 1429 3652 intellegamus&

297 3681 364 3733 But
381 3677 466 3731 roiam
486 3676 568 3747 C¹pE
618 3675 699 3729 9uel
717 3674 885 3743 ignorationi
903 3689 968 3727 suae
986 3674 1011 3726 V
1061 3675 1095 3727 10
1111 3688 1212 3742 praeeo
1230 3671 1278 3726 VR
1328 3671 1430 3722 uren

297 3817 398 3899 hebeat
415 3814 597 3870 comm-VV
649 3815 680 3867 15
699 3830 728 3868 se
746 3831 795 3867 om.
811 3813 836 3867 V
887 3816 919 3868 16
938 3812 1088 3881 confligens
1105 3769 1278 3881 Vsugigsc
1325 3809 1355 3861 17
1371 3805 1431 3858 siue

298 3921 417 3992 uigilans
445 3939 493 3975 om
528 3921 552 3976 V
577 3918 634 3982 (ubi
659 3937 732 3972 aerea
759 3918 818 3972 siue
847 3918 990 3972 ambulans
1017 3916 1075 3970 siue
1102 3915 1227 3970 residens
1253 3933 1270 3967 a
1296 3932 1327 3966 m.
1351 3909 1368 3962 1
1394 3909 1432 3960 hit

298 4012 410 4079 scriptae
436 4008 508 4075 sunt)
563 4012 644 4076 atque
673 4005 777 4074 (adque
801 4004 835 4070 V)
863 4004 973 4059 ieiuniis
996 4003 1037 4074 Vp
1091 4003 1125 4058 18
1142 4002 1250 4056 esuriam
1274 4005 1320 4053 ant
1340 4014 1386 4048 om.
1410 3993 1435 4047 V

300 4101 376 4150 satur
403 4115 432 4149 ex
460 4098 534 4149 sator
560 4113 592 4146 m.
619 4093 681 4146 ΖΒ
734 4095 767 4147 19
785 4091 870 4145 officii
893 4092 917 4146 V
967 4108 1028 4144 sum
1046 4106 1097 4159 ego
1115 4089 1145 4141 E
1195 4089 1231 4142 20
1249 4086 1283 4140 sd
1299 4100 1360 4139 uero
1382 4081 1433 4134 VR

300 4185 332 4237 21
352 4200 432 4269 supm
455 4183 480 4236 V
529 4185 563 4236 23
582 4181 624 4236 sui
643 4198 691 4234 om.
715 4179 741 4232 V
791 4179 874 4232 etiam
899 4197 929 4231 eo:
952 4179 1045 4232 etiarn
1072 4195 1105 4229 m.
1125 4177 1141 4228 1
1160 4175 1188 4228 R
1239 4177 1273 4228 26
1290 4173 1432 4226 thensauro

308 4288 332 4340 V
331 4288 354 4340 0
369 4286 498 4340 thesauro
517 4285 589 4356 RpE
640 4284 664 4339 u
682 4299 765 4353 quem
779 4302 808 4353 p.
