3075 4967
422 325 604 375 tractatus
623 322 657 375 in
680 322 854 391 psalmum
873 322 990 377 cxhvr.
1217 324 1278 391 851

133 612 262 678 seimus.
307 622 338 680 et
360 613 428 680 haee
451 615 572 699 eloquis
594 616 699 682 diuina
722 623 879 700 tamquam
910 617 1041 684 imbrem
1071 618 1280 705 intellegenda

133 736 204 782 esse
228 716 355 803 Moyses
379 725 508 785 testatus
532 720 719 786 estdieenr:
745 727 988 801 expectetur
1010 724 1118 789 sieut
1141 722 1280 805 pluuia

134 820 343 905 eloquium
381 844 504 890 meum
542 832 580 890 et
617 824 871 891 descendant
908 828 1016 892 siout
1052 848 1117 893 ros
1155 829 1280 895 uerba

133 944 227 1003 mea,
259 933 299 991 ut
327 928 469 1009 pluuia
502 948 824 1013 supergramen.
871 929 1279 1016 haeeergoterraepluuia
1319 961 1331 997 s

132 1038 330 1112 praeparatur,
347 1040 416 1112 post
431 1052 523 1116 quam
542 1032 655 1123 laenum
672 1034 704 1098 in
720 1034 878 1099 montibus
894 1036 1073 1115 producitur
1088 1042 1119 1101 et
1134 1038 1279 1103 iumentis

132 1134 164 1197 iu
188 1153 294 1200 eseam
316 1137 472 1217 propriam
493 1138 654 1217 praebetur.
702 1137 811 1221 opinor
826 1138 1022 1206 seeundiores
1039 1160 1108 1206 esse
1125 1142 1278 1208 montibus

131 1237 238 1316 ualles,
262 1258 330 1323 quse
346 1241 614 1307 eireumieetorum
630 1241 752 1308 oollium
769 1262 906 1309 ooneano
923 1242 1033 1309 deoliui
1048 1245 1080 1308 in
1097 1264 1131 1310 se
1147 1244 1278 1312 humore

131 1342 351 1424 pinguescant3
386 1354 416 1411 et
450 1346 525 1428 quid
558 1346 686 1411 rationis
721 1356 776 1424 est,
810 1354 843 1412 ut
873 1351 913 1414 ad
944 1368 1049 1413 eseam
1072 1350 1276 1415 iumentomm

131 1447 258 1527 produei
294 1448 375 1513 laene
407 1448 571 1515 laudentur
603 1450 633 1514 in
668 1439 850 1516 montibus?
895 1458 926 1518 et
948 1472 1139 1535 quamquam
1172 1453 1277 1534 plures
1304 1477 1330 1515 ιο

130 1558 253 1616 montes
291 1551 431 1617 ieeuudis
462 1554 629 1619 uerticibus
660 1563 753 1639 etque
776 1553 917 1621 herbidis
941 1564 1020 1633 sunt,
1044 1565 1149 1622 tamen
1171 1577 1276 1623 rerum

128 1654 333 1736 eorporelium
346 1658 524 1723 nominibus
540 1657 686 1739 spiritalis
698 1660 839 1725 doctrina
850 1668 993 1724 conserta
1004 1667 1059 1726 est.
1105 1662 1278 1742 producunt

127 1778 204 1843 ergo
228 1769 348 1826 montes
371 1762 518 1827 iumentis
542 1764 573 1827 in
594 1782 696 1828 eseam
721 1783 810 1828 suam
834 1763 966 1843 ianum3
989 1765 1044 1830 sed
1070 1773 1200 1843 montes,
1224 1767 1275 1850 qui

128 1862 420 1931 exultaueruut
446 1868 553 1931 sieut
579 1868 743 1945 arietes,
767 1868 797 1931 in
823 1887 901 1952 quos
924 1868 1103 1953 frequenter
1125 1870 1276 1953 prophete

128 1967 234 2032 oeulos
257 1971 355 2035 erexit
378 1970 500 2036 dicens:
524 1970 663 2037 leuaui
686 1971 827 2037 oeulos
850 1992 958 2037 meos
981 1972 1019 2037 in
1044 1981 1210 2040 montes.
1240 1974 1273 2039 hi
1301 1993 1327 2033 rs

127 2091 204 2157 ergo
221 2080 352 2155 montes,
376 2074 621 2155 patriarcharum
638 2075 859 2157 prophetarum
877 2076 1085 2159 apostolorum
1102 2084 1275 2163 martyrum

127 2176 313 2253 altitudime,
336 2178 417 2244 sesua
432 2181 596 2263 pecoribus
621 2180 803 2265 producunt.
849 2188 880 2247 et
902 2182 1015 2265 quihus
1038 2184 1164 2249 tandem
1188 2203 1276 2267 peeo-

126 2283 238 2348 ribus?
284 2281 409 2348 Esaiam
436 2284 614 2351 audiamus:
649 2286 830 2371 agnouit,
866 2286 974 2370 inquit,
1011 2286 1082 2352 bos
1117 2307 1275 2368 posses·

126 2406 261 2477 aorem
302 2407 413 2453 suum
456 2394 495 2454 et
531 2390 673 2455 asinus
712 2392 965 2470 praesaepium
1003 2391 1155 2455 domini
1198 2391 1275 2469 sui3
1333 2463 1335 2466 ,

127 2490 291 2556 Israhel
321 2513 416 2558 uero
451 2512 507 2559 me
542 2514 616 2559 uon
651 2495 856 2578 cognouit.
892 2504 933 2559 et
956 2495 1028 2577 quia
1062 2515 1118 2576 per
1151 2494 1273 2561 hebetis
1302 2518 1327 2557 so

127 2600 245 2660 naturae
283 2596 496 2681 inreligiosum
534 2598 759 2682 ignorationem
798 2618 910 2679 peoora
946 2606 1019 2663 sunt
1057 2599 1147 2677 diota,
1187 2599 1275 2665 uibus

125 2718 250 2783 quoque
284 2720 389 2766 eornm
423 2701 614 2785 significatus
645 2703 676 2767 in
706 2702 793 2767 laeno.
841 2702 899 2769 hoe
928 2722 1003 2783 ergo
1033 2703 1147 2769 iaenum
1171 2710 1203 2769 et
1225 2703 1274 2769 his

125 2804 273 2869 iumentis
298 2805 452 2885 praehetur
474 2807 505 2869 in
529 2807 693 2871 montibus.

172 2906 221 2972 10.
251 2908 288 2972 ln
322 2908 461 2989 pluribus
499 2916 601 2976 autem
641 2910 800 2976 oodioibus
837 2912 988 2977 insertum
1025 2911 1109 2978 hune
1146 2932 1273 2978 uersum

126 3011 407 3092 deprehendimus:
442 3020 481 3077 et
514 3014 680 3079 herbam
714 3015 911 3082 seruituti
937 3014 1148 3094 hominum,
1171 3023 1271 3086 ntea,
1299 3035 1325 3075 aa

126 3135 196 3201 quae
213 3122 353 3198 superius
369 3118 451 3183 dieta
467 3125 546 3197 suut,
570 3118 608 3183 de
625 3118 751 3185 homine
766 3121 849 3185 diota
862 3139 932 3185 esse
943 3140 1000 3201 per
1012 3120 1271 3201 nuncupationem

126 3221 227 3303 ipsius
250 3221 386 3286 hominis
410 3222 672 3307 intellegerentur.
718 3224 774 3288 sed
791 3243 847 3289 nos
863 3244 924 3288 non
939 3244 1068 3308 egemus
1087 3224 1146 3289 hoo
1170 3244 1272 3290 sensu,

126 3344 198 3388 nam
223 3323 293 3391 lieet
315 3346 375 3391 uon
399 3326 536 3411 inpediat
558 3328 704 3405 adiectae,
728 3348 790 3392 non
805 3335 909 3393 tamen
926 3348 1005 3405 eum,
1029 3336 1188 3411 umquam
1209 3348 1270 3393 non

170 3520 186 3571 a
206 3517 287 3571 neus.
306 3518 418 3585 xxxn,
437 3520 461 3571 a.
499 3522 530 3573 14
549 3517 593 3571 rs.
613 3520 708 3587 oxrn,
726 3521 751 3573 4.
790 3520 822 3573 re
840 3518 882 3573 rs.
903 3519 983 3587 oxu
1004 3524 1026 3573 r.
1064 3523 1097 3574 1e
1116 3520 1188 3573 near,
1207 3521 1229 3586 1,
1247 3523 1272 3577 a.

171 3692 241 3744 lad
258 3691 401 3758 eligendos
418 3692 443 3744 R
496 3689 711 3757 thymbremrr
765 3692 954 3760 intellegenda
972 3712 1002 3746 ex
1019 3693 1272 3762 intellegendamli

124 3780 309 3845 dempeetur
336 3778 362 3829 R
431 3780 449 3831 4
475 3778 632 3846 ueloquium
660 3779 685 3830 R
756 3782 774 3833 6
797 3783 860 3847 post
891 3796 974 3846 quum
1004 3780 1030 3832 R
1059 3796 1109 3848 per
1139 3797 1221 3848 quam
1246 3782 1275 3834 E

125 3863 260 3985 'lohinor
277 3919 313 3969 sic
331 3916 391 3970 nu]
401 3918 427 3970 R
482 3918 515 3972 13
533 3916 581 3985 qui
599 3918 705 3971 eroaR
760 3918 793 3971 16
810 3864 883 3970 hi¹R
939 3921 970 3972 17
985 3917 1059 3972 faeni
1078 3920 1104 3971 R
1121 3918 1274 3973 foenumE

124 4003 206 4057 faena
220 4006 319 4073 scripsi,
335 4006 395 4073 quia
410 4004 420 4056 i
436 4014 458 4057 st
474 4022 490 4057 a
505 4006 608 4075 saepius
624 4006 650 4057 iu
665 4006 760 4057 nostris
775 4005 847 4057 librae
862 4023 921 4057 mss.
935 4005 1129 4069 corp'unduntur
1140 4008 1176 4075 cs.
1182 4008 1273 4076 praef.

125 4100 149 4145 et
163 4108 235 4160 supr.
244 4092 289 4144 lin.
301 4092 336 4144 10
391 4092 423 4145 19
439 4091 629 4159 praesaepium
640 4092 666 4143 R
675 4108 808 4159 praesepe
818 4092 846 4143 E
897 4093 932 4147 20
940 4091 1048 4179 hebetis
1058 4092 1084 4145 R
1137 4094 1172 4147 22
1181 4093 1215 4163 ,ἅ
1226 4093 1270 4148 his

125 4194 164 4249 13¹
182 4194 226 4248 his
239 4192 307 4249 R'E
356 4196 391 4249 26
408 4195 692 4265 depraehendimusli
744 4198 780 4251 26
798 4197 925 4265 superius
943 4197 1117 4252 dictatumR
1170 4199 1205 4250 27
1222 4214 1271 4251 nos

125 4300 175 4336 om.
194 4282 220 4335 R
272 4284 307 4337 28
324 4299 379 4335 non
398 4288 491 4336 tamen
510 4300 572 4337 eum
592 4283 625 4337 R.

1063 4388 1114 4441 54*
