3075 4967
382 292 561 338 tractatus
580 285 614 336 iu
634 286 805 352 psalmum
825 285 946 339 CXXIII.
1172 287 1235 352 589

147 475 326 542 tarentus
360 476 391 539 in
425 474 656 539 iufirmitatibus
688 484 717 539 et
747 475 779 538 iu
802 475 954 558 augustiIs
985 476 1048 541 suis
1079 477 1236 562 gloriatur.

109 582 229 648 iudicem
264 600 386 665 quoque
416 579 490 663 eligi
520 579 690 659 potentium
722 599 759 643 er
790 580 1074 660 contemptibilibus
1097 583 1236 653 ecclesiae

110 685 241 767 precipit.
287 691 424 748 mutuam
464 683 523 748 sibi
563 682 664 764 legem
702 682 754 748 ille
788 691 819 748 et
852 683 962 749 Petrus
1000 685 1170 763 instituunt,
1203 696 1237 752 ut

108 790 311 854 meminissent
354 806 526 871 egenorum
569 806 739 869 eorumque
777 806 884 852 curam
922 787 1061 854 lacerent
1097 789 1236 856 sollicite.

106 893 294 956 minimorum
325 890 426 976 angeli
458 891 551 956 deum
583 891 694 954 cotidie
726 891 848 970 uident3
878 891 1005 957 humilis
1035 892 1235 969 exaltabitur;
1274 921 1288 960 e

106 1003 131 1062 et
150 999 298 1078 optimum
329 994 515 1060 sacrificium
547 996 605 1060 deo
629 1003 676 1058 est
697 1014 751 1059 cor
780 994 1029 1061 contribulatum.
1076 1019 1137 1062 uon
1161 1019 1236 1084 ergo

105 1101 263 1166 abiciamus
287 1099 446 1176 humilem,
481 1118 541 1162 non
573 1106 809 1164 contemnamus
839 1119 1015 1180 pauperem,
1046 1122 1107 1166 non
1138 1109 1236 1169 trans·

104 1224 198 1270 eamus
233 1205 436 1289 indigentem.
473 1223 513 1268 ne
543 1201 695 1282 profundo
726 1203 764 1267 ab
797 1202 845 1268 his
876 1203 954 1268 chao
985 1225 1173 1287 separemur,
1197 1228 1236 1273 ne

103 1309 279 1393 refrigerare
303 1329 359 1374 nos
383 1309 512 1374 minimo
544 1309 642 1392 digito
673 1327 727 1372 suo
751 1307 967 1392 dedignentur,
1003 1309 1075 1393 quia
1097 1311 1235 1392 obpro·

103 1412 223 1477 brium
259 1412 564 1479 abundantibus
599 1419 637 1477 et
671 1414 909 1492 aspernatio
943 1415 1136 1494 superbis
1173 1415 1235 1482 sit.
1262 1440 1288 1478 ro

103 1514 292 1582 demutabilis
326 1524 374 1582 est
407 1517 467 1581 ista
500 1517 668 1594 conuersis
703 1524 733 1580 et
766 1517 863 1599 digna
896 1517 927 1580 iu
959 1516 1055 1582 bonos
1085 1524 1115 1583 et
1138 1518 1236 1585 malos

102 1620 281 1699 uicissitudo,
305 1641 397 1704 quam
420 1621 451 1684 in
476 1619 647 1704 euangeliis
667 1621 802 1685 ostendit
817 1621 940 1686 dicens:
964 1622 1076 1687 besti
1100 1621 1235 1707 lugen-

102 1729 169 1804 tes,
208 1726 399 1808 quoniam
437 1725 517 1804 ipsi
557 1723 896 1802 consolabuntur,
927 1732 966 1790 et
1002 1746 1142 1792 rursum:
1180 1747 1235 1792 uae

101 1829 217 1895 uobis.
241 1830 309 1913 qui
338 1829 498 1904 ridetis,
531 1829 720 1911 quoniam
752 1822 932 1906 flebitis⁴
958 1831 1102 1895 domiuus
1133 1839 1237 1897 nostor

101 1929 179 1997 lesus
204 1931 356 2014 Christus,
381 1934 433 2016 qui
457 1939 505 1998 est
528 1933 712 1998 benedictus
735 1933 767 1996 in
791 1932 904 1998 saeculo
920 1932 1110 1998 saeculorum.
1135 1928 1235 2001 ameir.
1262 1957 1287 1994 ιο

492 2085 678 2170 PSIIXUS
706 2087 837 2169 taxat

369 2209 582 2276 Canticum
606 2214 804 2295 graduum
830 2211 966 2277 Dauid.

138 2313 228 2380 Nisi
262 2317 367 2398 quod
402 2316 587 2380 domiuus
622 2322 708 2381 erat
741 2316 780 2380 iu
818 2316 945 2395 nobis,
985 2317 1095 2382 dicat
1131 2337 1236 2381 nunc

100 2416 272 2495 Israhelr
306 2419 388 2484 nisi
423 2423 526 2503 quod
565 2420 750 2485 domiuus
789 2427 877 2485 crat
913 2421 952 2485 in
991 2421 1116 2496 nobie,
1150 2441 1235 2485 cum

99 2531 315 2608 surgerent
333 2522 1235 2608 hominesinnos,lor·teuiuosdegluttissent
1261 2552 1287 2590 ro

99 2645 163 2690 uos
186 2633 218 2692 et
240 2626 368 2711 reliqua.

140 2731 164 2794 1.
189 2731 300 2797 Attulit
324 2752 473 2816 maguum
497 2733 586 2797 nobis
609 2733 817 2813 conpendium
847 2731 986 2813 psalmus
1017 2733 1166 2811 anterior;
1195 2733 1234 2798 ab

99 2853 130 2897 so
153 2836 235 2900 enim
258 2837 289 2900 in
311 2835 393 2902 hunc
408 2838 575 2902 scanditur.
621 2837 701 2900 oculi
716 2857 852 2920 namquo
869 2837 981 2902 mentis
997 2843 1110 2902 nostrae
1126 2837 1234 2902 intenti
1298 2846 1306 2863 '

98 2941 133 3003 ad
156 2941 246 3005 deum
275 2941 399 3006 luerunt
421 2960 519 3024 usque
542 2943 581 3006 ed
606 2942 827 3006 mIsericordiae
850 2941 945 3006 finem
969 2941 1074 3007 mullis
1097 2942 1234 3025 undique

98 3045 359 3124 aspernationibus
383 3051 414 3110 et
436 3045 610 3126 obprobriis
633 3046 914 3113 circumstantibus.
958 3054 1027 3126 post
1050 3065 1118 3129 quae
1142 3047 1233 3111 mise·
1261 3070 1286 3109 aa
1351 3093 1354 3098 -

98 3146 257 3213 ricordiam
292 3156 474 3216 consecutos
508 3155 538 3215 et
572 3152 610 3216 de
644 3150 808 3232 obprobrio
843 3151 873 3214 iu
909 3150 1099 3216 abundantia
1132 3153 1234 3216 etde

136 3279 1127 3348 srmeaccraum.mumaue.mnarum

136 3391 241 3462 ielcgi
262 3395 286 3445 G
305 3392 371 3461 eligi
389 3410 420 3446 ex
438 3392 510 3460 elegi
529 3410 595 3446 corr.
616 3411 647 3444 m.
666 3393 682 3444 1
702 3393 727 3444 a
781 3391 936 3460 potentiam
955 3393 1039 3444 catii
1092 3398 1233 3460 contemp·

97 3476 198 3531 tibibus
212 3479 235 3532 G
287 3481 304 3534 3
323 3477 459 3547 praecipit
471 3481 495 3528 (ι’
505 3478 642 3547 praecipit
660 3496 689 3532 ex
707 3479 848 3547 praecepit
866 3496 932 3533 corr.
944 3497 975 3532 m.
986 3478 1003 3532 1
1013 3479 1038 3531 R
1055 3479 1198 3547 praecepit
1210 3479 1237 3531 P

97 3567 123 3615 et
139 3582 209 3634 capr.
227 3567 287 3618 odd.
307 3565 332 3617 P
382 3565 533 3618 instituunt
552 3570 583 3618 ut
594 3565 619 3616 G
632 3565 730 3618 institu
739 3585 774 3615 ε
784 3570 835 3618 unt
847 3570 879 3618 ut
889 3565 915 3617 P
924 3565 1074 3619 instituunt
1086 3563 1145 3631 (om.
1158 3565 1199 3629 ut)
1209 3566 1234 3618 R

96 3650 262 3705 Isollicilae
280 3651 306 3704 a
359 3651 549 3705 bminordG
602 3652 648 3704 dria
675 3651 778 3705 cotidie
807 3652 858 3704 GR
885 3651 987 3704 cotidie
1015 3653 1062 3705 dm
1080 3652 1107 3704 P
1156 3653 1234 3706 8in-

97 3735 442 3805 dIgeutaeriudegeuteP
494 3741 524 3792 11
545 3743 587 3792 est
605 3739 658 3792 ista
671 3738 909 3792 caza-istor
959 3740 1086 3792 etmalos
1101 3740 1127 3792 G
1139 3756 1171 3794 sc
1190 3738 1234 3804 (ex

96 3821 143 3876 hac
153 3825 192 3890 R)
202 3825 285 3879 malos
296 3826 348 3879 ΗΡ
401 3828 433 3879 14
442 3825 544 3879 flebitis
556 3826 735 3894 liplorabitis
745 3826 772 3878 P
823 3826 951 3880 domiuus
963 3825 1035 3880 Rait
1045 3825 1172 3880 dominus
1183 3827 1235 3879 PE

96 3909 215 3978 Explicit
240 3930 312 3981 pas*
340 3912 439 3966 CXXII
466 3913 565 3981 incipit
592 3913 652 3981 psal
681 3913 794 3968 CXXIII
824 3916 849 3964 (i
875 3913 952 3967 Finit
978 3912 1102 3981 psalmus
1133 3913 1233 3968 CXXII

97 3995 192 4064 incipit
210 3997 320 4053 CXXIII
339 4001 365 4053 R
383 3999 459 4052 Finit
486 4003 560 4053 tradi
586 3999 684 4068 psalmi
704 3998 805 4054 CXXII
829 4000 876 4053 ind
902 4005 963 4053 trac
990 4000 1050 4068 psal
1077 4000 1191 4054 CXXIII
1209 4001 1236 4054 P

96 4083 127 4134 22
144 4101 272 4153 magnum
291 4087 371 4141 nobis
390 4087 445 4139 RE
461 4085 540 4140 nobis
559 4103 690 4155 magnum
710 4087 736 4138 P
786 4087 821 4140 24
838 4086 872 4140 ad
892 4087 975 4140 deum
994 4088 1019 4140 R
1036 4087 1066 4140 iu
1084 4087 1166 4141 deum
1183 4088 1235 4140 PE

97 4169 128 4220 25
146 4177 209 4237 post
226 4189 294 4240 quae
313 4173 339 4225 P
354 4177 417 4241 post
444 4170 499 4241 que
517 4173 543 4225 R
595 4175 629 4228 26
647 4173 676 4226 in
695 4173 864 4227 abundantia
883 4173 909 4224 P
924 4172 953 4226 iu
977 4171 1175 4226 abundantiam
1194 4174 1233 4226 Re

98 4257 174 4311 etde
193 4259 379 4327 aspernatione
401 4259 463 4312 Ich
481 4259 515 4312 de
533 4261 725 4328 aspernatione
744 4263 767 4313 b.
