3075 4967
295 275 358 341 580
640 277 755 330 suncti
774 276 910 330 Hilarii
928 277 1091 345 episcopi

295 467 425 549 quesite
449 472 521 530 sunt
543 466 630 544 bonu,
655 467 728 531 dum
753 485 791 530 ex
815 466 941 531 ciuitate
965 467 1082 532 domini
1098 469 1128 531 in
1146 468 1274 533 domurn
1298 471 1346 534 dei
1367 488 1425 550 pre

295 571 359 636 ficit
389 571 556 636 secundum
580 569 654 635 illud
679 568 823 650 apostoli:
858 591 927 636 uos
951 572 1055 636 estis
1079 572 1274 653 templum
1296 573 1366 650 dei,
1393 580 1426 637 cl

294 675 467 756 spiritus
492 675 642 739 domini
667 673 889 740 habitatin
911 676 1038 741 uobis.
1084 676 1286 742 tidelisenim
1303 683 1356 753 est,
1378 678 1422 760 qui

294 781 351 844 uit:
382 787 506 860 pater,
538 778 694 861 probis
726 785 762 844 te
786 799 891 863 rogo,
920 789 962 844 ut
991 801 1126 845 omnes
1156 801 1275 845 unum
1305 783 1426 851 simus.

294 903 366 968 ego
399 883 438 948 in
468 882 565 962 illis,
597 889 635 949 st
665 889 702 948 tu
726 885 762 948 in
786 904 859 949 me:
884 884 1027 950 dominus
1051 894 1155 950 noster
1178 884 1266 950 lesus
1289 884 1427 960 Christus,

293 987 347 1072 qui
370 997 416 1052 est
440 988 622 1053 benedictus
645 988 675 1052 in
700 987 813 1053 secula
834 987 1026 1053 seculorum.
1072 1009 1173 1054 amen.

697 1194 883 1278 rsuubs
911 1194 1029 1278 CXIII.

642 1333 856 1400 Canticum
879 1338 1084 1420 graduum.

337 1457 395 1520 Ad
420 1461 456 1521 te
486 1455 620 1520 leuuui
653 1456 792 1522 oculos
827 1477 943 1528 meos,
967 1459 1034 1540 qui
1065 1456 1233 1522 habites
1264 1458 1304 1521 iu
1333 1457 1426 1532 caelo,

294 1567 324 1624 et
345 1559 474 1643 relique.

338 1682 365 1746 1.
389 1681 531 1746 Efficitur
564 1683 665 1760 rebus,
701 1684 784 1765 quod
803 1682 905 1747 titulo
938 1683 1152 1766 prescriptum
1187 1689 1249 1747 est:
1286 1681 1426 1766 gradibus

293 1785 376 1850 enirn
400 1786 510 1851 cantici
535 1793 693 1870 tamquam
718 1788 756 1851 de
788 1786 956 1852 humilibus
986 1787 1026 1851 ed
1057 1785 1179 1851 excelsu
1213 1785 1425 1852 conscenditur.

293 1909 426 1973 namque
449 1891 482 1954 in
505 1889 605 1971 primo
628 1890 740 1955 cantici
763 1891 919 1974 graduum
943 1891 981 1955 sd
1006 1891 1167 1955 dominum
1183 1891 1223 1956 de
1242 1889 1425 1955 tribulatione

293 1993 459 2058 clsrnutum
483 1999 540 2060 cst.
586 2002 691 2076 posteo
710 1994 802 2060 leuati
826 1995 904 2060 oculi
926 1995 959 2059 in
974 2002 1095 2060 montes
1116 2001 1194 2071 sunt
1218 2001 1248 2059 et
1263 1995 1425 2078 quaesitum,

255 2132 267 2167 s
292 2099 375 2163 unde
399 2099 520 2164 ueniret
542 2098 698 2164 suxiliuun.
744 2098 866 2176 dehinc,
891 2099 964 2182 quia
986 2097 1121 2164 eleuanti
1150 2098 1255 2164 oeulos
1285 2106 1321 2177 et
1350 2097 1426 2161 unde

292 2202 439 2268 auxilium
462 2203 574 2282 ueniet,
598 2205 746 2286 quaerenti
772 2204 860 2268 adest
883 2203 1030 2268 doctrines
1060 2203 1250 2284 propheticae
1279 2201 1425 2275 institutio,

292 2307 323 2371 in
348 2305 405 2385 his,
429 2327 497 2391 quae
522 2308 580 2372 sibi
600 2314 672 2371 sunt
695 2308 785 2383 dictu,
802 2307 922 2372 laetntus
938 2314 992 2373 est.
1039 2328 1122 2372 nunc
1143 2329 1218 2373 uero
1242 2307 1426 2391 quibusque

292 2411 331 2475 ud
354 2411 395 2486 id,
420 2413 501 2494 quod
525 2411 665 2477 doctrine
688 2411 870 2490 instituerat,
887 2431 1046 2477 aceessum
1064 2419 1118 2490 est,
1136 2413 1175 2477 de
1191 2413 1325 2497 quodum
1344 2407 1425 2493 quusi

292 2515 446 2596 profectus
470 2515 517 2580 sui
540 2518 640 2600 gradu
663 2521 765 2580 cuntot
788 2515 953 2597 propbeta:
985 2517 1032 2580 ud
1062 2523 1099 2582 te
1129 2516 1267 2582 leueui
1297 2512 1427 2580 oculos

240 2650 252 2686 ε
293 2639 409 2698 meuc,
446 2619 513 2704 qui
548 2619 713 2685 habitus
746 2621 785 2684 in
821 2619 924 2699 ceole,
961 2621 1162 2685 incrementis
1201 2619 1427 2700 conpetentibus

293 2722 524 2804 contemplandi
548 2724 596 2789 dei
619 2743 703 2802 usus,
737 2733 897 2807 tamquam
920 2732 992 2805 post
1014 2724 1145 2789 multem
1175 2725 1344 2790 caeeitatem
1376 2739 1428 2801 per

293 2827 412 2892 inedice
435 2834 466 2893 et
488 2827 631 2894 dimenso
654 2828 800 2892 admissae
830 2828 888 2893 sibi
919 2827 996 2893 lueis
1026 2827 1189 2894 interuallo
1223 2823 1428 2894 consuetudini

294 2931 385 2996 totius
408 2930 531 2997 luminis
556 2939 753 3013 praeparatus
799 2933 875 2998 deus
899 2932 991 3008 enim,
1017 2933 1069 3016 qui
1094 2933 1230 3013 primum
1253 2933 1284 2997 in
1308 2927 1428 2996 tribulu-

294 3035 375 3100 tioue
397 3036 557 3101 inuocutus
581 3043 635 3115 est,
660 3035 809 3119 quaesitus
833 3042 881 3101 est
904 3058 923 3100 u
945 3035 1104 3120 prophetis
1127 3056 1244 3120 eosque
1267 3033 1429 3118 prophetice

336 3212 351 3262 2
370 3210 383 3262 Ι
402 3209 462 3263 Cor.
481 3213 506 3276 3,
528 3213 566 3264 16.
603 3210 695 3263 410h.
714 3211 799 3278 XVII,
818 3213 854 3264 20
871 3227 928 3278 seq.

335 3387 429 3454 bego
449 3413 482 3420 —
502 3384 531 3437 in
555 3401 599 3437 mc
617 3383 715 3438 om.V
782 3385 909 3437 dominus
928 3384 1006 3437 RPT
1021 3384 1067 3438 bic
1085 3391 1128 3438 est
1146 3384 1200 3438 dns
1224 3385 1248 3438 l'
1306 3387 1429 3438 bonecu-

292 3472 383 3524 lorum
402 3489 482 3524 amen
501 3489 549 3524 ont.
576 3470 599 3524 V
648 3471 774 3539 Explicit
797 3473 919 3539 psalmus
938 3471 1023 3524 CXXI
1042 3471 1142 3540 incipit
1165 3473 1289 3539 psalmus
1307 3465 1431 3523 CXXIIII
1522 3482 1523 3495 ³

291 3557 412 3612 feliciter
432 3555 529 3622 V(duo
544 3576 585 3629 ps.
601 3575 651 3627 seq.
665 3561 691 3610 in
710 3559 734 3611 V
749 3559 853 3622 count)
873 3558 950 3611 Finit
967 3558 1035 3626 psil.
1055 3557 1174 3612 CXXI.
1194 3558 1294 3627 incipit
1310 3556 1431 3625 psalmus
1522 3578 1523 3585 ¹

292 3645 392 3698 CXXII
410 3645 436 3697 R
453 3644 578 3712 Explicit
596 3646 717 3712 prrelmu
731 3645 818 3699 CXXI
828 3645 928 3713 incipit
940 3645 1051 3698 tructat’
1063 3646 1094 3698 b.
1112 3644 1215 3712 hylarii
1228 3644 1286 3714 psil
1298 3633 1432 3697 CXXIIP
1522 3660 1523 3663 ¹

292 3731 373 3800 Expl.
387 3732 421 3784 dc
433 3730 518 3784 CXXI
535 3731 617 3799 incip.
634 3732 668 3785 de
688 3731 787 3784 CXXII
805 3732 830 3783 Τ
883 3733 916 3785 13
935 3731 1036 3785 cantici
1057 3731 1131 3783 RPT
1147 3731 1258 3785 cantico
1277 3731 1303 3783 E
1317 3730 1354 3799 cf.
1372 3728 1430 3780 adn

292 3818 388 3871 Bencd.
442 3817 582 3871 dominum
602 3817 655 3870 ΒΡ
670 3819 760 3871 drir'l'
812 3818 1215 3872 15e10uanuiRTe1euatiP
1267 3819 1298 3872 17
1312 3815 1430 3869 laetatus

292 3909 333 3958 est
352 3906 390 3957 Rs
408 3910 451 3958 est
468 3905 586 3958 laetatus
604 3925 623 3954 α
644 3904 760 3958 laetatus
780 3905 831 3957 PT
884 3907 916 3958 18
940 3905 1099 3958 institueret
1116 3905 1143 3957 R
1169 3904 1332 3958 institncbtt
1358 3899 1434 3955 Pru

291 3993 323 4044 21
351 4009 402 4060 per
429 3993 537 4045 modice
564 3991 619 4044 RE
644 4009 663 4060 p
690 3991 830 4045 dominice
848 3992 874 4044 P
889 4008 939 4060 per
965 3992 1048 4045 (Inice
1066 3992 1092 4044 Τ
1141 3992 1177 4045 22
1204 3991 1338 4045 admissae
1357 3985 1433 4041 RPE

278 4079 451 4146 ¹umissueT
504 4078 696 4132 consuetudini
714 4079 764 4132 Ed.
785 4079 848 4131 Bas.
873 4079 956 4143 1550,
981 4078 1044 4131 Pur.
1071 4075 1147 4131 1572
1173 4077 1372 4132 consuetudine
1389 4073 1430 4128 Ra

292 4165 493 4218 consuetudine
506 4164 576 4218 Pcd
590 4165 854 4218 consuetudinemT
895 4168 930 4220 23
942 4172 1122 4234 praeparatus
1134 4165 1239 4218 RPest
1256 4160 1431 4231 reparatosT

292 4257 474 4320 praeparatur
493 4275 512 4304 c.
557 4271 559 4274 ’
