3075 4967
409 304 586 354 tractatus
605 299 640 352 iu
659 299 828 368 psalmum
851 299 922 352 LVI.
1174 300 1234 364 173

120 508 231 553 meam.
271 490 577 554 foderuntauta
600 487 747 555 faciem
782 509 905 554 meam
941 488 1234 556 foueametin·

118 593 283 658 ciderunt
303 593 342 657 in
373 613 464 660 eam.
508 612 564 673 per
587 593 798 674 conpassionis
821 594 916 658 fidem
940 594 1032 659 etiam
1055 613 1089 660 se
1112 595 1234 676 ipsein

117 697 225 762 domino
247 696 391 780 propheta
412 697 555 778 patiente,
580 703 739 782 tamquam
775 704 807 763 at
839 698 907 778 ipse
940 699 981 763 eit
1012 718 1130 780 passus,
1164 697 1233 765 hac

116 801 240 884 queritur.
280 801 390 867 sedin
413 821 475 884 eos,
498 800 550 886 qai
573 801 742 866 maiestatis
777 803 935 867 dominum
969 803 1123 884 persecuti
1153 811 1234 880 sunt

115 924 172 969 cnm
192 905 222 970 in
243 907 359 971 loueam
381 911 584 987 praeparatam
606 905 780 984 inciderint,
803 906 912 971 mortis
934 907 1030 987 ipsius
1060 913 1093 972 et
1124 926 1234 973 senens
1274 935 1287 971 s

114 1009 230 1074 refertur
250 1015 276 1076 et
299 1029 400 1092 poena

149 1116 173 1178 8.
194 1113 232 1178 Et
252 1115 321 1199 quia
344 1113 538 1195 conpatiendi
562 1121 595 1178 et
617 1115 829 1180 conmoriendi
851 1115 930 1180 fides
953 1135 1009 1180 noe
1025 1115 1177 1200 glorificat
1199 1117 1231 1180 in

114 1216 226 1296 Onusta
247 1217 327 1284 uelut
349 1219 381 1284 in
405 1219 562 1299 procinctu
585 1219 651 1302 spei
670 1219 805 1304 fideique
820 1218 911 1284 huius
928 1218 1078 1300 propheta
1093 1220 1234 1285 consistit

113 1322 217 1388 dicens:
239 1329 419 1404 paratum
442 1343 509 1387 cor
532 1343 664 1399 mcum,
688 1325 992 1406 deuapnratum
1009 1344 1232 1389 cormeum:

112 1428 262 1492 cantabo
295 1432 333 1492 et
367 1427 563 1508 psalmum
598 1427 727 1493 dicam
752 1427 838 1493 tibi.
884 1446 1064 1512 exsurge,
1099 1427 1234 1513 gloria
1262 1455 1285 1491 a

113 1550 195 1608 mea,
230 1551 402 1616 exsurge
436 1530 682 1613 psalterium
721 1537 759 1596 et
796 1529 966 1596 cithara.
1020 1551 1233 1616 exsurgam

111 1633 279 1713 diluculo,
303 1635 540 1701 confitebor
562 1635 638 1700 tibi
661 1635 698 1699 in
723 1635 895 1719 populis,
930 1637 1099 1714 domine,
1130 1637 1232 1718 psal·

111 1757 192 1803 mum
215 1740 341 1805 dicam
365 1740 441 1806 tibi
463 1740 500 1804 in
525 1740 729 1824 gentibus.
776 1740 935 1806 interiecto
958 1740 1128 1823 diapsalma
1150 1739 1232 1806 hunc

110 1843 244 1908 addeum
265 1843 382 1910 rettulit
409 1841 561 1925 propheta
584 1863 758 1909 sermonem
782 1843 892 1924 psalmi
914 1845 1037 1910 interim
1071 1846 1133 1910 fide
1162 1844 1230 1910 hac

110 1947 217 2024 adem,
259 1949 290 2012 in
337 1968 405 2032 quae
450 1967 503 2014 cor
546 1948 611 2012 eine
656 1954 796 2029 paratum
841 1954 903 2026 est,
949 1949 1153 2027 concinendo;
1201 1958 1232 2014 et
1259 1973 1284 2010 a

109 2051 188 2115 animi
220 2053 264 2117 sui
298 2059 326 2118 et
361 2051 498 2133 corporis
532 2051 645 2136 gandia
678 2053 735 2117 sub
770 2051 996 2136 significatione
1030 2051 1166 2134 psalterii
1201 2060 1233 2118 et

109 2153 216 2219 citharae
239 2154 417 2220 adhortatus
440 2175 509 2220 sese
532 2156 631 2236 ipsum
656 2156 686 2219 in
711 2175 755 2233 en,
779 2158 861 2240 qnod
884 2163 987 2222 cantet
1015 2155 1231 2239 psalmumque

110 2258 184 2336 dicat,
207 2258 348 2324 ostendit.
394 2260 436 2323 ait
451 2261 550 2324 eninr:
574 2279 755 2344 exsurge,
778 2259 910 2344 gloria
934 2280 1025 2338 mea,
1048 2279 1230 2344 exsurge,

109 2361 330 2440 psalterium
355 2369 393 2427 et
415 2363 592 2428 cithara:
617 2383 832 2448 exsurgam
855 2363 1047 2442 diluculo,
1079 2364 1231 2443 seipsum

109 2465 206 2532 scilicet
227 2468 348 2532 ostendi
370 2468 401 2531 in
424 2467 568 2548 psalterio
591 2467 772 2552 citharaque
788 2467 959 2545 declarans,
982 2489 1050 2534 curn
1066 2469 1106 2533 ad
1122 2489 1240 2550 exsur-⁸
1257 2491 1283 2528 a

108 2573 224 2653 gendum
248 2572 366 2638 cithara
388 2572 594 2655 psalterioque
618 2573 815 2638 commonitis
838 2573 904 2654 ipse
927 2574 1036 2654 potius,
1058 2573 1111 2658 qui
1133 2574 1164 2638 in
1182 2572 1231 2638 his

108 2673 287 2758 significetur,
329 2683 482 2761 exsurgat.
528 2695 697 2762 exsurgens
726 2687 831 2742 autem
865 2676 996 2743 diluculo
1029 2697 1099 2743 curn
1132 2678 1231 2762 gloria
1264 2693 1267 2696 ’

107 2797 151 2842 sua
180 2781 241 2862 spei
276 2780 463 2866 euangelica
497 2779 631 2866 gloriam
667 2788 780 2856 cantet,
814 2787 1002 2866 congruente
1042 2781 1165 2848 diluculi
1198 2794 1229 2846 et

106 2884 233 2950 orationis
262 2893 403 2968 tempore
426 2891 457 2951 et
478 2884 593 2951 salutis.
640 2905 712 2950 nam
747 2887 779 2950 id
809 2887 962 2970 sequitur:
997 2886 1230 2952 confitebor

106 2987 169 3052 tibi
190 2991 226 3053 in
248 2988 421 3071 populis,
446 2991 613 3068 domine,
637 2989 834 3074 psalmum
858 2991 988 3055 dicem
1011 2991 1087 3056 tibi
1121 2991 1230 3056 inter
1257 3009 1282 3048 a

106 3099 241 3173 gentes.
284 3093 462 3160 landatums
484 3094 515 3159 in
539 3093 658 3176 populis
682 3105 712 3160 et
745 3095 946 3179 ingentibus
977 3097 1068 3161 deum
1103 3115 1230 3161 necesse

106 3200 242 3263 astutin
267 3196 457 3264 adsalutem
487 3200 626 3284 gentium
656 3197 775 3264 laudat:
809 3199 882 3283 quie
915 3199 977 3264 iam
1011 3219 1072 3264 non
1106 3200 1137 3264 in
1170 3219 1231 3264 uno

107 3297 207 3366 luuhel
231 3301 399 3368 funiculum
423 3301 603 3369 hereditatis
637 3309 768 3368 artatum
791 3304 839 3381 sit,
874 3323 973 3387 neque
996 3301 1089 3369 Iacob
1122 3304 1228 3384 portio,

105 3404 149 3466 scd
170 3413 257 3472 tarrae
279 3407 436 3489 plenitudo
459 3407 521 3472 iarn
537 3407 586 3473 dei
604 3407 659 3484 sit3
680 3427 784 3491 neque
799 3407 895 3472 simne
910 3408 970 3472 iarn
987 3407 1089 3492 imago
1105 3409 1228 3481 terreni,

106 3508 150 3571 sed
169 3509 269 3594 imago
291 3509 430 3576 caelestis.
1255 3527 1280 3564 ⁸⁰

138 3753 309 3820 lquaeritnr
327 3755 412 3808 RPoed
466 3756 550 3808 7uos
572 3753 808 3824 conglorificatT
862 3755 890 3808 iu
908 3761 963 3824 xpo
987 3756 1021 3822 R,
1045 3755 1148 3808 christo
1167 3755 1229 3808 We

104 3837 178 3892 crin
194 3841 340 3908 procinctu
366 3843 392 3895 R
446 3843 479 3895 19
497 3841 648 3897 confitebor
666 3841 728 3896 ΕΡι
747 3849 776 3896 et
797 3841 950 3896 confitebor
970 3839 1062 3895 P'TE
1112 3841 1229 3911 psallam

105 3924 184 3980 tibiR
239 3929 270 3981 13
287 3927 501 3996 diapsalmatec
552 3945 626 3983 nunc
653 3929 790 3984 addeum
810 3931 836 3982 R
891 3931 923 3984 16
940 3940 1000 3984 cote
1017 3933 1059 3983 eat
1077 3947 1142 3983 eros.
1160 3929 1184 3983 ti
1203 3930 1229 3981 R

107 4011 131 4062 ll
147 4015 355 4083 nez-Elpeum
375 4016 401 4068 R
455 4017 487 4071 18
510 4027 569 4084 post
596 4016 704 4070 ostendi
728 4018 827 4086 oiiqccid
853 4014 921 4083 (dci)
939 4033 1007 4070 crea
1026 4017 1052 4069 R
1075 4015 1228 4070 ostendite

106 4098 132 4150 ta
147 4107 309 4170 congr-uento
322 4101 445 4155 diluculo
462 4103 487 4154 Τ
537 4105 572 4157 24
589 4102 742 4158 confitebor
753 4103 780 4156 R
791 4102 824 4167 ef.
843 4121 924 4175 cupro
941 4109 971 4158 et
988 4102 1141 4158 confitebor
1152 4103 1231 4154 ΡΤΕ

106 4185 132 4238 28
161 4186 280 4242 funiculi
308 4188 471 4243 hereditatis
499 4187 592 4244 artati
619 4189 656 4242 sit
684 4191 710 4243 R
736 4189 770 4254 of.
803 4190 867 4244 Aba.
894 4190 912 4242 1
916 4191 945 4255 V,
972 4191 1008 4244 91
1034 4191 1173 4245 funiculus
1199 4191 1226 4245 h.

108 4277 194 4329 urtatm
212 4275 250 4329 xit
268 4276 346 4329 PTE
395 4277 429 4330 29
448 4277 569 4330 terraeni
588 4295 618 4330 cu
636 4282 781 4331 terraenae
799 4278 832 4331 R.
