3075 4967
315 286 378 351 818
656 292 773 342 sancti
794 291 927 342 llilarii
947 293 1109 358 episcopi

315 484 345 542 et
367 478 427 557 ipsi
452 476 557 551 babitu
582 480 685 543 seruili
708 481 740 544 id
757 480 893 557 donatur,
916 487 956 556 ut,
980 482 1062 563 quod
1085 488 1161 556 erat,
1184 490 1282 547 esset:
1306 483 1336 545 in
1361 484 1445 546 tunna
1524 457 1525 552 i

315 581 432 647 seilicet
458 584 506 648 dei
531 594 622 649 esset.
669 586 819 649 damnum
842 586 924 648 enim
942 604 979 649 ac
995 586 1214 650 detrimentum
1233 587 1280 651 sui
1302 588 1445 651 euacuatie

314 686 420 750 formae
446 688 497 752 dei
522 689 633 753 nesciit
655 688 861 771 adsumptioni
885 689 985 769 potius
1008 687 1116 755 seruili
1140 689 1270 755 formam
1288 690 1338 755 dei
1353 711 1445 755 mrsus

314 790 488 873 adquirens.
533 793 575 855 ita
607 812 707 875 neque
736 792 835 857 uirtus
858 793 889 855 in
914 791 1084 857 humilitate
1116 813 1185 857 sese
1216 793 1288 858 licet
1310 794 1444 859 cohibens

314 895 427 959 deiecit
457 916 494 960 ex
519 916 597 967 sese,
628 915 706 973 cum,
731 898 812 979 quod
835 906 909 970 erat,
935 905 997 962 est:
1030 906 1060 961 et
1087 896 1246 962 humilitas
1267 897 1400 963 cohibita
1419 900 1443 961 in

313 1018 382 1063 sese
405 1000 521 1065 uirtute
537 1008 689 1079 suscepta,
706 1020 786 1071 cum,
802 1002 885 1084 quod
907 1020 968 1064 non
985 1009 1058 1076 erat,
1076 1021 1145 1065 esse
1162 1002 1262 1081 erepit,
1285 1003 1441 1084 protectum

313 1104 388 1179 eius,
413 1123 483 1185 qum
507 1124 525 1167 a
549 1124 582 1169 se
605 1125 665 1168 non
683 1105 847 1182 deiecerat,
869 1106 990 1169 uirtutis
1014 1106 1140 1185 aceepit.
1185 1110 1216 1169 et
1239 1105 1307 1169 haec
1331 1107 1441 1189 quidem

313 1207 484 1291 euangelici
516 1209 702 1273 sacramenti
726 1216 755 1273 et
786 1208 930 1273 humanae
960 1211 1025 1289 spei
1057 1211 1171 1274 ueritas
1201 1217 1256 1283 est,
1288 1207 1441 1274 humanam

208 1378 210 1383 ,
313 1317 453 1375 naturam
470 1312 761 1395 corruptibilemque
779 1333 905 1378 carnem
921 1335 976 1394 per
993 1313 1081 1377 huius
1097 1313 1202 1396 gloriae
1219 1314 1439 1377 demutationem

312 1416 342 1478 in
367 1420 518 1480 uternam
543 1417 796 1481 transformatam
820 1436 889 1481 esse
911 1417 1125 1481 substantiam.

355 1536 383 1600 8.
408 1536 471 1602 Sed
508 1538 599 1603 buius
634 1546 793 1622 tamquam
828 1538 1003 1603 difficillimi
1041 1538 1115 1603 facti
1152 1539 1384 1603 admirationem
1416 1554 1439 1601 ct

311 1641 454 1705 maximus
489 1662 525 1706 ac
558 1642 773 1722 pulcherrima
808 1644 875 1728 spei
905 1644 1018 1707 donum
1044 1644 1138 1707 etiam
1163 1643 1309 1722 prasenti
1336 1641 1439 1722 psalmo

312 1744 507 1825 propheticus
532 1766 633 1811 sermo
657 1754 786 1811 testatur
810 1747 916 1811 dicens
939 1747 978 1810 ad
1001 1747 1041 1824 id,
1066 1747 1148 1828 quod
1183 1747 1316 1810 dixerat:
1350 1746 1438 1809 subi·

311 1849 423 1914 ciens
457 1850 647 1934 populum
684 1871 807 1915 meum
845 1853 915 1915 sub
951 1871 1023 1928 me;
1059 1851 1227 1927 domine,
1262 1850 1358 1934 qnid
1389 1859 1438 1913 est

310 1951 432 2031 homo,
456 1956 561 2038 quod
583 1956 804 2019 innotuisti
827 1956 878 2033 ei;
901 1963 968 2019 aut
989 1954 1109 2019 silius
1139 1954 1328 2033 hominis,
1350 1952 1436 2038 quod

310 2058 483 2141 deputas
508 2060 618 2124 eum?
663 2059 776 2123 bomo
809 2059 988 2124 uanitati
1023 2057 1176 2123 similis
1210 2058 1344 2123 factus
1373 2064 1437 2122 est:

310 2162 396 2226 dies
421 2163 509 2227 eius
533 2164 640 2228 sicut
670 2165 810 2228 umbra
832 2170 1089 2244 praetereunt.
1135 2181 1196 2226 non
1220 2160 1394 2227 differenter
1411 2162 1435 2223 iu

309 2270 417 2331 octauo
441 2287 562 2350 queque
585 2267 704 2350 psalmo
737 2266 908 2350 proclamat
941 2267 1067 2347 spiritus
1090 2277 1229 2331 sanetus:
1265 2267 1359 2349 quid
1385 2278 1436 2328 est

308 2368 430 2447 homo,
454 2372 559 2453 qnod
583 2391 730 2435 memor
754 2392 795 2436 es
819 2372 913 2447 eius,
937 2381 1003 2436 aut
1024 2370 1435 2452 filiushominisquu

308 2474 412 2537 niam
437 2475 474 2538 ui
487 2475 521 2538 si
532 2482 592 2539 tas
615 2480 723 2543 eum?
767 2476 919 2566 consessio
935 2476 993 2540 ista
1007 2474 1220 2555 pulcherrima
1234 2482 1290 2550 est,
1302 2482 1334 2539 nt
1348 2473 1434 2555 indig-

306 2596 382 2642 num
406 2598 439 2643 se
462 2578 554 2645 hemo
578 2585 661 2644 tanto
684 2600 812 2644 munere
835 2580 901 2659 ipse
922 2586 1059 2644 testetur.
1105 2586 1220 2643 etcum
1237 2579 1432 2661 seindignum

307 2680 476 2759 confitetur,
501 2683 632 2764 gratiam
657 2684 731 2759 eius,
763 2685 815 2766 qui
840 2683 900 2748 sibi
923 2682 991 2747 haec
1013 2684 1171 2767 largiatur,
1196 2682 1320 2748 extollit.
1361 2681 1433 2764 quod

307 2784 389 2848 enim
413 2787 559 2850 meritum
583 2786 718 2851 hominis
742 2794 796 2865 est,
820 2793 853 2852 ut
872 2788 898 2850 ei
915 2806 949 2852 se
965 2786 1207 2871 cognoscibilem
1224 2788 1301 2852 deus
1316 2793 1433 2867 prestet,

305 2895 338 2952 ut
360 2888 611 2974 incognoscibilis
634 2897 742 2956 natura
764 2892 930 2975 cognitioni
952 2899 1068 2956 nostrae
1090 2905 1159 2956 sese
1178 2891 1247 2970 ipsa
1269 2885 1434 2956 submittat?

254 3024 258 3036 ·
306 3000 357 3057 aut
388 3014 457 3076 quae
492 2995 628 3078 dignitas
663 3002 709 3060 est
739 2995 793 3059 filii
824 2995 967 3072 hominis,
1001 3001 1034 3059 ut
1056 2995 1240 3075 deputetur?
1283 2994 1433 3074 deputatur

266 3141 268 3145 .
305 3104 415 3176 autem,
451 3098 601 3183 quidquid
633 3102 672 3164 de
704 3120 749 3173 eo,
779 3100 894 3183 inquo
925 3106 980 3176 est,
1004 3100 1035 3162 in
1060 3100 1142 3163 aliud
1179 3100 1353 3164 destinatur.
1394 3093 1431 3157 rei

304 3210 445 3267 naturam
486 3205 652 3269 uerborum
688 3205 786 3269 uirtus
823 3204 983 3287 eloquitur.
1041 3201 1133 3267 honio
1170 3204 1297 3268 uanitati
1333 3197 1429 3265 similis

304 3304 439 3384 effectus,
463 3315 493 3372 et
516 3308 602 3373 cuius
624 3308 690 3373 dies
706 3319 863 3391 tamquam
881 3308 992 3372 umbra
1008 3315 1202 3387 praetereunt,
1225 3328 1280 3388 per
1294 3302 1427 3369 indultam

304 3411 510 3493 cognitionem
534 3412 583 3477 dei
607 3414 778 3496 deputatur.
823 3412 944 3477 uanitas
968 3412 1114 3476 seculum
1137 3419 1193 3487 est,
1216 3412 1301 3476 cuius
1319 3406 1426 3471 babitus

304 3521 332 3578 et
355 3513 454 3579 forma
477 3515 607 3580 tolletur.
654 3517 710 3583 deo
731 3518 812 3581 enim
829 3516 922 3581 inune
938 3523 993 3594 est,
1016 3515 1173 3600 quidquid.
1196 3513 1334 3599 quamuis
1348 3517 1424 3575 exter.

348 3690 577 3758 mmmm

348 3849 357 3897 l
380 3852 407 3900 et
434 3847 488 3915 ipsi
514 3846 612 3901 habitu
640 3849 665 3900 R
692 3848 724 3907 cf.
753 3846 1033 3899 Buecheler-Wlfflin
1061 3847 1105 3897 lat.
1124 3846 1197 3898 Dect.
1212 3864 1241 3914 p.
1259 3843 1309 3895 110
1329 3846 1352 3892 et
1373 3829 1419 3901 ipsi

301 3932 407 3987 habitui
426 3935 454 3986 E
504 3937 570 3987 flac
590 3936 615 3987 R
633 3934 667 3987 ad
687 3936 714 3985 E
765 3933 901 3986 3ncaciit
919 3933 944 3984 R
962 3932 1051 3985 nescit
1069 3933 1098 3983 E
1145 3942 1205 4002 pust
1228 3928 1321 3983 nesciit
1336 3934 1417 3977 out-⁵

301 4021 529 4087 assumptionem
541 4021 721 4089 assumptioni
740 4038 773 4073 m.
782 4018 802 4071 3
812 4020 837 4072 R
888 4022 907 4072 4
923 4020 953 4071 in
971 4018 1129 4071 humilitate
1139 4019 1164 4069 R
1173 4018 1202 4070 in
1220 4002 1419 4070 humiliarent)

301 4107 658 4161 bcohibitaexcohibittll
700 4112 721 4161 vb'
740 4105 867 4174 caepitR
912 4108 944 4159 12
961 4105 1013 4158 hac
1032 4104 1270 4173 pulcherrimaeR
1312 4100 1339 4149 ¹5
1354 4087 1416 4161 (1¹¹⁰d

300 4194 444 4247 innotuisti
473 4196 496 4246 R
524 4196 588 4262 quia
618 4193 763 4247 innotuisti
792 4194 820 4244 E
878 4194 910 4245 16
928 4202 951 4244 et
981 4191 1017 4243 27
1049 4190 1168 4243 uanitati
1198 4208 1228 4243 a
1257 4182 1372 4242 uanitatit
1395 4176 1417 4227 Η

300 4284 334 4333 ‘28
352 4285 507 4347 praetereat
527 4282 571 4332 na
588 4283 634 4333 sed
650 4281 684 4347 cs.
704 4283 747 4332 lin.
767 4280 799 4331 17
819 4290 843 4333 et
861 4280 942 4332 Acad.
957 4298 986 4349 p.
1005 4277 1050 4330 Io'.
