3075 4967
392 299 573 350 tractatus
592 296 626 348 in
643 295 816 364 psalmum
836 295 954 349 cxxxi.
1181 293 1244 358 665

112 485 245 550 standum
279 504 355 569 ergo
388 485 447 550 erit
480 490 570 550 nocte
603 483 715 566 dieque
748 485 806 549 snb
840 482 923 562 caelo,
959 489 990 550 et
1019 503 1190 567 numquam
1213 485 1243 548 in

111 589 239 673 requiem
257 608 370 670 corpus
385 589 513 666 iacebit;
536 589 617 653 oculi
640 595 744 653 autem
768 607 893 669 semper
915 585 1028 672 uigiles
1051 587 1244 666 laborabunt,

111 699 138 756 et
155 711 193 758 ne
215 693 293 774 ipsis
316 693 444 778 quidem
476 691 633 774 palpebris
656 691 821 758 coniuendi
843 691 875 756 in
898 692 1151 758 dormitationem
1175 713 1244 774 per·

110 796 237 862 mittetur
259 797 413 863 obductio.
459 804 597 878 tempora
625 816 708 875 nero,
740 816 809 879 quae
838 796 973 862 maxime
1003 797 1035 862 in
1059 801 1122 862 toto
1146 798 1245 878 capite

108 908 135 964 et
155 921 282 982 corpore
305 901 425 967 iniuriis
456 899 573 986 uigiliae
595 907 626 966 et
648 900 788 966 stationis
822 900 955 966 obnoxia
987 908 1068 979 sunt,
1102 902 1244 984 requiem
1285 931 1297 968 e

107 1023 163 1068 non
184 1003 353 1072 habebunt
398 1003 494 1070 homo
527 1005 611 1071 istud
634 1006 674 1070 de
697 1024 732 1070 se
754 1005 857 1070 iurare
879 1024 941 1069 non
965 1005 1091 1084 sinitur;
1122 1007 1244 1071 etiamsi

107 1111 234 1176 maxime
256 1110 341 1189 nolit
365 1109 581 1176 condicionem
604 1115 710 1176 tamen
731 1109 796 1174 noti
821 1107 912 1174 huius
942 1129 998 1190 pro
1028 1110 1097 1190 ipsa
1126 1115 1244 1176 neturae

105 1233 162 1278 snae
195 1215 380 1280 necessitate
410 1213 549 1280 uiolabit.
601 1212 709 1297 uigilet
742 1211 815 1280 licet
849 1214 971 1278 animus
1005 1220 1035 1278 et
1068 1233 1178 1295 eorpus
1212 1215 1244 1278 in

17 1337 20 1346 ·
105 1319 230 1382 statione
263 1318 429 1396 contineat,
463 1325 567 1384 tamen
601 1336 729 1383 necesse
762 1323 811 1382 est
844 1317 1031 1383 infirmitatis
1065 1318 1244 1384 dominante

105 1427 206 1487 natura
236 1429 267 1487 et
295 1422 435 1504 procidat
467 1429 499 1488 et
532 1423 667 1487 dormiat
699 1427 731 1486 et
759 1421 934 1506 requiescet
963 1423 1084 1488 inuitus.
1130 1421 1244 1488 dehine
1273 1447 1297 1486 ro

105 1546 193 1607 quem
222 1526 325 1592 locum
355 1527 449 1591 homo
480 1528 537 1591 deo
568 1526 706 1592 inueniet
727 1531 758 1591 et
780 1525 1118 1607 inconprehensibilem
1142 1527 1244 1591 infini-

104 1637 224 1713 tamque
246 1637 391 1695 naturam
414 1629 496 1715 quali
520 1628 717 1696 tabernaculo
741 1631 935 1698 continebit?
979 1650 1048 1696 eum
1065 1631 1154 1696 dese
1177 1631 1243 1712 ipse

105 1753 155 1812 per
177 1734 363 1818 prophetam
387 1736 464 1800 dens
487 1733 606 1800 locutus
628 1734 670 1799 sit
692 1734 813 1799 dicens:
844 1734 984 1799 eaelum
1014 1735 1115 1798 mihi
1140 1734 1244 1800 thro·

104 1857 170 1904 nus
193 1847 262 1916 est,
286 1851 397 1904 terro
431 1831 564 1905 autern
598 1837 837 1904 scsrnellnm
873 1839 1018 1918 pedum
1052 1858 1243 1904 meorum:

104 1963 212 2022 quam
252 1945 408 2008 domum
447 1943 719 2008 aedificabitis
757 1943 856 2006 nnihi
894 1949 963 2008 aut
999 1944 1091 2026 quis
1130 1942 1243 2008 locus
1271 1969 1295 2004 re

103 2047 375 2130 requietionis
407 2047 521 2113 rneae?
565 2048 698 2112 orrrnia
728 2047 835 2112 enim'
865 2047 945 2112 luaec
975 2048 1074 2112 lecit
1104 2067 1244 2112 manus

103 2170 191 2226 mea,
214 2157 252 2215 et
275 2171 359 2216 mea
382 2158 474 2216 sunt
495 2151 628 2216 onrnia
651 2150 741 2218 haec.
788 2171 850 2216 non
874 2151 1001 2233 ignarus
1025 2157 1128 2217 autem
1151 2150 1243 2216 huius

103 2254 211 2320 dininae
235 2257 317 2321 uocis
341 2254 493 2336 propheta
511 2264 559 2322 est
574 2262 605 2320 ot
619 2256 678 2320 scit
693 2254 838 2320 humanae
856 2261 886 2320 et
902 2269 1033 2321 terrenae
1056 2255 1243 2335 operationis

102 2359 224 2424 domurn
249 2359 308 2424 deo
338 2379 408 2425 esee
439 2380 501 2424 non
531 2379 631 2440 posse,
666 2359 801 2441 idipsum
837 2358 958 2440 pselmo
989 2359 1140 2424 anteriore
1170 2378 1243 2423 con·

102 2469 224 2540 testans,
247 2483 318 2528 cunr
344 2464 400 2528 ait:
434 2463 514 2528 nisi
547 2463 735 2530 dominus
764 2463 1044 2530 aedilicauerit
1075 2464 1241 2538 domurn,
1270 2485 1294 2520 eo

101 2564 138 2630 in
160 2587 301 2633 usnam
327 2567 630 2644 lutheranorum,
654 2569 718 2655 qui
742 2568 955 2633 aedilicont
979 2586 1072 2632 eam.
1118 2587 1194 2650 ergo
1217 2568 1243 2632 si

100 2689 200 2754 neque
222 2677 333 2736 nature
355 2669 492 2737 hominis
527 2673 738 2738 condicionem
773 2673 835 2736 uoti
872 2672 958 2737 istius
991 2672 1108 2752 recipit,
1144 2691 1243 2756 neque

102 2772 199 2839 locum
222 2783 253 2840 et
275 2774 506 2841 tabemacnlnm
538 2777 596 2841 deo
626 2775 764 2842 hnmana
794 2776 923 2860 requirit
953 2777 1097 2857 operatis,
1130 2795 1243 2860 cogno·

100 2880 246 2943 scendum
263 2891 313 2946 est
333 2900 388 2959 per
410 2881 633 2960 scripturamm
656 2879 826 2946 coelestium
851 2881 1072 2946 auctoritatem.
1097 2881 1179 2963 qnod
1203 2881 1244 2945 sit

144 3055 175 3107 lli
192 3053 265 3107 Esai
284 3053 380 3122 LXVI,
401 3057 474 3122 leq.
511 3057 547 3108 20
564 3055 606 3109 Pe.
627 3054 746 3122 CXXVI,
767 3058 790 3108 1.

143 3175 156 3224 1
175 3181 254 3228 nocte
267 3175 367 3242 dieque
376 3177 458 3230 R'Ple'
467 3183 553 3231 noctu
565 3176 666 3244 dieque
675 3176 702 3228 P
712 3182 796 3230 noctu
809 3175 927 3258 diuqnae
942 3176 965 3228 V
1015 3180 1043 3229 et
1052 3192 1203 3243 numquam
1213 3195 1243 3227 es

100 3276 149 3329 sub
158 3293 307 3346 numquam
317 3278 381 3333 m.2
394 3280 419 3334 V
452 3280 481 3334 in
492 3280 841 3348 requiemVRPinreqnie
850 3281 902 3333 'PE
935 3279 1244 3348 aipeieRPTEipsot'

100 3363 227 3428 pallebris
239 3366 265 3418 V
297 3365 446 3420 coniuendi
459 3368 637 3421 Vconibendi
646 3367 672 3420 R
681 3367 849 3422 conniuendi
859 3387 872 3420 e
882 3366 1055 3420 conuinando
1065 3363 1095 3430 (e
1105 3369 1131 3418 in
1141 3366 1208 3429 roe.)
1220 3365 1246 3416 P

100 3449 249 3506 coniuendo
269 3449 337 3518 m)
391 3453 420 3506 in
439 3453 664 3508 dormitationem
684 3454 731 3507 VR
749 3455 778 3508 in
797 3453 994 3508 dormitatione
1012 3471 1025 3505 e
1044 3451 1242 3506 dorminalioni

101 3535 163 3588 Pro
212 3540 277 3593 lin
304 3545 363 3593 toto
391 3541 417 3593 R
442 3545 502 3594 toto
530 3540 559 3593 in
592 3541 693 3594 VVI'E
749 3540 897 3608 bnigiliae
925 3539 1003 3592 RPP
1028 3538 1189 3608 uigiliarum
1220 3539 1244 3589 t:

101 3625 117 3673 6
135 3622 204 3678 istud
219 3625 268 3678 VR
286 3644 299 3678 e
317 3626 447 3680 iream
500 3629 592 3682 iurare
614 3627 693 3681 VRE
708 3645 789 3681 orare
803 3627 853 3680 PT
905 3629 920 3678 7
938 3626 1011 3679 nolit
1025 3626 1101 3679 VRT
1118 3625 1205 3678 nollet
1220 3625 1246 3676 P

100 3709 294 3767 8neoessitate
312 3731 342 3766 a
359 3715 552 3768 nenessitatem
577 3734 610 3767 m.
635 3713 655 3766 2
678 3715 703 3768 V
752 3718 769 3768 9
789 3713 978 3766 dominantem
1001 3713 1026 3766 V
1079 3714 1109 3764 10
1131 3713 1241 3780 rpcedat

102 3793 160 3846 1⁷1⁸
211 3802 241 3853 11
262 3799 345 3853 homo
372 3800 425 3854 deo
451 3801 477 3854 R
504 3801 556 3855 deo
583 3799 666 3855 homo
691 3801 769 3853 ΡΊἘ
821 3800 844 3854 te
869 3775 1184 3867 inconpriehensibilem
1204 3799 1242 3861 lte

101 3880 403 3953 incomprehensibilem
422 3888 487 3940 PTt
542 3890 575 3942 12
592 3887 651 3957 ipse
669 3889 730 3940 odd.
752 3907 784 3940 m.
804 3886 824 3939 2
848 3887 872 3940 V
924 3888 956 3941 13
975 3885 1012 3940 sit
1031 3886 1056 3939 R
1075 3891 1117 3939 eet
1144 3885 1243 3938 VPTE

100 3967 210 4026 thronus
235 3973 338 4026 VPTE
352 3973 482 4028 thronum
501 3973 527 4028 R
585 3977 617 4028 14
634 3974 797 4028 scamellum
816 3974 840 4028 V
856 3972 1008 4028 scabellum
1018 3973 1164 4042 RPTEcs.
1178 3973 1242 4034 Aet,

104 4055 150 4118 W,
166 4057 200 4112 91
256 4062 288 4115 18
305 4059 442 4114 hnmanae
454 4065 568 4147 terrena.
588 4059 615 4127 (a
632 4063 660 4114 in
677 4059 742 4128 ror.)
761 4061 788 4113 P
838 4063 872 4114 22
890 4059 992 4128 recipit
1016 4061 1063 4112 Vlt
1081 4059 1199 4125 recipiat
1220 4060 1245 4111 P

102 4161 212 4230 recipiet
228 4165 281 4217 TE
331 4166 366 4219 28
384 4163 503 4219 humane
532 4166 557 4218 P
631 4165 749 4234 requirit
774 4167 800 4219 R
826 4165 949 4234 requiret
988 4165 1087 4218 VPTE
1121 4166 1241 4233 reperiet

100 4267 162 4317 coni.
170 4267 262 4322 itenerl.
306 4233 553 4334 acaemetensium
563 4269 726 4324 caelestium
737 4271 814 4322 RP'I'
822 4269 984 4324 caelestium
994 4269 1197 4337 scripturarum
1209 4272 1240 4322 1,’.
