3075 4967
296 254 360 319 426
645 253 761 307 sancti
780 254 915 308 Hilarii
934 254 1097 322 episcopi

296 446 484 510 caducorum
515 464 704 524 respuamus
735 444 762 508 si
791 444 931 509 uiuentes
955 446 993 509 de
1017 443 1129 509 saecuio
1163 463 1317 509 exeamus.
1360 444 1424 528 quid

296 548 380 613 cutm
403 550 516 613 mercis
539 554 595 626 est,
625 548 772 612 emortuis
802 548 981 629 corporibus
1004 554 1033 613 et
1059 555 1189 614 exeunte
1212 550 1315 613 enimc
1338 548 1424 615 diseo

295 651 366 717 lutis
400 652 545 717 saeculum
575 652 762 736 reliquisse?
795 653 960 716 carendum
991 659 1038 717 est
1069 671 1106 717 eo
1136 672 1192 731 per
1224 659 1424 733 contemptum

296 757 371 821 eius.
417 756 617 823 nesciendum
634 762 681 821 est
695 756 889 839 ignoratione
909 755 1100 838 uoluptatum
1124 776 1258 821 suorum.
1303 757 1426 822 morior·

256 888 269 925 r
295 862 370 926 dum
401 861 489 925 nobis
518 862 550 925 in
580 880 615 925 eo
645 866 701 938 est,
735 861 807 925 dum
831 880 890 924 non
914 861 941 926 ei
964 861 1107 926 uiuimus.
1151 860 1210 926 scit
1231 860 1345 925 Paulus
1373 861 1425 925 iom

294 986 355 1030 non
372 984 404 1029 se
421 964 478 1030 sibi
499 965 603 1029 uiuere
627 964 748 1029 dicens:
785 965 1015 1048 quodecim
1038 965 1139 1041 uiuo,
1162 965 1239 1029 iom
1264 984 1339 1029 nou
1360 984 1425 1049 ego

295 1069 395 1145 uiuo,
418 1069 524 1134 uiuit
547 1074 678 1133 eutem
702 1069 733 1132 in
759 1088 814 1133 me
838 1067 1038 1135 doristus.
1180 1063 1184 1067 “

339 1189 366 1253 6.
392 1190 548 1271 Propheta
569 1192 673 1274 iteque
700 1191 870 1255 secundum
894 1189 1068 1271 apostolum
1098 1211 1159 1255 non
1190 1189 1301 1256 saeeulo
1326 1192 1426 1255 uiuere

295 1299 473 1359 constanter
489 1300 519 1359 et
540 1294 717 1360 libere·oit:
740 1294 875 1373 portio
898 1314 984 1360 meo
1011 1294 1206 1359 dominus.
1232 1294 1328 1360 tenuit
1343 1293 1425 1369 bunc,

243 1426 268 1463 to
295 1418 389 1482 quem
412 1398 445 1463 in
468 1398 674 1479 superioribus
697 1399 833 1476 modom,
864 1418 934 1463 cum
957 1419 991 1464 se
1015 1399 1236 1464 custoditurum
1259 1399 1362 1483 legem
1384 1396 1427 1462 dei

295 1502 466 1583 spopondit.
513 1523 573 1567 non
604 1503 688 1568 euim
718 1505 757 1569 de
788 1522 835 1580 eu,
866 1524 960 1588 quom
984 1502 1183 1585 corporaliter
1206 1502 1328 1588 egebat
1352 1500 1426 1585 loqui

293 1606 492 1691 intellegitur,
516 1627 587 1671 cum
611 1607 735 1690 quando
767 1603 990 1673 custoditurum
1014 1627 1047 1673 se
1070 1606 1179 1688 potius,
1210 1626 1304 1690 quam
1335 1612 1427 1671 custo

295 1711 361 1776 dire
385 1711 522 1776 fatentur.

338 1832 367 1896 t.
392 1832 537 1917 Sequitur
558 1833 686 1898 deinde:
710 1835 956 1915 deprecatus
979 1853 1063 1897 sum
1086 1832 1232 1897 sociem
1263 1838 1369 1897 tuom
1393 1830 1428 1893 iu

243 1962 268 1999 rr
295 1942 378 2002 toto
401 1938 522 2002 corde
545 1958 644 2002 meo:
669 1938 965 2004 misereremei
988 1935 1428 2019 seeundumeloquium

295 2049 410 2109 tuum.
442 2040 573 2126 Moysen
596 2043 797 2121 deprecatum
820 2062 888 2107 esse
911 2042 1118 2119 meminimus,
1140 2049 1176 2106 ut
1198 2042 1293 2105 deum
1308 2041 1428 2105 uideret

294 2153 326 2211 et
348 2148 426 2211 sorte
448 2153 581 2227 cognate
604 2145 686 2225 preci
711 2146 776 2211 eius
799 2145 957 2226 prophetoe
979 2145 1071 2211 huius
1086 2145 1182 2210 oratio
1200 2144 1429 2209 existimabitur.

294 2251 350 2315 sed
387 2250 503 2315 dictum
541 2249 683 2315 meminit
717 2269 735 2313 a
770 2251 841 2315 deo:
881 2269 993 2315 nemo
1031 2248 1235 2315 hominum
1272 2245 1431 2313 uidebit

294 2353 443 2420 sociem
465 2372 590 2418 meum
615 2362 651 2420 et
672 2354 793 2419 uiuet.
839 2374 914 2438 ergo
937 2354 1018 2437 quod
1041 2360 1191 2437 negatum
1209 2351 1311 2437 Moysi
1328 2349 1432 2416 memi-

244 2479 268 2516 20
294 2458 383 2535 uerit,
408 2458 438 2523 id
462 2458 588 2524 concedi
612 2458 670 2523 sibi
695 2456 851 2539 postulet?
895 2459 952 2523 sed
974 2478 1106 2535 rursum
1135 2456 1209 2522 licet
1235 2457 1320 2522 dioto
1343 2472 1431 2521 euon-

294 2562 394 2646 gelico
428 2563 561 2628 unterior
596 2563 643 2641 sit,
677 2563 820 2628 meminit
852 2569 956 2627 tomen
990 2561 1072 2627 hanc
1104 2560 1177 2627 fidei
1209 2559 1432 2625 beatitudinem

294 2666 456 2744 reseruari,
486 2668 560 2750 quio
590 2668 717 2732 dicitur:
752 2667 865 2732 beuti
900 2666 1044 2730 mundo
1078 2667 1208 2741 corde,
1243 2663 1433 2747 quonium

294 2769 375 2850 ipsi
409 2772 519 2835 deum
556 2772 762 2837 uidebunt.
807 2772 913 2853 itoque
944 2790 1016 2836 oum
1045 2770 1077 2834 io
1108 2769 1180 2853 lege
1208 2767 1286 2833 sciet
1310 2769 1435 2840 dictum,

294 2876 377 2957 quod
400 2894 491 2939 nemo
515 2874 627 2939 sociem
652 2876 701 2939 dei
723 2874 828 2940 uideat
851 2883 883 2939 et
904 2876 995 2951 uiuet,
1022 2882 1052 2939 et
1074 2893 1111 2939 er
1134 2871 1317 2957 euangelica
1340 2868 1435 2936 beuti·

243 2996 269 3035 2⁶
295 2978 400 3044 tudine
430 2998 489 3043 non
520 2979 660 3063 ombigot
689 2998 797 3044 omnes
827 2980 941 3044 mundo
971 2979 1065 3044 corde
1096 2979 1188 3043 deum
1211 2997 1281 3043 esse
1303 2977 1435 3049 uisuros,

293 3082 439 3163 perfecte
462 3084 620 3148 modestiae
644 3090 887 3163 temperamento
909 3084 1108 3165 cupiditatem
1132 3081 1278 3149 desiderii
1303 3081 1353 3146 sni
1376 3077 1437 3144 elo-

294 3188 581 3253 cutusestdicens:
607 3187 853 3269 deprecatus
876 3208 960 3253 sum
983 3186 1133 3253 faciem
1157 3193 1264 3252 tuom
1286 3185 1328 3249 in
1353 3190 1437 3249 toto

293 3294 412 3359 corde
436 3312 528 3357 meo.
573 3292 632 3357 scit
654 3312 736 3357 nnnc
759 3291 937 3373 inpossibile
960 3292 1019 3357 sibi
1042 3310 1121 3369 esse,
1145 3291 1226 3375 quod
1248 3308 1309 3355 nec
1331 3284 1439 3355 oculus

337 3483 430 3537 udal.
450 3484 484 3549 ΙΙ,
502 3484 544 3537 20.
582 3485 615 3536 18
632 3482 719 3537 Exod.
739 3483 865 3549 XXXIII,
882 3485 925 3569 dd.
961 3483 996 3537 22
1012 3482 1112 3536 matth.
1131 3482 1163 3550 V,
1181 3484 1206 3536 8.

339 3662 442 3727 lquoe
460 3660 535 3713 enim
553 3661 581 3711 Ε
631 3662 772 3715 2merees
800 3665 843 3715 est
869 3661 924 3714 RE
948 3660 1083 3715 mercedis
1108 3665 1123 3713 d
1143 3678 1165 3730 p
1190 3658 1225 3727 cs.
1245 3659 1332 3712 Acori.
1358 3676 1388 3728 p.
1407 3652 1441 3709 18

293 3744 357 3800 bid
376 3762 408 3799 eo
427 3751 469 3800 est
492 3746 565 3816 Vos.
585 3748 666 3800 Acad.
683 3766 711 3817 p.
730 3746 771 3799 22
823 3749 923 3802 ’tuine
938 3758 998 3819 post
1016 3763 1068 3817 ege
1090 3747 1188 3817 ormcp
1240 3744 1393 3799 &soeculo
1411 3760 1440 3795 e:

295 3832 406 3886 soeculd
431 3834 456 3885 R
482 3833 621 3887 saeculum
645 3834 669 3888 V
719 3837 821 3888 9inter
847 3833 975 3889 dominus
1002 3846 1025 3889 et
1050 3833 1142 3889 tenuit
1164 3834 1202 3903 pb
1219 3834 1298 3885 odd:
1324 3831 1388 3886 dixi
1410 3832 1444 3884 nt

294 3970 447 4025 eustodiem
456 3972 548 4040 legem
557 3975 633 4027 tuem
688 3975 721 4027 10
730 3990 795 4028 eum
807 3974 917 4042 quondo
927 3976 979 4028 seb
1032 3930 1223 4043 rlspiidittt
1275 3974 1313 4025 12
1329 3970 1443 4041 quondo

294 4075 342 4109 om.
372 4060 438 4127 CpE
498 4058 531 4111 16
550 4060 745 4128 depraecetum
772 4080 803 4115 ec
829 4063 1009 4130 depraecetur
1037 4078 1069 4114 m.
1098 4060 1118 4113 2
1148 4060 1173 4113 V
1230 4074 1292 4113 esse
1322 4078 1375 4111 om.
1405 4057 1443 4128 Cp

295 4146 326 4197 17
336 4145 430 4212 praeci
445 4144 493 4199 VR
545 4146 634 4201 oratio
644 4148 730 4202 om.V
781 4149 813 4202 18
828 4148 956 4202 meminit
970 4166 986 4203 a
1001 4147 1053 4201 deo
1067 4145 1293 4201 diotumt'edeo
1309 4144 1479 4217 meminit'

195 4216 199 4229 ’
293 4230 398 4284 dictum
405 4250 426 4300 p
479 4232 514 4286 20
531 4231 597 4287 licet
609 4251 720 4287 rursum
729 4236 765 4304 pb
817 4236 852 4289 22
870 4252 924 4302 qua
942 4235 1045 4289 dicitur
1067 4233 1160 4305 chE
1209 4233 1245 4287 26
1262 4233 1396 4301 perfecto
1417 4232 1444 4285 (¹.
