3075 4967
300 248 362 326 2932
647 248 762 300 saneti
782 248 919 301 Hilarii
937 249 1100 316 episcopi

346 437 393 501 17.
418 437 478 502 Sed
503 437 578 520 quia
598 443 668 516 post
689 436 768 521 legis
789 444 927 517 tempora
942 437 1247 520 circumcisionisque
1263 438 1432 518 prescripta

301 540 586 624 sacrificiorumque
608 548 762 634 praeeepta
785 561 841 622 per
863 541 1054 626 euangelica
1073 542 1276 608 consessionis
1290 541 1381 607 fidem
1396 543 1431 607 ah

302 646 358 723 hia,
382 646 442 729 qui*
458 644 629 729 gloriantur
651 630 786 728 inlege,
820 647 852 710 id
875 653 923 711 est
945 667 963 709 a
986 645 1102 710 carnali
1134 645 1262 721 Israhel
1295 648 1433 730 quasdam

300 771 355 832 per
384 770 439 814 nos
469 750 591 815 uidetur
621 751 706 830 paeis
737 750 787 814 dei
818 749 902 814 laeta
932 769 1001 815 esse
1036 751 1163 816 mutatio
1197 751 1433 835 cognitionisque

262 879 274 918 a
301 853 434 932 alterius,
458 873 552 937 quam
577 855 607 918 in
630 853 700 938 lege
720 855 901 952 prescripta
917 865 972 936 est,
996 853 1168 920 introducta
1184 855 1344 931 consessio,
1367 875 1432 920 oum

302 979 356 1023 nos
380 958 482 1022 omnia
504 979 560 1038 per
595 959 755 1024 deminum
790 957 906 1023 Iesum¹
930 956 1096 1036 Christum,
1131 980 1334 1044 quascumque
1364 980 1435 1040 pra»

301 1069 391 1142 cepta.
407 1068 478 1127 sunt
493 1061 571 1145 lege,
595 1063 625 1126 in
644 1062 857 1146 euangelicam
874 1083 962 1146 spem
986 1064 1170 1128 adumbrata
1193 1083 1261 1128 esse
1278 1066 1435 1128 doceamus

301 1165 368 1260 illis
395 1175 500 1230 eorrtre
534 1167 625 1230 deum
662 1174 781 1246 patrem
817 1187 921 1232 seeum
955 1166 1087 1231 loentum
1122 1186 1158 1232 ae
1191 1167 1294 1252 legem
1320 1168 1436 1232 dedisse

302 1270 499 1335 iactantibus:
524 1271 775 1350 respondendum
799 1280 854 1348 est,
879 1271 937 1336 hae
961 1272 1029 1352 ipsa
1052 1271 1162 1352 psalmi
1197 1271 1359 1353 prophetia
1387 1291 1437 1352 per

251 1397 275 1433 ιο
303 1373 431 1464 angelos
465 1375 564 1456 potius
603 1374 705 1458 legem
739 1376 769 1439 in
807 1395 900 1440 manu
937 1377 1116 1440 mediatoris
1155 1397 1223 1441 esse
1261 1376 1437 1458 dispositam

301 1499 401 1562 neque
425 1479 553 1543 anobis
588 1481 754 1562 quiequam
786 1499 855 1544 esse
884 1487 1046 1546 mutatum.
1078 1482 1133 1544 sed
1163 1481 1193 1544 in
1228 1479 1277 1544 his
1309 1501 1436 1545 manere.

303 1601 371 1666 qum
395 1581 460 1648 sole
483 1591 563 1652 sunt.
587 1583 618 1648 id
643 1592 689 1648 est
713 1604 807 1648 amam
830 1585 1024 1668 eandemque
1047 1585 1152 1649 sedem
1179 1585 1228 1649 dei
1252 1587 1337 1666 pasis
1361 1584 1437 1648 ineo

302 1686 373 1759 lere,
397 1707 466 1752 eum
501 1688 623 1770 quaudo
658 1689 791 1752 eundem
825 1690 1058 1768 praedicatorem
1094 1689 1248 1772 euangelii
1282 1689 1437 1754 dominnm

304 1791 408 1855 lesum
432 1787 598 1866 Christum,
622 1811 714 1875 quem
739 1799 769 1856 et
792 1791 921 1857 latorem
944 1791 1022 1877 legis
1043 1791 1221 1858 habeamus.
1269 1803 1338 1874 post
1352 1793 1438 1858 unius

252 1915 276 1952 a
304 1894 385 1959 enim
410 1892 571 1974 eonplneiti
597 1896 654 1959 deo
679 1897 791 1960 montis
815 1898 931 1974 sedem,
954 1917 1047 1980 quam
1072 1917 1170 1979 usque
1200 1897 1231 1961 in
1262 1896 1356 1962 finem
1386 1918 1439 1960 eu-

303 1998 388 2064 lestls
413 1997 571 2077 habitabit,
595 2006 628 2063 ut
651 2001 734 2064 sedis
759 2000 826 2065 haee
850 2001 1038 2084 euangelica
1062 2001 1146 2082 pacis
1168 2001 1367 2082 praeformata
1390 2022 1439 2081 per

304 2104 505 2168 mediatorem
543 2102 623 2187 legis
660 2103 892 2186 intellegeretur
929 2105 959 2169 ln
998 2104 1077 2188 lege,
1115 2107 1258 2170 continuo
1297 2106 1438 2171 subiecit:

303 2226 445 2272 nnrrus
469 2207 530 2271 dei
556 2207 693 2272 deoem
725 2208 880 2273 milium
910 2208 1137 2290 multiplex,
1168 2208 1282 2274 milia
1313 2209 1439 2274 laet-an·

305 2312 414 2376 tium:
440 2312 624 2376 dominus
648 2311 799 2377 inillis
824 2315 860 2376 in
885 2313 989 2388 Sina,
1015 2314 1052 2376 in
1084 2320 1225 2379 saneto
1256 2314 1440 2378 aseendit

253 2441 277 2477 ρο
305 2415 342 2478 in
367 2414 502 2486 altum,
534 2417 644 2497 oepit
674 2417 970 2500 captiuitatem,
994 2418 1107 2482 dedit
1137 2418 1239 2483 dona
1261 2417 1298 2482 in
1325 2417 1439 2483 homi-

305 2519 432 2596 nibus,
457 2523 606 2584 etenim
632 2542 705 2584 non
730 2523 949 2586 eredentes
973 2521 1219 2587 inhabitare.

350 2693 400 2758 18.
427 2694 535 2759 Fidem
559 2715 681 2758 omnem
708 2696 813 2760 hrenia
835 2695 902 2760 hae
926 2697 1054 2779 quidem
1070 2696 1166 2760 uerba
1180 2695 1367 2779 significant,
1390 2697 1441 2760 sed

305 2817 374 2880 quse
399 2798 561 2862 uirtutibus
596 2801 658 2863 stris
693 2819 809 2880 magna
842 2808 873 2864 et
907 2799 1026 2864 infinita
1060 2799 1208 2883 conplexa
1241 2808 1320 2865 sunt
1365 2801 1442 2864 hane

306 2909 407 2966 autem
432 2921 538 2966 eumue
562 2903 626 2967 siue
650 2905 732 2968 sedis
756 2904 805 2968 dei
830 2905 1010 2988 dignitatem
1029 2903 1113 2968 haud
1130 2905 1320 2969 dissimiliter
1338 2903 1441 2968 Daniel

254 3027 280 3066 ss
307 3004 455 3088 propheta
497 3007 661 3088 descripsit
692 3007 814 3072 disens:
853 3009 965 3073 sedis
1001 3009 1090 3073 elus
1124 3008 1302 3074 flamma:
1336 3009 1441 3092 ignis

350 3251 384 3301 ‘25
403 3249 470 3302 Dan.
490 3249 548 3316 Vll,
568 3255 584 3302 9
603 3269 642 3318 sq.

351 3459 595 3525 lprnescribtal'
638 3460 870 3528 lleuangeliodl’
914 3461 1075 3515 3inom.R
1128 3462 1241 3514 istrahel
1259 3462 1283 3514 V
1332 3463 1440 3529 hprae·

307 3543 457 3597 scribtaV
507 3542 647 3614 Gpdu'r'n
670 3541 733 3630 urim
748 3547 776 3598 P
826 3548 889 3600 7in
906 3565 978 3616 supr.
997 3567 1045 3600 scr.
1065 3567 1096 3600 ru.
1120 3549 1132 3600 l
1146 3549 1172 3600 R
1224 3549 1252 3600 in
1271 3565 1347 3617 spem
1364 3565 1441 3601 euan-

307 3648 423 3716 gelicam
448 3649 549 3702 l'PTE
599 3651 745 3705 doceamus
764 3671 794 3704 ea
812 3650 940 3706 donemus
959 3651 1022 3704 m?
1037 3653 1061 3702 1¹⁷
1109 3652 1180 3706 had
1198 3652 1260 3721 lege
1282 3654 1307 3706 l'
1353 3653 1440 3705 illae·

307 3787 469 3841 tantlbusV
519 3789 569 3842 hae
589 3809 618 3842 aa
636 3790 739 3844 hoeoP
790 3795 823 3844 13
842 3745 1172 3860 eumdmpraedieatorem
1188 3792 1212 3846 tf
1262 3788 1327 3845 dffi'n
1346 3793 1402 3844 dun
1421 3789 1442 3842 l'

310 3877 341 3927 15
360 3871 472 3928 dss'oPt'
532 3878 561 3929 in
579 3876 633 3930 fine
652 3879 677 3930 R
733 3881 764 3932 16
783 3877 920 3932 habitauit.
944 3879 990 3930 VP
1040 3879 1116 3933 sedes
1137 3877 1271 3944 (essedis
1290 3879 1326 3944 1³)
1345 3877 1443 3932 nm

308 3960 341 4014 18
359 3973 414 4029 post
433 3963 595 4017 laetantium
613 3963 687 4016 3-4
706 3966 752 4017 litt.
772 3982 837 4018 eras.
855 3966 880 4018 R
934 3968 966 4018 19
985 3965 1013 4018 in
1032 3965 1088 4018 illis
1107 3983 1138 4019 ex
1156 3966 1261 4020 illlam.
1282 3967 1337 4020 IR
1386 3965 1441 4018 sina

310 4067 339 4100 es
358 4048 414 4102 sine
434 4067 465 4100 nt.
486 4049 505 4100 2
520 4050 543 4102 V
559 4068 626 4117 syna
642 4051 718 4104 nPT
771 4051 800 4103 in
818 4059 913 4106 saneta
929 4052 951 4104 V
1001 4055 1036 4106 20
1054 4053 1210 4108 hominibus
1229 4056 1292 4118 lom.
1303 4053 1341 4119 in)
1365 4052 1440 4106 Wl'e

309 4135 355 4186 sed
371 4136 404 4201 cs.
423 4135 485 4204 lusr.
538 4139 570 4190 21
590 4137 744 4190 inhabitare
763 4135 830 4191 dnm
847 4139 893 4190 dm
913 4140 938 4190 R
990 4142 1024 4191 24
1050 4139 1124 4193 haud
1142 4159 1172 4193 ex
1190 4139 1257 4194 haut
1277 4142 1330 4195 ΗΡ
1344 4141 1406 4194 haut
1422 4137 1442 4189 V

310 4219 421 4272 danihel
442 4221 517 4274 mu
568 4226 601 4276 25
620 4225 696 4278 sedes
716 4225 820 4278 RPTE
