3075 4967
292 272 356 338 836
631 278 749 331 sancti
771 278 907 331 Hilarii
931 278 1096 347 episcopi

292 466 537 532 dissimulantem
571 468 725 551 assequi
760 467 836 533 daus
869 473 925 533 est.
971 470 1010 533 ad
1033 468 1066 532 id
1088 469 1182 547 enirn,
1205 470 1287 553 quod
1322 470 1427 536 dictum

291 577 353 636 est:
400 571 564 636 institia
608 577 674 636 tua
719 571 975 648 exultabunt,
1021 578 1181 655 tamquam
1224 576 1426 640 necessarium
1517 579 1518 618 ³

290 675 444 759 sequitur:
498 675 720 741 miserator
765 683 804 741 et
848 675 1090 742 misericors
1135 677 1322 743 dominus
1366 687 1427 757 est,

289 780 452 861 patiens
487 786 524 845 et
557 780 692 846 multae
727 780 1033 846 misericordie.
1078 782 1218 848 suauis
1249 784 1427 848 dominus
1517 793 1518 868 f

250 907 263 943 a
291 886 507 963 uniuersis,
531 893 567 949 ct
590 884 880 950 miserationes
904 885 991 950 eius
1013 906 1135 967 anper
1157 888 1293 952 omnia
1311 908 1425 969 opera

289 989 386 1054 eius.
432 990 515 1072 quod
549 989 633 1054 enim
667 995 777 1070 potens
811 996 865 1065 est,
898 996 1017 1055 naturae
1050 1011 1114 1055 suae
1137 991 1233 1057 uirtus
1257 998 1321 1057 est:
1353 993 1425 1076 qnod
1517 1029 1518 1032 =

289 1100 393 1159 autem
416 1094 591 1159 misericors
615 1098 671 1170 est,
694 1092 802 1158 salutis
825 1100 941 1159 nostme
962 1094 1118 1175 profectus
1141 1103 1197 1161 est.
1243 1103 1274 1161 et
1299 1096 1368 1179 plns
1386 1105 1427 1161 est

275 1218 349 1269 ¹non
373 1197 510 1275 scienti,
534 1198 590 1262 sed
614 1196 895 1279 alilspraesl-itisae
931 1217 1000 1281 quae
1034 1218 1090 1263 sua
1123 1206 1210 1279 aunt;
1241 1212 1336 1283 atque
1364 1200 1425 1265 ider
1517 1207 1518 1238 ³

289 1307 416 1382 praestat
438 1301 549 1366 ceteris
572 1302 621 1366 dei
645 1301 790 1382 operibus
812 1301 1034 1377 misericordie,
1065 1304 1139 1387 quia
1168 1302 1338 1387 magnilica
1367 1306 1425 1369 cius

237 1426 261 1462 10
290 1406 426 1487 operatio
463 1405 583 1470 uirtutis
621 1424 684 1469 snae
720 1425 771 1470 res
805 1412 861 1483 est,
898 1405 1112 1471 misericordia
1145 1427 1217 1472 uero
1255 1407 1323 1472 eius
1359 1428 1424 1472 usus
1517 1437 1518 1442 ¹

288 1509 483 1576 mmmem

334 1614 381 1678 16.
405 1612 452 1679 Ob
476 1616 558 1697 quod
582 1620 742 1697 tamquam
773 1614 803 1677 in
834 1614 920 1696 apice
949 1614 1016 1695 ipso
1051 1614 1226 1680 diuinarum
1249 1616 1288 1680 ob
1312 1616 1424 1681 miseri·
1517 1707 1518 1718 ἵ

288 1719 422 1783 cordiam
456 1719 592 1783 laudium
627 1717 779 1799 propheta
812 1719 986 1783 consistens
1020 1718 1161 1784 debitum
1195 1720 1253 1784 deo
1284 1718 1421 1784 honorem

289 1822 383 1887 ueluti
415 1821 545 1905 publicae
579 1822 781 1887 consessionis
815 1822 948 1887 ostendit
982 1822 1106 1887 dicens:
1147 1823 1421 1889 confiteantur
1517 1859 1518 1862 =

237 1962 261 1997 ιε
288 1926 372 2004 tibi,
396 1926 564 2003 domine,
595 1926 726 1991 omnia
749 1946 872 2006 opera
895 1932 970 2004 tua,
1005 1932 1044 1992 et
1066 1927 1198 1992 sancti
1222 1927 1280 1992 tui
1304 1926 1420 1991 consi-

287 2029 550 2095 teanturtibi.
587 2026 1179 2115 gloriamr'egnituidicentet
1202 2031 1418 2111 potentiam

287 2142 390 2198 tuam
414 2134 646 2217 loquentur:
678 2140 720 2199 ut
750 2145 882 2199 notum
914 2134 1069 2199 saciant
1094 2133 1200 2198 tiliis
1225 2134 1416 2199 hominum

287 2239 508 2319 potentiam
544 2246 648 2303 tuem
684 2250 720 2303 et
754 2238 927 2323 gloriam
963 2238 1290 2322 magnificentia
1313 2239 1417 2323 regni

288 2345 353 2408 tui.
398 2362 563 2427 regnum
595 2349 701 2409 tuum
733 2364 901 2427 regnum
924 2343 1099 2407 omnium
1122 2343 1365 2419 seculorum,
1386 2347 1417 2405 et

236 2480 261 2518 ru
288 2447 511 2513 dominatio
546 2454 610 2512 tua
645 2450 681 2511 in
718 2447 1119 2531 omnigeneratione
1153 2454 1190 2512 et
1220 2447 1415 2531 progenie.

286 2554 400 2635 dignus
434 2551 613 2633 prophetica
648 2550 913 2635 magniloquentia
945 2552 1021 2615 ordo
1052 2551 1204 2616 dictorum
1235 2557 1291 2616 est
1335 2568 1416 2629 opera

286 2656 378 2720 deum
395 2656 590 2720 confitentur:
607 2675 699 2739 quam
716 2656 903 2739 magnificus
919 2656 1002 2720 enim
1017 2656 1066 2733 sit,
1090 2676 1219 2736 operum
1235 2662 1266 2719 et
1281 2662 1414 2719 creature

286 2758 517 2842 magnificentia
540 2760 708 2825 confitetur.
754 2760 810 2824 sed
833 2758 1019 2824 confitentur
1042 2765 1072 2823 et
1094 2760 1203 2834 sancti,
1234 2759 1343 2843 quibus
1369 2777 1414 2820 ran

286 2882 355 2927 esse
378 2863 531 2947 dignatur.
576 2864 707 2948 gloriam
730 2863 819 2944 regni
842 2863 1010 2939 elocuntur,
1033 2883 1072 2927 ne
1096 2862 1238 2947 ignorata
1264 2883 1324 2927 non
1346 2859 1413 2924 desi·

234 2998 259 3035 aa
286 2968 411 3031 deretur
433 2968 543 3032 usuris.
589 2968 855 3051 magnificentiam
889 2987 1011 3051 quoque
1033 2966 1140 3050 gloriae
1163 2968 1255 3050 regni
1278 2966 1326 3031 dei
1347 2983 1411 3028 nun·

284 3070 367 3147 liant,
390 3090 430 3135 ne
453 3072 634 3152 desperetur
657 3078 781 3135 aeterna.
828 3072 1003 3135 dominatus
1026 3071 1119 3136 etiam
1141 3070 1410 3154 ingenerationem

284 3185 315 3240 et
329 3178 562 3259 generationem
578 3176 757 3251 ostenditur,
769 3182 804 3240 ut
819 3195 854 3240 se
869 3176 1039 3240 dominatui
1054 3174 1216 3259 intellegat
1230 3181 1411 3239 coaeternam.

283 3287 375 3365 atque
397 3282 440 3344 lta
462 3280 595 3364 cognitio
619 3281 668 3345 dei
691 3280 722 3344 in
747 3280 893 3360 operibns
927 3286 983 3357 est,
1017 3291 1194 3343 sanctorum
1229 3276 1360 3343 officinm
1385 3274 1411 3337 in

283 3386 421 3450 doctrine
444 3394 499 3462 est,
522 3384 691 3465 prophetiae
714 3404 788 3449 usus
811 3384 842 3448 in
873 3383 1092 3464 predicatione
1123 3389 1177 3460 est
1208 3382 1299 3465 regni
1325 3378 1412 3463 gloria

230 3519 256 3556 eo
283 3491 314 3553 in
338 3490 506 3554 aeternitate
536 3489 709 3553 dominatus
740 3494 795 3566 est,
826 3488 1000 3552 dominatus
1029 3488 1186 3552 aeternitas
1216 3506 1270 3551 cos
1300 3499 1412 3549 necessa
1517 3549 1518 3584 ᾖ

284 3599 330 3657 est
351 3592 475 3669 habeat,
500 3594 531 3655 in
556 3612 633 3675 quos
657 3597 766 3675 agutur
788 3597 931 3656 aternus.
1517 3587 1518 3660 ξ

328 3698 377 3762 ll.
403 3700 505 3781 Atque
539 3698 578 3761 ad
613 3696 644 3760 id
679 3697 794 3777 spebus
831 3694 977 3760 fidelibus
1011 3696 1220 3775 expetendum
1255 3687 1410 3757 adhortatio
1517 3691 1518 3770 3

325 3908 340 3957 2
369 3906 503 3959 iustitiam
530 3912 607 3959 tuam
634 3906 660 3958 R
686 3906 732 3959 scd
757 3905 792 3974 cs.
815 3923 845 3976 p.
872 3901 938 3969 833,
965 3902 1007 3956 32
1058 3907 1076 3958 3
1102 3905 1250 3958 miserator
1277 3905 1305 3955 et
1328 3894 1409 3951 oen

284 3996 315 4045 12
333 3992 393 4061 ipso
411 3994 450 4046 Re
468 3992 560 4061 ipset
614 3994 647 4046 13
668 3992 792 4046 laudium
811 3991 837 4044 R
854 3992 888 4061 cs.
907 3990 983 4044 Neue
1000 3991 1172 4056 Formati,
1191 3988 1250 4042 272
1267 3980 1410 4041 laudumE

284 4083 448 4147 teregnum
467 4078 590 4132 omnium
608 4080 634 4131 R
652 4078 686 4147 cf.
706 4079 825 4131 Sedecier
842 4078 881 4141 ΙΙ,
894 4076 953 4131 280
970 4078 1095 4131 omnium
1107 4077 1136 4128 E
1185 4078 1221 4130 20
1237 4066 1408 4144 progeniacd

281 4166 316 4217 24
342 4164 489 4231 eloquntur
507 4166 533 4218 R
601 4167 636 4217 27
662 4164 817 4218 dominatui
843 4164 983 4233 intelliget
1009 4169 1179 4218 coaeternam
1205 4162 1246 4215 st
1269 4151 1406 4213 dominatui

282 4250 429 4304 subiicient
447 4256 592 4304 coaeterno
611 4270 624 4304 e
676 4252 711 4305 32
729 4252 829 4319 spebus
848 4252 876 4303 Ε
891 4268 968 4319 spem
986 4252 1019 4303 R.
