3075 4967
286 276 349 340 250
623 279 741 331 sancti
766 278 902 332 Hilarii
927 278 1090 348 episcopi

284 467 317 531 id
340 465 566 532 confitendum:
589 468 628 532 in
651 467 918 534 multitudine
941 467 1114 533 uirtutis
1137 473 1211 532 tuae
1233 467 1422 532 mentien-

285 580 347 635 tur
370 570 447 637 tibi
470 571 631 637 inimici
653 573 720 637 tui.
764 573 821 637 sed
844 578 878 637 ut
900 573 1051 637 rationem
1085 578 1178 655 atque
1211 571 1352 637 ordinem
1384 570 1423 635 ita

285 674 424 755 dispositi
448 673 538 740 buius
560 676 715 742 sermonis
731 676 959 760 intellegamus
976 676 1186 742 necessarium
1210 681 1257 740 eet
1280 675 1321 748 id,
1345 676 1423 759 quod

285 778 498 844 difficultatem
521 779 629 858 adfert,
653 783 758 861 paucis
780 779 952 846 absoluere.

246 908 259 946 r
328 886 360 948 3.
382 882 420 947 ln
442 882 546 948 latinia
567 885 724 950 codicibus
747 886 790 949 ita
811 884 961 970 legimus:
991 883 1168 950 iubilate
1191 886 1264 950 deo
1298 884 1425 948 omnis

285 993 404 1051 terra.
448 994 480 1052 et
501 994 652 1070 quantum
675 991 715 1053 ad
739 988 852 1072 eloquii
875 989 973 1053 nostri
1006 988 1263 1054 consuetudinem
1286 989 1425 1068 pertinet

285 1091 410 1156 iubilum
434 1091 599 1172 pastoralis
622 1093 818 1176 agrestisque
851 1094 937 1158 uocis
971 1112 1080 1157 sonum
1112 1111 1334 1173 nuncupamus,
1358 1111 1424 1157 cum

285 1195 317 1259 in
339 1194 554 1261 solitudinibus
576 1203 629 1260 ant
650 1199 842 1278 respondens
865 1203 916 1261 aut
938 1197 1099 1280 requirens
1114 1216 1170 1276 per
1185 1195 1424 1280 significantiam

286 1299 385 1363 ductae
407 1300 438 1364 ia
455 1301 582 1384 longum
599 1306 632 1366 et
646 1320 801 1382 expressae
823 1302 855 1365 in
879 1301 981 1366 nisum
1005 1321 1097 1366 sonus
1120 1301 1205 1366 uocis
1226 1300 1359 1365 auditur.
1397 1301 1425 1364 in

234 1426 259 1464 ro
286 1404 398 1487 graecis
420 1423 494 1468 uero
516 1404 611 1482 libris,
648 1405 700 1488 qui
733 1425 772 1470 er
805 1404 931 1470 hebraeo
961 1404 1091 1486 proximi
1121 1415 1199 1480 sunt,
1232 1423 1293 1468 non
1317 1405 1426 1470 eadem

287 1507 494 1591 significantia
515 1508 667 1575 scribitur.
713 1529 847 1592 namque
877 1510 919 1574 ita
949 1529 982 1575 se
1017 1508 1148 1574 babent:
1173 1501 1359 1589 ἀλαλάξατε
1382 1507 1428 1592 τῷ

289 1607 360 1696 θεῷ
381 1611 472 1676 πᾶσα
493 1606 514 1696 ἡ
535 1611 590 1696 γῆ;
622 1619 653 1677 et
675 1633 747 1678 cum
769 1612 830 1677 illis
854 1612 1032 1698 alalagmoa
1063 1631 1156 1696 quem
1179 1611 1274 1678 latine
1300 1613 1428 1677 inbilum

287 1721 412 1794 ponunt
434 1716 591 1799 significat
611 1737 720 1782 nocem
743 1718 895 1784 exercitus
926 1716 1107 1800 proeliantis,
1137 1722 1192 1781 ant
1225 1717 1257 1780 in
1280 1735 1429 1782 concursu

287 1821 471 1900 proterentis
504 1819 636 1895 bostem,
670 1830 723 1886 aut
756 1841 932 1888 successum
964 1822 1101 1886 niamnae
1131 1819 1326 1886 exultationis
1356 1840 1430 1885 noca

236 1945 260 1983 a
288 1923 437 1988 testantis.
482 1943 578 2008 quam
600 1945 675 2000 rem,
699 1926 752 1990 ubi
775 1927 819 1990 ita
841 1945 875 1990 se
899 1925 1107 1991 translationis
1136 1926 1214 1989 ratio
1237 1925 1429 2005 temperauit

287 2026 454 2092 absolutius
477 2028 508 2092 in
539 2029 659 2110 psalmo
689 2028 785 2094 altero
814 2030 1041 2113 intellegamus,
1072 2047 1141 2094 cum
1171 2029 1261 2094 dicit:
1293 2047 1429 2092 omnes

287 2136 447 2214 gentes,
485 2132 670 2213 plaudite
708 2134 908 2208 manibus,
943 2132 1119 2198 iubilate
1157 2134 1228 2198 deo
1261 2133 1298 2196 in
1334 2151 1430 2198 uoce

287 2234 566 2301 exultationis.
611 2257 670 2302 uox
703 2248 806 2303 autem
841 2238 1033 2303 exultationis
1068 2237 1212 2302 dissentit
1244 2235 1283 2300 ab
1322 2235 1430 2312 iubilo;

287 2340 344 2403 aad
374 2358 429 2419 pro
460 2341 668 2406 translationis
699 2341 886 2418 condicione,
910 2343 982 2425 qnia
1003 2343 1124 2423 propria
1147 2341 1312 2408 exultantis
1346 2341 1430 2406 uocis

237 2462 262 2500 aa
288 2443 473 2523 nuncupatio
500 2464 561 2509 non
591 2450 717 2525 reperte
749 2451 806 2522 est,
831 2446 948 2528 perid,
973 2446 1055 2528 quod
1076 2445 1206 2510 iubilum
1229 2445 1350 2523 dicitur,
1374 2465 1431 2510 uox

288 2547 452 2611 exultantis
474 2548 654 2613 ostenditur.

335 2756 367 2808 lt
385 2755 429 2808 Ps.
447 2755 544 2820 XLVI,
562 2759 586 2810 2.

334 2964 388 3017 lid
396 2963 483 3017 cm.V
531 2964 561 3016 in
569 2964 810 3019 multitudineb.l.
825 2964 927 3019 VRPE
977 2964 1096 3018 enadad
1111 2964 1137 3018 V
1186 2963 1276 3033 adque
1291 2964 1342 3018 VR
1391 2963 1431 3018 ita

288 3049 416 3118 dispositi
435 3069 483 3103 om.
506 3051 532 3105 V
581 3051 812 3120 dintellegamus
840 3070 888 3105 om.
912 3052 935 3105 V
986 3055 1089 3106 4inter
1115 3053 1211 3120 paucis
1238 3061 1262 3104 et
1288 3051 1430 3105 absoluere

287 3155 359 3207 supr.
386 3154 435 3190 scr.
462 3137 556 3191 uerbis
583 3156 617 3191 m.
641 3137 662 3190 2
685 3138 712 3190 P
761 3138 845 3193 esec
873 3143 1008 3207 quantum
1039 3137 1064 3193 V
1114 3139 1203 3192 noatri
1235 3136 1314 3191 VRE
1335 3155 1384 3190 om.
1408 3135 1433 3186 P

288 3235 510 3356 'legreeti'qnae
528 3294 595 3330 corr.
610 3296 643 3330 m.
666 3275 687 3330 2
709 3276 735 3329 V
784 3294 883 3331 sonum
902 3295 932 3332 ec
950 3294 1042 3331 eruum
1059 3296 1092 3331 m.
1113 3277 1128 3328 l
1148 3276 1174 3330 V
1223 3277 1310 3344 Sper
1329 3271 1430 3345 signifi-

289 3381 409 3435 cantiam
427 3399 475 3434 om.
500 3381 526 3434 V
574 3385 638 3436 aaa
656 3398 818 3451 expraeseae
835 3382 866 3436 in
884 3383 1054 3436 nisum-:zR
1072 3385 1101 3436 et
1124 3397 1272 3451 expressae
1298 3379 1391 3434 innisd
1408 3378 1433 3430 Ρ

289 3461 637 3566 dtexpsseieraesdaom.
655 3469 680 3521 V
729 3485 813 3522 sonus
829 3469 963 3522 VPEom.
977 3470 1003 3522 R
1055 3469 1169 3523 auditur
1186 3468 1216 3520 in
1234 3466 1342 3536 graecis
1360 3463 1432 3519 VPE

288 3590 368 3644 audit
386 3590 415 3644 in
433 3593 524 3659 grecis
550 3609 622 3660 capr.
645 3609 694 3644 scr.
718 3609 752 3644 m.
776 3587 862 3644 3313
915 3593 948 3644 10
972 3605 1007 3643 ex
1029 3588 1159 3643 hebreico
1182 3589 1209 3644 V
1256 3606 1314 3642 non
1337 3587 1428 3640 eadem

289 3685 787 3754 significationemeiusmodibabetV
823 3688 849 3740 ll
864 3671 1429 3755 ΑΛΛΑΞΑΤΕΤωΟΕωΠΕΑΗΙΗῇΗ

290 3775 955 3844 (ΑΛΑΛΑΡΜΟΙθεΤωθεωΠΑεΛεΡΗ
991 3787 1105 3859 (prame
1138 3789 1173 3841 11
1198 3790 1245 3842 tar.
1273 3791 1300 3841 a
1317 3787 1432 3844 mir

289 3885 472 3948 αλαλαξατε
493 3905 540 3948 τω
563 3887 769 3963 θεμιτακλητε
790 3914 810 3945 a
833 3883 1016 3948 ἀλαλάξατε
1035 3921 1068 3931 -
1085 3893 1144 3947 illis
1171 3911 1220 3947 om.
1249 3893 1276 3948 V
1326 3891 1427 3948 1221·-

289 3988 395 4057 lagrnos
405 3990 450 4041 Ra
459 3989 612 4059 alalagmus
626 3991 676 4044 VP
725 3988 807 4043 latini
821 3989 846 4043 V
898 3991 930 4043 la
947 3987 1110 4057 proeliantis
1124 3988 1174 4042 VR
1183 3988 1331 4058 praelianti
1340 4003 1394 4040 Ξι
1407 3985 1431 4037 Ρ

292 4077 324 4128 14
340 4080 514 4143 propterrem
540 4075 649 4130 hostem
671 4077 697 4128 V
746 4091 876 4130 successu
905 4075 930 4130 V
981 4076 1014 4127 16
1031 4075 1226 4144 intellegamus
1254 4075 1307 4128 ΚΡ
1330 4071 1428 4126 intelli·

289 4161 381 4230 mnino
400 4162 429 4214 E
479 4161 749 4217 leabzziubilo
769 4160 909 4228 (ornain)
930 4161 1097 4216 Raiubilo
1120 4161 1170 4215 VP
1221 4165 1254 4216 ra
1272 4161 1337 4230 quis
1354 4160 1378 4213 R
1394 4175 1427 4226 qe

289 4269 308 4299 α
326 4264 381 4316 qna
399 4248 426 4300 P
475 4250 510 4303 ab
527 4253 640 4316 reperta
656 4247 757 4314 δΞῶ
775 4251 803 4302 ia
821 4267 874 4302 roa.
896 4249 1016 4318 lpontea
1035 4265 1101 4302 erne.
1121 4248 1148 4315 s)
1168 4249 1201 4302 R.
