3075 4967
381 284 566 334 tractatus
584 280 618 333 in
637 279 808 348 psalmum
827 279 946 335 CXVIII.
1169 278 1232 345 387

102 480 198 553 pessel
218 474 369 553 lnrepere.
413 473 480 552 ipse
500 490 621 555 quoque
637 469 775 556 eligendi
791 476 822 536 et
837 470 1043 536 constituendi
1065 472 1234 537 sacerdotis

101 576 245 659 quandam
277 576 386 661 legem
412 574 523 652 serens,
554 594 626 640 cum
656 574 718 639 iem
750 594 821 639 eum
851 576 883 640 in
914 574 1025 659 quibus
1056 576 1235 658 episcopum

102 680 220 765 dignum
244 687 292 745 est
313 679 485 745 uirtutibus
500 676 700 757 conlocasset,
731 676 921 762 neophytum
952 678 1027 764 eligi
1055 681 1160 757 uetuit,
1194 699 1234 746 ne

102 785 271 865 superbiret,
287 784 407 849 dicens:
430 802 507 848 non
530 780 786 865 neophytum,
809 801 856 848 ne
877 782 1054 848 inflatus
1076 785 1235 850 incidet

102 888 133 952 in
166 887 361 953 iudicium
401 885 574 952 diaboli:
612 886 648 950 id
682 891 737 963 est,
775 906 815 952 ne
852 905 908 967 per
942 906 1052 952 reeens
1089 888 1233 968 adeptam
1273 917 1286 955 s

102 992 332 1075 regueretiouis
354 990 486 1075 gratiam
509 989 684 1063 insolescat,
715 988 896 1057 cultillum
927 989 1022 1055 inulto
1056 992 1233 1072 passionum

102 1093 171 1160 belo
193 1101 266 1161 ante
287 1095 438 1176 temptari,
468 1092 535 1159 uult
564 1092 667 1159 multis
698 1092 883 1162 nominatis
912 1101 943 1160 et
975 1094 1048 1161 fidei
1071 1096 1234 1176 stipendiis

103 1198 227 1278 prouehi.
272 1218 342 1265 cor
363 1198 468 1266 enlm
493 1197 752 1262 humiliatum
776 1199 873 1263 deus
903 1218 981 1265 non
1013 1199 1174 1279 spernit
1197 1206 1235 1265 et

103 1302 348 1368 sacrificium
372 1303 568 1383 optimum
591 1322 657 1367 cor
680 1301 1020 1380 contribulatum
1051 1302 1144 1387 quia
1166 1304 1234 1387 qui

103 1425 137 1471 se
158 1406 319 1483 exaltat,
343 1404 648 1483 humiliabitur;
671 1416 710 1473 et
732 1406 799 1489 qui
834 1425 874 1471 se
905 1405 1104 1482 humiliat,
1131 1406 1233 1473 eral-
1261 1436 1286 1474 lo

104 1510 256 1575 labitur.

142 1612 387 1679 17.Etidcirco
410 1612 633 1689 maledicti,
658 1614 726 1697 qui
749 1612 1007 1679 declinante
1030 1616 1234 1681 mendatis

104 1717 183 1795 tuis,
205 1718 275 1801 quis
298 1719 496 1799 increpantur
519 1717 658 1798 superbi:
689 1718 763 1801 quia
785 1738 841 1799 per
863 1719 1041 1799 superbiam
1070 1720 1166 1785 animi
1188 1720 1235 1785 in-

104 1820 217 1887 solentis
251 1828 283 1887 et
315 1820 453 1887 humana
484 1822 673 1902 despicimus
707 1828 738 1887 et
775 1821 880 1887 diuina
917 1822 1123 1907 neglegimus.
1179 1824 1233 1890 sed

104 1925 190 1989 uirtus
211 1925 295 1992 uerbi
320 1924 371 1991 hic
394 1923 544 1991 conlocari
569 1944 628 1990 non
644 1924 847 2010 neglegenter
861 1932 910 1991 est
924 1927 1086 1992 audienda.
1109 1948 1233 2008 promp·
1261 1956 1287 1995 as

104 2034 161 2092 tum
181 2031 262 2094 enim
286 2030 386 2095 fuerat
409 2029 528 2095 dicere:
552 2029 715 2107 maledicti,
746 2029 883 2113 quinon
907 2031 1125 2112 obtemperant
1148 2052 1234 2096 man·

103 2131 175 2197 detis
196 2134 263 2198 tuis.
308 2135 348 2199 de
371 2152 431 2197 uno
454 2134 547 2199 etde
570 2133 711 2217 plurimis
731 2134 887 2199 mendatis
910 2135 942 2200 in
965 2136 1121 2216 superiore
1144 2154 1236 2200 uersu

104 2238 284 2317 conpetentis
307 2238 449 2303 diximus.
495 2237 650 2303 maledicti
674 2242 776 2303 autem
801 2244 881 2316 sunt,
909 2239 961 2321 qui
985 2238 1143 2319 perhanc
1166 2259 1236 2320 pro·

104 2338 205 2418 phetiae
227 2342 401 2407 doctrinam
425 2342 535 2406 eruditi
557 2361 576 2405 a
598 2342 752 2405 mandatis
777 2340 825 2406 dei
850 2341 1014 2420 declinant,
1048 2343 1151 2408 idest
1180 2362 1236 2423 per

105 2444 233 2510 uitiomm
255 2446 457 2527 praesentium
480 2444 633 2511 desideria
656 2446 694 2510 ab
718 2466 774 2525 spe
803 2452 987 2511 aeternorum
1017 2448 1233 2511 mandatorum
1262 2478 1287 2512 oo

107 2546 246 2615 decidunt.
292 2550 345 2634 qui
368 2550 452 2613 enirn
476 2548 618 2627 declinat,
643 2549 682 2627 id,
707 2549 738 2613 in
763 2568 824 2633 quo
846 2557 901 2625 est,
925 2550 1043 2615 deuitat
1065 2556 1095 2615 et
1117 2571 1154 2615 ex
1176 2549 1236 2614 alia

106 2654 229 2728 partein
252 2652 347 2717 aliam
372 2652 535 2718 deducitur
558 2659 588 2717 et
611 2652 731 2718 deflexu
755 2654 891 2737 qrrodam
915 2654 954 2719 de
977 2655 1086 2719 itinere
1103 2654 1235 2719 decedit.

106 2754 146 2818 uel
165 2755 269 2823 leuiter
292 2776 366 2841 ergo
390 2755 597 2822 declinantem
620 2777 638 2820 e
662 2758 816 2822 mandetis
840 2758 890 2822 dei
917 2757 1143 2823 meledictionis
1166 2778 1236 2823 seu·

108 2860 189 2923 tentia
209 2859 440 2942 conprehendit,
463 2866 497 2925 ut
519 2859 778 2945 intellegeremus,
801 2862 906 2945 quanti
929 2862 1053 2943 periculi
1078 2882 1128 2927 res
1144 2869 1236 2940 esset,

108 2979 138 3024 ea
158 2966 276 3030 omnino
299 2966 443 3049 ignorare
466 2984 530 3041 nos,
553 2984 571 3028 e
594 2965 706 3048 quibus
729 2965 886 3030 declinare
910 2965 1105 3032 maledictum
1130 2973 1185 3031 est.
1262 2996 1288 3035 ss

142 3084 270 3140 ornem.
290 3088 315 3155 a,
334 3089 359 3141 e.
396 3086 473 3140 sas.
492 3087 523 3155 n,
541 3088 583 3141 ee.
619 3089 636 3137 e
655 3087 721 3141 nuc.
740 3087 812 3155 xiv,
833 3086 1113 3155 11;Matth.xxl11‚
1134 3090 1174 3142 ιε).

145 3191 258 3257 lpossit
276 3192 303 3245 R
357 3191 512 3245 sacerdotes
538 3190 571 3244 V¹
599 3190 784 3245 ssecerdotis
803 3193 829 3244 R
881 3193 979 3245 2eum
1006 3190 1032 3255 (e
1051 3211 1081 3243 ea·
1106 3209 1173 3244 corr.
1201 3208 1234 3241 ns.

108 3270 171 3335 ills
219 3278 248 3330 in
277 3278 320 3331 his
347 3277 448 3347 quibus
474 3279 502 3330 E
551 3276 719 3332 dneofitum
752 3278 819 3348 Vlip
846 3277 1009 3346 neophitum
1038 3282 1060 3331 (¹
1111 3278 1183 3346 elegi
1211 3280 1237 3331 R

106 3361 267 3430 teuperbiat
292 3365 317 3418 Γ
367 3366 458 3433 dpost
476 3380 572 3418 recens
596 3382 663 3418 erae.
688 3381 711 3433 e,
736 3376 796 3435 poet
822 3364 951 3433 adeptam
970 3365 1041 3415 4-5
1061 3366 1107 3416 liu.
1125 3382 1191 3417 erus.
1211 3366 1236 3418 R

190 3460 209 3488 m

105 3496 192 3567 adepta
225 3521 291 3557 corr.
317 3521 350 3556 m.
370 3501 391 3555 2
414 3504 439 3555 V
489 3504 696 3573 90biimnmp
751 3506 785 3557 10
803 3503 997 3556 humiliabitur
1015 3520 1045 3555 ex
1063 3502 1236 3557 umilisbitur

106 3600 133 3636 m.
150 3585 211 3641 2V
262 3592 296 3644 12
315 3594 343 3643 et
370 3590 476 3644 idcirco
503 3590 555 3655 (cir
572 3608 592 3643 s.
610 3608 629 3643 s.
650 3608 682 3643 ru.
702 3588 731 3655 1)
752 3592 777 3643 R
834 3592 864 3644 13
883 3589 994 3657 superbi
1013 3604 1115 3657 —per
1142 3607 1190 3641 our.
1215 3590 1241 3643 Γ

106 3676 250 3739 superbiam
268 3676 354 3729 animi
374 3696 403 3729 es·
421 3676 533 3744 superbi
554 3676 638 3729 animi
656 3695 689 3729 ru.
702 3675 722 3729 2
737 3677 761 3730 V
776 3694 828 3745 per
847 3676 976 3743 superbia
994 3676 1079 3728 animi
1097 3676 1123 3728 11
1141 3691 1236 3743 super·

105 3755 145 3810 bit
161 3762 240 3815 enimi
268 3762 327 3828 (om.
346 3760 407 3831 per)
429 3764 452 3815 (J
504 3766 536 3816 14
554 3762 715 3831 dispicimus
741 3764 766 3816 R
821 3764 853 3816 15
872 3762 918 3815 hie
942 3780 991 3816 eor.
1015 3762 1040 3815 V
1090 3762 1192 3815 conlati
1211 3762 1237 3815 ll

106 3910 154 3948 non
171 3900 345 3968 neglegenter
363 3918 394 3954 ex
412 3902 595 3969 nonlegenter
622 3899 693 3955 ou?
717 3901 741 3953 V
794 3904 825 3953 17
845 3901 877 3953 Iu
904 3900 944 3964 (in
963 3918 1016 3953 rus.
1035 3899 1068 3964 3)
1096 3848 1237 3981 superior-¹9

105 4014 164 4051 cerr.
188 4021 218 4057 m.
243 4002 307 4057 311
362 4006 395 4057 19
413 4022 429 4057 a
447 4004 583 4058 mandetis
612 4030 645 4040 -
673 4003 861 4073 praesentium
888 4006 915 4055 in
943 4021 1025 4071 ororp.
1052 4004 1101 4071 inf.
1128 4004 1187 4055 add.
1217 4003 1240 4054 C

106 4082 234 4144 declinent
260 4108 290 4145 ea
318 4090 509 4145 declinantes?
528 4091 554 4145 R
606 4093 641 4145 20
665 4108 681 4143 a
709 4108 757 4159 spe
784 4110 804 4160 p
835 4107 883 4158 spe
913 4092 935 4143 C
985 4092 1018 4143 21
1047 4090 1184 4143 decedunt
1216 4089 1241 4142 V

107 4168 235 4245 deuieth
287 4180 321 4231 22
340 4177 446 4231 deflexo
460 4178 486 4230 R
504 4176 614 4231 defluxu
631 4178 655 4229 Γ
705 4177 810 4231 decidit
827 4178 915 4248 VRCp
967 4177 1003 4229 24
1021 4175 1238 4244 conpraehendit

113 4254 154 4309 VR
202 4268 232 4315 ut
248 4282 268 4317 s.
286 4282 317 4331 s,
335 4282 354 4317 u
372 4266 397 4317 irr
418 4282 470 4316 ros.
489 4262 552 4317 3R
605 4270 708 4331 quanta
732 4264 779 4316 Vc*
829 4264 863 4316 25
882 4280 914 4317 ea
931 4281 980 4316 orrr.
1001 4263 1029 4315 C.

1026 4366 1081 4421 25*
