3075 4967
410 283 589 334 tractatus
607 280 642 332 in
660 280 833 348 psalmum
851 279 958 333 CXLII.
1190 278 1252 345 811

104 469 238 534 bonus
262 469 566 535 deducetmein
583 475 731 535 terram
755 476 907 534 reetam
924 474 1092 550 propter
1114 490 1253 535 nomen

104 581 227 650 tunm,
251 574 420 638 domiue.

154 677 204 743 12.
229 676 410 743 Consonans
433 677 560 759 apostoli
584 678 738 743 confessio
762 684 809 743 est
830 650 870 743 ad
893 677 935 756 id,
960 679 1043 761 quod
1067 678 1125 743 ait:
1157 680 1254 745 does

105 801 166 846 me
190 785 329 847 l'aoere
352 782 607 847 uoluntatem
631 788 746 859 tuam,
769 781 855 851 illud.
877 782 959 865 quod
975 801 1116 863 pereum
1140 782 1255 848 dietum

104 892 172 951 est:
196 891 235 951 et
256 887 325 970 qui
347 892 463 967 putat
486 906 527 951 se
552 886 670 967 seire,
694 887 867 951 nondum
890 886 980 962 soit,
1004 888 1255 970 quemadmo-
1295 914 1308 949 a

105 991 198 1054 dum
221 997 411 1071 oporteat
434 1010 474 1055 se
497 992 615 1056 seire·
661 991 743 1074 quod
767 991 794 1054 si
817 1010 857 1055 ue
878 1010 968 1055 orare
998 991 1126 1075 quidem
1155 990 1257 1056 adhue

104 1095 225 1171 seimus
248 1099 280 1159 et
301 1093 385 1178 loqui
410 1095 566 1160 desideria
600 1101 704 1161 nostra
738 1114 799 1159 non
833 1094 978 1160 nouimus
1011 1094 1121 1174 spiritu
1155 1095 1257 1175 potius

104 1217 165 1280 pro
199 1198 289 1263 nobis
323 1198 583 1265 inenarrabilibus
617 1198 785 1283 gemitibus
815 1198 989 1279 postulante
1020 1205 1051 1263 et
1078 1198 1256 1279 inperitiam

105 1308 247 1367 nostram
281 1322 403 1368 areanae
449 1303 585 1369 seientia
623 1302 731 1367 affeetu
769 1310 954 1383 repensante
990 1304 1160 1368 seeundum
1198 1302 1257 1369 hoe

106 1405 240 1487 apostoli
257 1406 388 1472 dietum:
412 1407 507 1491 qnid
532 1407 635 1472 enim
659 1427 820 1471 oremus
843 1407 1062 1473 seeundum
1085 1406 1256 1490 id‚quod
1280 1432 1305 1468 a

106 1516 309 1591 oporteat,
338 1512 559 1589 neseimns;
597 1513 665 1576 sed
703 1512 793 1591 ipse
830 1510 1005 1592 spiritus
1039 1530 1110 1591 pro
1138 1510 1257 1576 nobis

108 1614 297 1695 postulat
332 1615 558 1699 gemitibus
596 1614 964 1694 inenarrabilibus,
1001 1636 1064 1680 non
1101 1615 1258 1680 iueondito

107 1717 265 1799 propheta
287 1719 423 1785 ereditur
452 1739 548 1791 orare.
579 1726 612 1785 ut
633 1719 825 1785 uoluntatem
860 1720 910 1784 dei
945 1720 1092 1785 doceatur
1126 1718 1257 1800 explere.

109 1830 142 1888 et
165 1829 335 1904 conpetens
369 1822 422 1888 illa
456 1823 600 1889 humanae
622 1824 820 1889 uerecundia
851 1823 1003 1903 professio
1030 1830 1087 1901 est,
1109 1830 1151 1901 ut
1174 1824 1258 1906 quod

108 1948 167 2007 per
201 1926 343 2007 spiritum
379 1928 429 1993 dei
462 1928 495 1993 in
528 1936 641 1993 terram
675 1934 794 1994 reolum
829 1928 1029 1993 deducendus
1060 1929 1107 2004 sit,
1141 1928 1173 1992 id
1196 1946 1257 1991 noo
1285 1950 1310 1987 a

108 2030 212 2096 meriti
248 2050 317 2097 esso
339 2032 387 2097 sui
410 2039 535 2117 arroget
556 2050 659 2115 nuque
682 2053 738 2113 per
761 2032 1005 2097 satisfactionem
1028 2030 1144 2112 proprii
1167 2032 1257 2097 obse·

108 2134 176 2219 quii
200 2135 232 2201 id
255 2135 315 2201 sibi
338 2136 478 2217 postulet,
501 2138 558 2202 sed
581 2142 675 2201 totum
700 2136 760 2203 hoo
784 2137 825 2201 ad
848 2134 1080 2203 olarifioandnm
1103 2135 1134 2199 in
1159 2156 1193 2201 se
1208 2135 1259 2200 dei

108 2259 226 2305 nomen
249 2246 397 2321 expectet,
421 2249 454 2306 ut
476 2248 600 2323 propter
623 2240 776 2306 honorem
799 2241 848 2306 dei
872 2240 1007 2305 nominis
1027 2240 1059 2303 iu
1075 2247 1158 2305 terra
1172 2244 1259 2305 reeta

109 2364 182 2409 esse
205 2348 366 2409 statuatur.

156 2448 207 2514 13.
232 2446 273 2513 Et
305 2448 378 2531 quia
411 2447 493 2514 bauo
527 2455 642 2514 terram
678 2454 793 2514 rectam
828 2450 888 2514 seit
909 2448 969 2512 sibi
992 2467 1052 2512 non
1078 2448 1108 2512 in
1132 2466 1259 2530 corpore
1286 2470 1312 2507 oo

110 2552 223 2617 mortis
245 2551 336 2618 huius
370 2572 461 2633 posse
484 2553 629 2631 'monadi
664 2552 737 2636 quia
771 2552 856 2618 labes
889 2553 992 2618 earnis
1027 2551 1171 2616 bumanae
1204 2570 1261 2631 per

110 2656 282 2721 admixtam
305 2657 336 2719 in
361 2676 394 2721 se
424 2656 570 2721 uitiorum
605 2658 859 2722 eonsuetudmem
893 2654 1010 2721 aboleri
1044 2655 1172 2737 penitus,
1199 2656 1260 2719 nisi

111 2779 183 2825 oum
206 2766 325 2824 naturae
348 2760 558 2826 demutatione
580 2781 641 2825 non
656 2762 762 2841 possit
785 2760 936 2825 uiuifieari
952 2780 995 2839 se,
1019 2760 1107 2845 quasi
1123 2761 1260 2825 nondum

111 2864 208 2941 uiuat,
242 2862 416 2945 expostulat
450 2864 570 2930 dicens:
609 2865 854 2930 uiuisieabis
888 2884 946 2930 me
984 2866 1023 2929 iu
1068 2864 1260 2948 aequitate

113 2973 190 3032 tua.
236 2968 385 3032 eduens
419 2968 464 3033 de
498 2969 772 3034 tribulatione
807 2968 977 3034 animam
1011 2968 1313 3033 meonetius

113 3070 408 3137 misericordia
431 3081 496 3136 tua
519 3072 735 3153 disperdes
759 3073 950 3138 inimicos
974 3092 1089 3137 meos.
1118 3079 1155 3137 et
1177 3092 1261 3153 per-

114 3176 185 3241 des
208 3193 354 3253 ornnes,
379 3176 444 3259 qui
469 3176 671 3241 tribulant
693 3178 866 3241 animam
896 3196 1037 3241 meam:
1073 3176 1261 3258 quoniam

114 3299 261 3345 seruus
297 3287 386 3345 tuns
420 3300 493 3363 ego
527 3300 618 3345 sum.
664 3280 773 3346 babuit
795 3281 931 3364 quidem,
966 3287 999 3345 ut
1028 3280 1170 3356 diximus,
1201 3277 1261 3343 hoe

114 3383 232 3450 iustitia
253 3384 458 3463 uerecundia,
481 3390 523 3462 ut,
547 3384 700 3468 quidquid
722 3384 799 3449 illud
832 3384 889 3449 sibi
925 3383 1124 3449 beatitudinis
1148 3390 1261 3463 speret,

158 3576 207 3630 51
227 3574 287 3629 Gor.
306 3578 331 3643 8,
349 3577 374 3629 2.
412 3578 445 3631 10
463 3574 541 3631 Rom.
561 3575 633 3643 VIII,
652 3578 694 3631 26.

160 3750 177 3801 2
191 3759 252 3819 post
270 3749 416 3803 domineR
429 3752 505 3803 add.-
523 3749 678 3803 uiuificabis
690 3765 735 3802 me
753 3749 782 3802 in
801 3748 941 3817 aequitate
959 3753 1008 3802 tna
1060 3750 1077 3803 ὅ
1096 3766 1124 3801 se
1140 3748 1211 3802 seire
1223 3748 1263 3800 Re

115 3853 175 3890 sese
194 3835 265 3889 noire
279 3837 316 3906 pb
369 3838 454 3890 dnae
473 3854 503 3890 ez
518 3834 726 3890 nem.3Rneo
741 3836 792 3906 pE
842 3838 993 3890 barbariae
1006 3835 1059 3889 12¹0
1076 3831 1262 3889 arohanaeR¹

115 3922 237 3976 achone
246 3918 323 3993 pol)
336 3924 460 3976 aroanob
514 3922 646 3977 scientiae
655 3924 695 3977 Re
713 3923 898 3977 eonscientiae
907 3920 999 3993 aab
1054 3925 1086 3976 l'd
1103 3922 1234 3976 oredetur
1241 3940 1262 3992 p

116 4011 150 4079 lb
169 4024 225 4061 non
252 4026 301 4063 om.
328 4009 356 4063 R
418 4013 450 4064 16
467 4008 575 4078 proprii
599 4007 691 4080 p(A)b
717 4010 758 4079 pii
786 4010 825 4063 Re
889 4011 922 4063 18
939 4014 1045 4063 rectam
1070 4028 1142 4081 anm.
1168 4026 1217 4062 aer.
1243 4028 1263 4079 p

115 4098 150 4149 23
168 4100 286 4149 naturae
313 4113 343 4149 en
366 4101 467 4149 nature
485 4097 511 4150 n
563 4098 597 4150 27
617 4113 710 4150 omnes
738 4098 785 4165 qui
812 4096 950 4150 tribulant
969 4097 995 4150 lt
1011 4112 1108 4151 omues
1136 4096 1262 4149 iuimioon

116 4181 165 4250 qni
183 4187 367 4251 persecuntur
381 4201 402 4253 p
455 4184 490 4237 28
507 4200 558 4252 ego
577 4200 637 4237 sum
651 4183 755 4236 Reum
773 4198 825 4251 ego
836 4183 902 4253 ppt.
916 4183 980 4236 Aba
993 4182 1044 4248 IV,
1057 4182 1094 4236 88
1147 4182 1261 4236 illlillud

117 4270 142 4322 R
161 4268 237 4323 alind
256 4286 278 4335 e,
296 4287 344 4323 om.
360 4268 443 4341 pla).
