3075 4967
288 260 329 325 48
627 262 744 315 sancti
768 263 903 315 Hilarii
927 262 1089 329 episcopi

287 454 388 535 giouis
424 460 455 517 et
488 452 561 517 fidei
595 452 779 535 obsequium
815 453 890 517 deus
926 450 1066 531 postulat.
1111 451 1210 515 umeri
1239 472 1273 515 se
1303 450 1443 514 anobis

288 557 391 640 exigit,
427 576 487 620 non
523 558 628 639 utique
662 556 778 620 umoris
811 556 842 619 in
876 576 910 621 se
941 556 1037 620 nostri
1069 555 1203 619 fructum
1226 554 1364 638 aliquem
1392 555 1442 618 sui

288 680 380 725 causa
402 661 469 740 ipse
492 661 674 741 percipiens,
705 660 761 725 sed
792 680 897 723 amore
920 660 986 739 ipso
1017 660 1105 724 nobis
1136 659 1246 739 potius,
1276 660 1331 742 qui
1364 678 1441 723 enm

288 765 470 841 amabimus
493 764 656 845 profuturo.
702 784 775 827 nnm
798 765 894 828 umeri
918 784 963 839 se,
985 764 1107 846 sibique
1138 783 1194 827 nos
1223 763 1355 846 obsequi
1392 763 1443 826 id-

249 889 261 923 o
288 870 369 933 circo
392 874 426 932 ut
448 869 536 932 nobis
561 867 640 933 bene
662 870 710 945 sit,
734 874 885 948 expectat,
908 874 942 931 ut
964 868 1051 949 digni
1075 867 1273 932 beatitudinis
1295 886 1333 930 nc
1349 866 1443 931 boni·

289 973 360 1037 tntis
383 992 446 1037 snae
470 992 598 1037 munere
621 992 676 1053 per
698 974 846 1037 meritum
858 973 973 1036 umoris
989 972 1036 1035 sui
1052 979 1083 1036 et
1097 972 1238 1054 obsequii
1253 971 1444 1035 iudicemur.

289 1076 433 1141 bonitatis
463 1083 567 1140 sutem
590 1096 672 1153 usus,
696 1083 729 1139 ut
752 1076 899 1157 splendor
921 1074 1005 1155 solis,
1028 1083 1062 1140 ut
1076 1074 1181 1140 lumen
1196 1076 1288 1158 ignis,
1311 1081 1348 1138 ut
1363 1075 1445 1139 odor

289 1181 362 1256 suci,
386 1200 447 1244 nou
469 1180 618 1261 praebenti
643 1180 773 1261 proficit,
796 1181 852 1245 sed
875 1182 983 1245 utenti.
1029 1181 1111 1264 quod
1127 1198 1203 1263 ergo
1226 1198 1344 1255 sumuS,
1368 1198 1444 1259 pro

288 1284 387 1349 sectus
410 1291 515 1349 noster
537 1290 585 1349 est
607 1286 716 1365 potius,
741 1304 833 1367 quam
858 1285 933 1360 eins,
949 1286 1000 1367 qni
1025 1304 1080 1347 nos
1103 1284 1196 1361 inid,
1219 1284 1302 1367 quod
1318 1302 1444 1358 sumus,

289 1390 433 1465 instituit3
458 1387 1004 1472 quindeusbnnornmeorun1‚quae
1027 1389 1057 1451 in
1082 1408 1116 1453 se
1138 1394 1210 1451 sunt
1231 1397 1359 1463 emtus,
1378 1407 1442 1450 non

288 1494 430 1557 inuidens
446 1494 475 1557 in
493 1513 619 1557 sensum
644 1512 698 1557 nos
714 1500 807 1574 ntque
822 1512 913 1556 usum
930 1493 1028 1556 bearn
1045 1512 1107 1556 suae
1130 1491 1274 1555 bonitatis
1289 1491 1445 1554 udsumit.

335 1596 384 1659 16.
409 1596 470 1661 Sed
485 1598 539 1679 qui
562 1596 718 1677 persuetus
741 1615 778 1661 nc
799 1597 906 1671 bonus
931 1602 963 1660 et
984 1595 1120 1660 bonitate
1143 1596 1174 1658 in
1198 1613 1253 1657 nos
1276 1614 1313 1657 ac
1338 1594 1443 1659 beoti-

289 1700 395 1765 tudine
419 1720 473 1764 sun
496 1720 556 1764 non
580 1702 647 1763 sine
670 1701 788 1764 ratione
811 1720 847 1763 ec
871 1702 962 1764 modo
985 1719 1059 1763 usus
1082 1706 1138 1763 est.
1183 1698 1444 1781 numunicuique

289 1810 428 1869 nostrum
451 1803 625 1870 libertatem
648 1804 719 1869 uite
742 1823 915 1888 sensusque
945 1805 1095 1884 permisit,
1129 1822 1189 1866 non
1214 1804 1443 1869 necessitatem

288 1909 320 1972 in
353 1908 535 1973 alterutrum
568 1908 719 1993 adigens,
751 1915 785 1973 ut
816 1928 1071 1991 unumquemque
1103 1928 1140 1972 ex
1175 1912 1284 1970 nutura
1318 1907 1440 1970 bonnm

287 2012 445 2079 malumus
480 2033 549 2078 esse
579 2012 628 2077 lex
659 2020 801 2096 cogeret:
832 2014 888 2077 sed
927 2013 979 2095 qui
1009 2032 1066 2075 uos
1103 2032 1158 2091 per
1192 2010 1439 2076 beniuolentiam

287 2118 409 2182 utendru
434 2116 631 2181 beatitudinis
662 2137 724 2181 suae
755 2123 901 2185 creasset.
932 2115 1105 2196 profectum
1135 2115 1224 2179 nobis
1254 2113 1293 2177 nd
1325 2115 1359 2178 id
1384 2135 1443 2195 per

288 2222 434 2285 meritum
464 2221 534 2285 nitae
564 2221 735 2285 innocentis
772 2220 971 2303 honesteque
1007 2220 1173 2283 constitnit.
1225 2218 1299 2301 quid
1330 2226 1441 2283 nutem

288 2324 413 2389 honoris
444 2344 478 2387 nc
510 2326 628 2405 premii
659 2324 805 2389 bonitatis
834 2325 1003 2390 necessitas
1034 2331 1215 2400 mereretur,
1239 2343 1309 2387 curu
1336 2322 1440 2387 melos

236 2456 240 2465 ·
287 2448 350 2493 non
379 2448 447 2494 esse
477 2430 524 2493 uis
555 2430 698 2511 quedam
731 2428 819 2493 nobis
849 2433 991 2493 conserto
1020 2448 1079 2491 non
1104 2426 1242 2493 sineret?
1286 2425 1442 2491 uoluntati

288 2552 363 2616 ergo
386 2534 538 2612 permissu
562 2534 682 2597 bonitus
706 2542 761 2611 est,
798 2540 833 2597 ut
854 2534 1018 2614 premium
1041 2532 1101 2596 sibi
1123 2531 1262 2595 uoluntas
1286 2530 1439 2595 bonitatis

288 2636 473 2719 adquireret.
497 2644 527 2701 et
550 2644 633 2701 esset
657 2637 745 2701 nobis
775 2644 898 2701 aeternae
928 2636 1020 2701 huius
1050 2636 1248 2700 beatitudinis
1277 2634 1442 2715 profectus

287 2746 380 2823 atque
403 2760 476 2805 nsus
500 2760 535 2804 ex
558 2741 676 2817 merito,
701 2762 760 2805 non
785 2742 954 2806 necessitas
977 2742 1144 2805 indiscrete
1166 2760 1222 2820 per
1243 2739 1362 2823 legem.
1410 2748 1442 2804 et

288 2864 477 2928 quemqnam
493 2864 548 2908 nos
564 2847 603 2910 nd
619 2844 810 2911 uoluntatem
826 2845 976 2922 bonitatis,
1000 2846 1031 2909 id
1055 2852 1103 2909 est
1125 2843 1164 2907 sd
1187 2844 1267 2907 bene
1292 2842 1442 2908 bonesto-

236 2978 240 2986 ·
288 2968 348 3031 qne
378 2949 545 3013 uiuendum
577 2968 633 3029 per
663 2968 750 3029 spem
784 2950 998 3029 promerendae
1021 2956 1052 3013 et
1073 2948 1195 3013 utendae
1211 2946 1440 3012 suaebonitntis

287 3051 435 3129 inliceret,
459 3073 583 3133 ponam
609 3062 711 3119 tumen
736 3054 877 3118 deuitntae
898 3060 930 3118 et
944 3059 1129 3133 contempte
1145 3051 1291 3115 bonitatis
1306 3050 1439 3117 adiecit:

288 3163 328 3233 ut,
350 3176 422 3221 cum
444 3156 619 3222 libertntem
643 3158 731 3223 nobis
753 3157 917 3223 uoluntatis
940 3158 979 3222 mi
1004 3158 1169 3221 bonitatem
1194 3155 1439 3237 promerendam

288 3260 470 3343 reliquisset,
493 3262 564 3344 quin
587 3263 732 3325 meritum
757 3269 873 3326 naturae
896 3262 1068 3327 necessitas
1091 3280 1153 3325 non
1175 3259 1313 3336 baberet,
1342 3257 1440 3325 liber·

288 3374 382 3429 rntem
406 3362 507 3445 ipsum
530 3366 641 3430 cotidie
658 3367 831 3447 propositus
848 3387 865 3431 e
881 3366 1035 3430 contrario
1050 3384 1150 3446 poenae
1165 3371 1265 3431 terror
1279 3373 1438 3447 argueret.

330 3559 347 3609 4
366 3573 416 3609 nos
432 3575 462 3610 ex
480 3558 559 3611 nobis
577 3574 610 3610 m.
630 3556 650 3609 :²
671 3558 695 3611 V
744 3558 861 3625 obsequi
874 3577 904 3611 er
921 3557 1036 3625 absequi
1054 3576 1087 3610 m.
1106 3556 1165 3609 :JV
1225 3558 1242 3609 ὅ
1261 3502 1395 3624 expectist
1415 3554 1440 3602 R

287 3643 417 3710 expetite
469 3644 649 3698 beatitudinis
662 3660 727 3698 suae
740 3661 773 3697 ec
784 3644 944 3699 bonitatise
966 3643 1147 3698 beatitudinis
1166 3659 1232 3696 sune
1249 3659 1281 3695 sc
1299 3641 1438 3695 bonitatis

287 3732 385 3783 euseb
454 3730 565 3785 8sncci
584 3732 612 3782 E
662 3730 808 3799 praebenti
826 3749 856 3784 ex
873 3731 1003 3799 probanti
1030 3750 1062 3783 m.
1090 3730 1158 3782 2V
1226 3730 1259 3783 le
1283 3744 1316 3781 ec
1342 3728 1438 3781 bonus

288 3822 337 3883 est,
364 3817 519 3871 bonitates
571 3818 600 3871 in
627 3836 675 3871 om.
701 3817 745 3867 Ra
802 3820 832 3870 13
850 3816 1001 3884 unicnique
1027 3816 1097 3885 (qne
1119 3835 1176 3879 sup.
1198 3818 1243 3868 lin.
1266 3832 1284 3868 a
1301 3832 1335 3867 m.
1353 3814 1390 3881 2)
1417 3816 1442 3867 i'

289 3905 321 3957 15
339 3920 372 3956 es
390 3902 523 3957 naturali
577 3907 609 3960 lu
627 3904 758 3971 melumq.
774 3905 797 3956 1'
848 3922 898 3972 per
909 3904 1155 3958 beneuolentinms
1210 3904 1241 3955 19
1259 3899 1437 3955 nceoehncli

287 3992 322 4043 20
358 3996 486 4043 conserta
520 4010 550 4043 cr
584 3991 710 4045 conseris
745 4008 811 4043 corr.
841 4010 873 4044 m.
900 3992 920 4042 3
947 3988 972 4038 R
1050 3989 1189 4042 uoluntati
1216 4016 1250 4025 —
1276 3986 1435 4056 praemium

288 4076 341 4132 sibi
352 4094 401 4129 om.
417 4076 506 4139 V(sed
517 4080 584 4131 linea
597 4080 705 4131 dimidia
717 4095 803 4131 nucuu
815 4077 917 4141 relicto)
980 4079 1014 4128 22
1024 4081 1153 4130 aeternae
1166 4094 1196 4127 cx
1213 4078 1327 4128 aeterne
1335 4074 1438 4127 nn21'

287 4164 522 4219 {tradentem
535 4166 561 4217 in
574 4163 664 4217 rask
710 4164 847 4231 ddedque
864 4164 912 4217 VR
965 4166 1000 4217 24
1013 4148 1180 4231 quemquem
1195 4161 1395 4229 aequmst?
1415 4160 1438 4211 i'

286 4250 516 4319 honestaeque
568 4250 1083 4336 undecimuerndeuitatimy1‘.
1528 4237 1529 4256 ³
