3075 4967
266 269 329 336 520
409 317 413 325 ι
604 272 721 326 sancti
745 271 883 326 Hilarii
907 274 1069 344 episcopi

265 481 329 526 suae
351 461 502 542 primitias
532 457 664 527 aet'ernas
694 481 751 528 nec
782 469 882 528 morte
910 463 1052 545 intercipi
1089 483 1188 544 posse.
1236 465 1291 530 iras
1312 467 1399 550 igitur

265 585 326 629 non
349 563 548 645 obliuiscitur,
572 586 651 651 quas
674 569 776 634 senior
798 574 829 633 et
851 568 1027 650 desperauit
1049 575 1080 635 et
1101 569 1252 636 uendidit.

308 668 337 735 8.
361 669 502 754 Denique
524 672 556 737 id
578 671 677 753 ipsum
708 673 851 756 sequenti
881 692 972 738 uersu
1006 674 1109 738 docet:
1143 674 1309 739 institia
1340 679 1400 739 tua

264 773 303 838 in
327 781 528 853 aetcrnum,
551 783 590 841 st
612 774 675 841 lex
697 783 765 842 tua
786 779 955 843 ueritas.
1000 776 1057 842 has
1073 778 1400 862 iustitiasncnccgita·

226 903 238 940 s
264 879 310 943 uit
332 877 462 959 populus
486 879 681 964 eergyptc
704 899 895 964 progressus,
919 882 968 946 eui
985 901 1071 947 marc
1087 882 1175 958 aruit,
1199 883 1249 948 cui
1265 881 1401 948 columna

265 983 355 1048 nubis
379 984 499 1061 dedic,
533 990 623 1049 nocto
657 991 761 1050 autem
795 985 939 1050 columna
972 986 1055 1070 ignis
1089 985 1235 1051 famulata
1269 993 1324 1064 cst
1356 987 1401 1052 cui

264 1107 413 1152 mannam
447 1088 629 1153 matutinam
652 1088 762 1154 calum
786 1089 1039 1169 subministrauit,
1069 1090 1119 1155 cni
1147 1092 1260 1175 uiginti
1288 1096 1401 1171 septem

263 1211 361 1275 regna
384 1197 552 1269 cessemnt,
576 1192 624 1258 cui
648 1192 790 1258 Iordanis
814 1194 898 1258 stetit
920 1194 1033 1271 aridus,
1057 1195 1104 1259 cui
1127 1196 1208 1259 muri
1224 1194 1346 1261 Iericho
1366 1195 1401 1258 ad

264 1315 373 1360 sonum
396 1298 548 1362 exercitus
572 1306 601 1362 et
623 1316 702 1362 arces
727 1299 903 1363 testamenti
925 1298 1087 1364 circuitum
1109 1299 1320 1364 concidemnt.
1348 1297 1402 1362 hus

212 1423 237 1458 10
264 1400 316 1464 dei
344 1401 476 1465 iustitias
507 1402 564 1466 scit
593 1401 730 1482 populus,
761 1403 812 1485 qui
838 1408 886 1467 est
916 1402 1024 1480 iunior,
1054 1408 1195 1468 aetemas.
1241 1403 1308 1479 has,
1337 1403 1403 1485 quia

264 1509 394 1568 aeternas
428 1505 528 1584 sciret,
563 1505 638 1571 emit
657 1505 747 1585 'fide3
782 1505 848 1584 has,
883 1508 955 1590 quia
988 1507 1171 1572 moriturum
1201 1526 1236 1572 se
1266 1508 1403 1572 crederet

263 1608 374 1686 senior,
404 1610 544 1675 uendidit
574 1608 762 1675 infidelitate.
808 1609 918 1691 populo
952 1611 1036 1675 enim
1068 1611 1177 1675 iuniori
1210 1611 1260 1676 ier
1292 1612 1403 1676 ueritas

264 1723 320 1778 est.
364 1733 437 1777 nam
461 1732 534 1778 uere
557 1733 639 1778 nuno
654 1713 692 1778 ab
710 1735 746 1780 eo
763 1713 956 1780 circumcisio
972 1715 1075 1780 cordis
1090 1715 1266 1796 pertesum
1281 1717 1403 1780 iteratur

263 1816 302 1880 ad
325 1818 430 1896 uitam
460 1837 533 1884 uere
556 1837 611 1898 per
641 1837 726 1883 mars
749 1818 841 1884 huius
874 1817 978 1884 saeculi
1013 1820 1123 1884 transit
1155 1819 1187 1882 in
1221 1821 1404 1900 promissam

213 1941 237 1978 rs
263 1921 322 1986 sibi
345 1925 468 2000 tetram,
502 1941 575 1986 uere
608 1921 765 1987 caelestem
799 1942 946 1986 mannam
978 1923 1073 1988 sumit
1103 1931 1245 1989 aternus.
1278 1942 1354 1987 uere
1374 1922 1403 1986 in

264 2023 395 2090 Iordane
418 2023 539 2090 latetur
561 2033 694 2104 renatus,
717 2046 791 2091 uere
810 2025 961 2107 pascham
976 2029 1050 2110 agni
1063 2027 1214 2110 sanguine
1230 2026 1403 2092 liberandus

262 2127 413 2206 immolat,
437 2149 510 2195 uere
532 2130 564 2194 in
588 2130 705 2214 azymis
729 2129 915 2198 sinceritatis
939 2130 1093 2196 fermento
1117 2132 1251 2214 antiquae
1280 2131 1404 2195 malitie

234 2235 238 2246 '
262 2239 425 2318 purgatur:
448 2233 507 2297 iam
532 2254 592 2297 non
616 2233 694 2318 legis
718 2236 745 2299 ei
768 2234 889 2308 umbra,
912 2234 968 2299 sed
991 2235 1106 2299 ueritas
1129 2242 1186 2300 est.

307 2337 335 2402 9.
359 2337 423 2403 Scit
445 2343 548 2402 autem
571 2338 610 2402 ob
633 2337 715 2404 hanc
738 2339 878 2403 ueritatis
901 2338 1125 2404 confessionem
1152 2338 1258 2404 multis
1282 2358 1318 2404 se
1340 2359 1403 2420 per-

211 2459 238 2496 cc
263 2443 472 2508 asertionibus
494 2440 546 2507 hic
568 2442 668 2508 iunior
691 2442 820 2524 popualus
843 2444 956 2527 urgeri.
1001 2442 1074 2509 hinc
1099 2444 1182 2508 enim
1205 2449 1278 2508 sunt
1297 2444 1329 2506 in
1345 2451 1404 2506 toto

263 2545 337 2612 orbe
361 2551 510 2611 terrarum
535 2547 626 2611 beata
659 2546 798 2612 fidelium
829 2547 1041 2612 confessorum
1066 2553 1097 2611 et
1118 2553 1227 2612 sancta
1249 2547 1404 2631 martyria

179 2735 184 2744 Ι
263 2648 336 2714 hinc
369 2649 473 2733 plures
506 2650 700 2731 patrimoniis
724 2649 855 2734 spoliati,
883 2650 980 2716 exiliis
1005 2651 1146 2730 dispersi,
1181 2650 1289 2731 uincti,
1325 2650 1403 2726 cesi,

263 2753 331 2830 usti,
354 2754 472 2831 necati;
503 2754 558 2819 scd
582 2754 663 2820 felici
687 2774 811 2835 semper
834 2755 1050 2832 mandatorum
1074 2755 1272 2820 meditatione
1295 2755 1403 2829 omnia

263 2875 465 2941 qnaecumqus
494 2859 685 2943 ingruerunt,
716 2857 906 2924 confirmata
936 2858 1010 2923 fidei
1039 2859 1151 2923 uirtute
1182 2858 1332 2924 uicerunt
1376 2865 1405 2923 et

211 2977 235 3015 2⁵
261 2962 331 3026 ideo
370 2962 426 3026 ait:
472 2960 691 3028 tribulatio
729 2969 768 3028 et
804 2963 1003 3045 angustiae
1044 2963 1297 3028 inuenerunt
1332 2982 1403 3027 me:

262 3067 449 3130 mandata
471 3072 602 3131 autam
627 3073 691 3132 tua
713 3067 927 3133 meditatio
951 3086 1035 3130 mea
1058 3073 1129 3131 est.
1165 3065 1404 3150 urgueantlicet

304 3257 632 3326 aseniordesperauitlt
685 3257 973 3328 BiustitiaetuaepE
1023 3255 1192 3310 tiexcm.V
1243 3257 1403 3311 (intubis-

181 3379 183 3384 .
261 3348 354 3398 autern
372 3345 501 3399 columna
517 3346 577 3397 cdd.
590 3363 623 3397 m.
637 3344 656 3396 2
671 3344 696 3396 V
745 3346 882 3397 imanna
900 3343 1068 3398 matutinum
1080 3343 1149 3414 (ps
1199 3343 1406 3397 ministrauits

261 3431 329 3484 scd
349 3432 409 3485 solii
433 3431 479 3484 Vc
529 3430 718 3497 9circuitup
773 3433 806 3484 10
833 3430 878 3484 dei
906 3449 955 3484 om.
978 3450 999 3501 p
1054 3430 1121 3498 qnid
1148 3436 1191 3484 est
1217 3431 1240 3483 0
1299 3447 1330 3483 as
1358 3428 1403 3498 qui

260 3522 385 3572 aeternas
406 3518 433 3586 C,
461 3536 509 3572 cra.
537 3519 559 3572 V
627 3521 660 3572 ll
687 3519 760 3571 enim
787 3517 842 3571 fide
867 3518 891 3570 V
958 3535 989 3571 as
1015 3518 1081 3586 quia
1105 3515 1138 3569 V¹
1213 3520 1246 3572 ta
1274 3533 1349 3571 nunc
1376 3533 1405 3569 cx

260 3623 318 3660 nun
346 3607 366 3658 V
416 3606 502 3691 abac
521 3603 549 3670 (e
568 3603 696 3671 eccam)
716 3604 933 3658 &circumcisio
952 3605 978 3656 R
1033 3606 1065 3658 15
1083 3605 1203 3658 caeleste
1220 3621 1324 3658 manna
1341 3601 1405 3672 (pn

261 3713 359 3796 {ternis
374 3729 408 3778 pe
461 3711 494 3763 16
512 3708 614 3778 pascha
635 3709 702 3778 GpE
754 3710 787 3762 17
806 3725 872 3762 uere
890 3710 950 3761 cdd.
970 3707 1073 3761 mets
1121 3708 1291 3762 sinceritatis
1311 3707 1403 3776 epula·

261 3819 308 3868 tur
333 3813 524 3882 fermentoque
539 3813 590 3884 pls
640 3813 752 3880 antique
779 3811 803 3860 11
827 3830 875 3866 om.
892 3831 927 3883 pe
978 3814 1014 3865 20
1031 3811 1077 3866 hic
1103 3814 1164 3865 cdd.
1188 3831 1222 3865 m.
1241 3811 1262 3864 2
1283 3813 1310 3866 V
1358 3829 1403 3865 ur·

261 3902 341 3970 gueni
368 3899 393 3949 R
419 3901 513 3969 arguit
542 3901 564 3954 Ο
626 3903 656 3953 21
678 3901 837 3954 beatazs
898 3898 1022 3953 fidelium
1049 3917 1098 3951 om.
1131 3899 1157 3952 V
1216 3899 1353 3968 martyrio
1383 3896 1405 3948 V

260 3989 295 4042 22
321 3987 481 4055 patrimonii
512 3987 536 4042 V
560 3987 694 4056 expoliati
717 3988 767 4056 pE
836 3986 916 4039 exilis
944 3987 970 4038 R
1040 3985 1159 4054 disparsi
1192 3985 1218 4039 V
1284 3985 1357 4039 uinti
1384 3985 1406 4035 t·

261 4075 295 4128 23
313 4074 405 4128 necati
423 4093 453 4128 eu
470 4073 600 4143 negatili
654 4073 702 4127 sed
720 4073 797 4127 felici
808 4092 857 4127 om.
872 4073 897 4126 V
912 4072 961 4126 sed
973 4071 1051 4128 fideli
1062 4073 1129 4143 CpE
1179 4074 1216 4126 24
1233 4071 1405 4141 ingruuntR

261 4161 295 4213 25
313 4161 353 4213 sit
371 4180 400 4214 ec
418 4161 476 4228 agit
493 4161 556 4214 na?
575 4162 598 4213 V
648 4160 883 4230 angustiaRCpE
898 4161 932 4223 cs.
942 4159 1110 4226 Satanan,
1121 4158 1179 4211 216
1233 4162 1269 4212 26
1285 4161 1403 4228 urgeant

263 4249 335 4318 (pn.
