3075 4967
396 306 577 355 tractatus
597 302 631 355 in
649 303 821 370 psalmum
840 304 959 357 CXLIII.
1048 264 1051 269 Ι
1186 302 1247 367 817

107 512 166 555 nan
191 492 342 575 cognouit,
366 512 440 557 suus
464 493 510 567 sit,
534 492 697 575 euangelia
719 494 839 564 doeeut,
874 512 946 557 eum
969 493 1071 557 aiunt:
1106 494 1145 557 in
1179 514 1250 558 sue

106 598 226 671 uenit,
250 602 287 661 et
310 596 371 661 sui
395 617 480 661 eum
505 617 578 660 nen
602 608 861 677 receperunt.
907 599 945 661 in
976 598 1120 662 mundo
1151 605 1249 675 erat,

106 708 142 763 et
166 701 335 765 mundus
359 720 428 781 per
451 721 536 765 enm
560 701 694 765 faetus
718 708 787 779 eat,
812 711 850 766 et
872 704 1043 767 mundus
1067 721 1153 766 eum
1172 722 1248 765 nen

105 804 307 887 cognouit.
353 806 408 868 sed
424 825 463 869 ne
479 805 557 869 forte
573 804 624 870 hie
640 804 780 885 populus,
798 826 892 889 quem
910 826 971 869 nen
983 805 1130 889 cognouit
1145 814 1175 870 et
1190 806 1249 870 sihi

104 909 239 985 seruiuit,
251 928 311 972 nen
325 928 398 973 suus
414 908 518 983 fuisse,
531 909 675 992 quianon
689 915 754 975 erat
766 911 918 993 cognitus,
932 910 1131 978 existimetur.
1145 910 1249 974 diuina
1289 933 1301 971 e

105 1011 155 1075 ilia
181 1012 282 1095 Moysi
305 1012 405 1077 santio
429 1032 566 1077 errorem
601 1012 683 1077 hune
717 1034 844 1077 omnem
864 1013 1093 1096 'ambiguitatis
1115 1013 1249 1079 excludit

104 1116 228 1180 dicens:
273 1136 360 1180 eum
398 1117 618 1181 diuisisaet
663 1115 853 1183 excelsus
897 1124 1056 1201 gentes,
1101 1118 1249 1182 statuit

104 1220 213 1285 sines
262 1222 447 1303 gentium
493 1222 712 1286 seeundum
757 1242 964 1287 numerum
1009 1221 1247 1306 angelorum

103 1344 278 1400 suorum,
312 1330 350 1388 et
372 1325 483 1389 saeta
506 1331 567 1389 est
590 1326 722 1405 portia
747 1326 897 1391 domini
928 1325 1101 1408 papulus
1127 1324 1246 1389 Iacob

103 1440 141 1491 et
171 1427 398 1493 Iunieulum
431 1428 684 1493 hereditatis
715 1429 802 1493 eius
825 1429 998 1494 Israhel.
1046 1428 1165 1493 Israhel
1188 1430 1246 1493 iste
1276 1456 1300 1491 ιο

103 1533 132 1595 in
156 1538 306 1597 aternam
322 1532 526 1597 hereditatem
549 1531 648 1597 suerat
671 1533 802 1612 electum
827 1543 857 1598 et
879 1534 956 1612 ideo,
980 1534 1051 1617 quia
1074 1531 1125 1596 ille
1148 1532 1246 1612 partie

102 1636 221 1699 ‹Iaruini
245 1642 316 1714 erat,
340 1636 432 1702 ceteri
457 1637 544 1720 quasi
568 1638 716 1721 incogniti
740 1637 944 1715 habebantur,
975 1639 1048 1721 quia
1077 1636 1121 1701 illi
1144 1643 1249 1701 essent

103 1761 156 1819 per
188 1739 386 1824 priuilegium
417 1741 564 1820 portionis
595 1741 692 1805 electi.
738 1741 786 1807 sui
816 1748 918 1806 autem
941 1762 1058 1813 amnes,
1083 1741 1156 1823 quia
1178 1741 1247 1823 sibi,

103 1845 186 1927 quod
210 1851 289 1923 sunt,
314 1852 472 1928 tamquam
495 1846 611 1909 auctari
634 1866 689 1909 suo
713 1847 836 1911 debent.

145 1948 174 2011 7.
200 1947 322 2012 Subditi
347 1957 448 2013 autem
474 1950 502 2014 ei
526 1958 605 2027 sunt,
629 1970 698 2015 eum
724 1950 852 2014 dieitur:
887 1950 993 2015 sieut
1026 1948 1180 2013 dedisti
1212 1950 1246 2012 ei
1276 1978 1300 2015 ιο

103 2058 356 2134 patestatem
381 2053 508 2117 omnis
531 2053 678 2131 earnis,
701 2062 741 2117 ut
764 2074 876 2117 omne
896 2054 1002 2136 quod
1026 2052 1181 2117 dedisti
1204 2053 1248 2130 ei,

103 2158 171 2221 det
194 2154 258 2220 iIIi
290 2156 416 2221 uitam
456 2166 647 2222 aeternam
684 2164 714 2221 et
737 2155 830 2221 illud:
865 2157 996 2220 omnia
1030 2157 1123 2220 data
1156 2166 1249 2221 sunt

103 2260 203 2324 mihi
227 2259 265 2323 in
289 2259 384 2325 eaelo
410 2268 446 2325 et
468 2261 506 2324 in
531 2268 649 2326 terra.
696 2262 883 2326 dataautem
901 2281 962 2325 nen
978 2268 1042 2324 tum
1059 2263 1085 2324 ei
1103 2260 1248 2342 primum,

102 2364 176 2447 quia
200 2365 262 2427 iam
286 2365 316 2428 in
341 2365 455 2428 munda
491 2372 564 2441 erat,
589 2386 644 2444 per
678 2386 771 2448 quem
805 2366 939 2429 mundus
963 2371 1029 2429 erat
1052 2364 1161 2440 faetus,
1196 2364 1249 2447 qui

101 2468 236 2551 gloriam
259 2469 377 2549 repetit,
401 2489 494 2553 quam
519 2476 589 2533 ante
613 2470 859 2534 constitutionem
876 2469 985 2533 mundi
1001 2468 1152 2532 habuerat
1167 2468 1248 2548 apud
1276 2496 1300 2532 20

102 2580 243 2652 patrem;
268 2575 323 2637 sed
348 2574 418 2637 data
441 2580 509 2653 post
532 2572 666 2637 hominis
690 2574 947 2651 adsumptionem,
971 2574 1044 2655 quia
1065 2572 1107 2636 ita
1131 2572 1248 2636 dietum

102 2684 163 2741 est:
206 2678 272 2759 qui
311 2697 394 2741 cum
434 2677 473 2741 iu
512 2677 639 2741 forma
676 2678 739 2741 dei
778 2685 895 2754 esset,
934 2678 1100 2740 termam
1138 2675 1248 2741 serui

101 2782 281 2861 aceepit:
321 2788 487 2860 prepter
525 2782 629 2864 quod
674 2781 881 2845 exaltauit
922 2780 1038 2845 illum
1076 2782 1173 2845 deus
1211 2787 1250 2845 et

101 2885 274 2949 donauit
306 2883 369 2948 illi
405 2904 555 2960 nemen,
580 2887 684 2968 quod
719 2892 931 2964 estsuper
962 2904 1073 2949 omne
1096 2904 1247 2949 nemen.

100 2990 178 3071 quid
203 3009 277 3069 ergo
301 2988 350 3053 uei
373 2989 421 3052 cui
457 2986 610 3053 donatur?
656 3008 717 3052 non
740 2990 767 3052 ei
791 2990 906 3072 utique,
937 2990 989 3071 qni
1020 2989 1051 3053 in
1075 2989 1176 3052 ferma
1199 2988 1248 3052 dei
1276 3016 1302 3053 aa

100 3099 177 3167 erat,
203 3094 342 3166 donatur,
367 3101 400 3156 ut
430 3092 479 3157 dei
509 3092 610 3157 farma
640 3094 695 3171 sit;
730 3093 900 3157 eratenim
933 3100 971 3167 et,
995 3094 1067 3175 quia
1090 3102 1163 3168 erat,
1186 3092 1248 3155 iam

99 3218 162 3261 nen
195 3196 309 3280 egebat
339 3196 397 3260 hoe
428 3198 518 3262 dene.
566 3198 621 3261 sed
652 3195 708 3261 fuit
738 3216 833 3261 eausa
863 3197 1007 3272 donandi,
1039 3197 1118 3279 quia
1142 3196 1193 3278 qui
1217 3196 1249 3258 in

101 3302 202 3365 ferma
236 3300 285 3366 dei
320 3308 395 3378 erat,
429 3300 561 3364 sormam
596 3301 680 3365 serui
715 3301 836 3383 aceepit
870 3309 901 3364 et
933 3320 967 3364 se
1001 3301 1039 3364 de
1070 3301 1170 3363 forma
1199 3299 1248 3362 dei

100 3424 267 3489 euaeuana
291 3404 423 3469 sormam
446 3406 528 3469 serui
553 3406 719 3469 adsumens
742 3424 841 3486 usque
865 3406 904 3467 ad
928 3411 1058 3468 mertem
1089 3403 1248 3466 ‹iboediens

101 3510 167 3573 thit.
215 3509 407 3573 obedientia
431 3529 505 3593 ergo
527 3508 580 3585 itti,
605 3528 659 3589 pei·
679 3528 774 3592 quam
791 3507 916 3571 habitus
932 3505 1052 3572 seruilis
1069 3506 1247 3583 adsumitur,
1276 3532 1300 3568 aa

147 3647 329 3715 lloh.I,lI;
351 3650 391 3702 10.
428 3648 699 3715 7Deut.XXXII,8
718 3666 757 3715 sq.
797 3649 828 3699 15
846 3647 904 3700 Ioh.
923 3647 1007 3713 XVII,
1025 3649 1050 3699 2.
1100 3648 1131 3699 17
1150 3646 1248 3697 Matth.

100 3735 229 3800 XXVIII,
250 3738 289 3788 18.
325 3738 359 3787 ‘22
378 3734 447 3788 Phil.
467 3736 501 3802 II,
521 3738 536 3788 6
555 3752 595 3803 sq.

144 3860 237 3911 2n0n
260 3863 452 3925 cognouerunt
471 3858 496 3909 n
548 3860 566 3909 4
590 3874 671 3924 quem
696 3876 751 3910 non
776 3857 907 3925 cognouit
926 3857 951 3908 R
974 3873 1055 3924 quem
1074 3855 1206 3922 cognouit
1226 3856 1252 3906 Ε

99 3946 166 4008 fert
185 3949 215 3996 et
239 3944 287 4011 qui
312 3944 365 3998 sibi
427 3944 580 4011 apopulus
598 3944 677 3997 iacob
699 3944 723 3995 G
742 3944 820 3996 iacob
839 3944 893 3995 ΚΕ
955 3946 987 3996 10
1005 3949 1033 3994 et
1050 3941 1204 3995 funiculum
1225 3942 1250 3991 (ι’

99 4030 244 4083 funiculus
255 4028 281 4093 (s
294 4032 321 4083 ia
330 4048 383 4083 raa.
393 4048 409 4083 a
419 4048 450 4081 m.
461 4030 493 4095 tt)
506 4031 560 4083 RE
567 4031 601 4098 cs.
612 4031 675 4083 Atta.
686 4031 702 4081 I
709 4030 736 4093 t',
749 4030 779 4081 77
836 4032 864 4082 ll
876 4029 906 4081 in
915 4035 1056 4082 aeternam
1065 4027 1250 4081 hereditatem

104 4118 158 4169 (tit
177 4116 207 4168 in
226 4116 410 4169 hereditatem
428 4118 607 4169 aeternamE
659 4118 692 4170 15
711 4115 811 4169 dedisti
831 4116 856 4168 ei
871 4115 1096 4168 GdedistieisR
1150 4115 1250 4167 18n0n

100 4210 164 4258 tum
184 4204 210 4255 rt
228 4202 350 4256 nondum
369 4204 397 4255 E
449 4206 482 4258 19
499 4220 550 4271 per
567 4221 649 4271 quem
668 4202 787 4255 mundus
805 4207 866 4255 erat
886 4204 941 4253 (Ilav
957 4220 1004 4254 aar..
1024 4203 1050 4254 tt
1101 4204 1136 4255 20
1153 4201 1249 4254 mundi

102 4310 153 4343 aaa.
176 4290 201 4341 G
254 4290 288 4343 23
307 4290 329 4343 ἁ
348 4296 463 4358 prepter
482 4290 555 4357 quod
575 4292 599 4342 It
653 4292 686 4344 26
706 4290 771 4357 quia
788 4294 848 4343 erat
866 4308 896 4341 er
913 4289 979 4357 quia
997 4306 1044 4341 era
1062 4290 1095 4341 R.

158 4409 229 4450 xuir.
246 4410 315 4449 utini.
331 4410 387 4449 met.
403 4420 453 4459 para
1060 4393 1094 4445 52
