3075 4967
457 274 651 329 instructio
676 276 900 345 psalmorum.
1209 274 1248 339 15

138 466 205 529 nium
234 464 303 529 tituli
336 464 461 530 diuersi
506 482 580 530 nsm
603 470 716 546 prater
749 484 811 543 ess,
844 466 897 548 qui
927 471 1087 529 auctorum
1122 484 1248 529 snorum

135 568 283 634 nominibus
314 575 367 633 aut
388 588 553 633 causarum
583 568 633 634 uel
663 574 841 651 temporum
869 567 1147 654 significationibus
1169 588 1248 653 pras·

133 680 261 750 notantur,
282 682 352 738 sunt
375 672 435 751 alii,
459 672 571 757 quibus
594 672 697 738 titrrlns
719 673 759 737 in
782 673 909 738 linem
943 680 1006 752 est;
1041 672 1102 754 alii,
1136 673 1248 757 quibus

133 783 232 843 lantum
266 778 444 859 psalmus
482 777 646 855 cantici,
678 775 729 843 uel
772 778 977 843 canticum
1015 777 1178 859 psalmi:
1216 784 1249 843 st

130 901 239 949 necesse
258 888 304 948 est
325 883 466 947 diuersas
500 900 610 947 osusss
633 882 827 947 diuersarum
849 882 1148 967 superscriptionum
1169 884 1245 949 exfi-
1286 908 1299 945 e

131 987 198 1052 fisse.
236 1006 294 1052 non
328 988 414 1052 enim
436 987 505 1052 sine
526 1006 620 1053 ceusu
652 992 739 1052 tants
760 1006 866 1052 rerum
900 987 1079 1052 diuersitate
1103 988 1153 1053 bic
1176 988 1246 1053 titu-

132 1093 209 1156 lornnn
230 1092 300 1156 ordo
323 1091 521 1169 conuertitur,
543 1098 579 1155 ut
600 1110 682 1156 nunc
711 1092 751 1155 in
780 1090 917 1171 finem,
947 1110 1030 1155 nunc
1053 1090 1246 1175 psalmus,

129 1214 195 1260 nunc
214 1196 421 1271 canticum,
444 1216 526 1260 nunc
549 1196 759 1260 canticum·
777 1193 936 1279 psalmi,
957 1214 1041 1260 nunc
1063 1195 1245 1277 psalmus

129 1300 257 1365 cantici
278 1300 318 1363 ad
341 1300 571 1365 distinctionem
593 1299 713 1381 psalmi,
742 1300 795 1383 qui
817 1297 964 1374 subisset,
988 1299 1177 1380 praeserstur.
1214 1307 1246 1367 ct

128 1424 287 1488 quamquem
310 1404 343 1469 in
367 1404 497 1489 singulis
513 1404 686 1488 quibusque
703 1403 830 1484 psalmis
845 1403 1036 1488 singularum
1051 1424 1245 1489 quarumque

125 1508 332 1589 inscriptionum
357 1528 466 1573 causas
489 1514 636 1589 praestsre
658 1508 802 1591 nitamur,
845 1515 949 1573 mmen
973 1510 1013 1573 ad
1035 1509 1242 1593 conpendium

124 1614 248 1677 studiosa
266 1612 487 1697 intellegentiae
520 1614 551 1677 in
575 1612 704 1678 breuem
728 1612 957 1679 sermunculum
974 1613 1120 1677 uirtutem
1136 1633 1244 1693 super-

125 1717 302 1797 scriptionum
325 1717 462 1783 omnium
488 1723 672 1782 coartamus.

158 1820 202 1886 18.
223 1821 304 1887 Finis
328 1827 385 1901 est,
419 1822 504 1886 cuius
534 1841 627 1887 causa
650 1828 760 1887 cetera
784 1828 872 1899 sunt3
902 1821 1005 1907 ipsum
1034 1828 1140 1886 autem
1169 1820 1244 1886 nulli

123 1924 164 1989 alii
183 1944 297 1991 causum
321 1946 411 1991 suam
433 1930 568 2007 prestat.
613 1926 652 1991 ob
676 1925 772 1991 finem
806 1925 891 1991 cuim
920 1925 1034 2000 omnis,
1063 1925 1139 1991 nibil
1170 1946 1243 1992 uero
1283 1972 1288 1983 -

122 2027 193 2093 alind
212 2037 276 2113 post
296 2030 404 2096 finem.
451 2050 587 2114 nsmque
611 2030 651 2095 ad
673 2030 769 2096 finem
797 2030 933 2096 tenditur
948 2037 980 2095 ct
995 2031 1035 2096 ad
1050 2030 1144 2095 finem
1162 2031 1243 2096 desi·

122 2134 198 2198 nitur.
237 2135 278 2199 ita
299 2134 371 2200 finis
402 2142 433 2200 et
456 2136 642 2201 anteriorum
676 2134 826 2219 perfectio
849 2142 898 2200 est
930 2141 962 2200 ct
995 2156 1034 2200 en
1054 2154 1090 2200 εθ
1111 2134 1188 2199 nilsil
1211 2136 1242 2199 in

122 2236 221 2321 aliquid
240 2238 320 2305 aliod
343 2239 532 2321 protendens
565 2241 689 2322 propria
722 2241 755 2305 iu
789 2246 890 2305 semet
919 2240 967 2304 sui
994 2239 1064 2321 ipss
1085 2239 1242 2324 possessio

125 2346 170 2405 est.
200 2342 304 2425 psslmi
327 2344 429 2429 igitur,
453 2345 505 2428 qui
527 2345 736 2411 inscribentur
758 2345 799 2409 in
820 2344 960 2423 linem,
982 2344 1026 2408 its
1040 2343 1242 2429 intellegendi

121 2452 185 2523 sunl,
206 2454 235 2511 ut
255 2468 294 2512 ex
317 2448 462 2529 perlectis
492 2456 585 2533 atquo
615 2448 764 2514 absolutis
788 2449 939 2514 bonorum
962 2455 1147 2514 aeternorum
1169 2451 1241 2514 doc·
1270 2473 1274 2484 ·

123 2549 197 2614 binis
217 2558 245 2615 et
265 2553 380 2634 spebus
403 2553 550 2618 existant:
575 2554 648 2638 quia
670 2554 709 2618 sd
733 2574 780 2633 ea,
804 2572 874 2637 quse
895 2553 926 2617 in
943 2552 993 2617 bis
1009 2552 1241 2631 dicontunfidei

122 2672 150 2717 sc
167 2662 270 2720 nostrae
292 2676 400 2722 cursus
423 2658 569 2723 extendat
610 2665 641 2723 et
662 2658 694 2723 in
717 2656 777 2734 his,
800 2656 884 2722 nullo
907 2657 1052 2723 ulteriore
1082 2677 1240 2741 procursu,

119 2756 174 2837 ipso
194 2780 244 2823 sue
265 2766 380 2846 optatae
403 2766 434 2826 at
456 2761 577 2842 adeptae
599 2762 798 2827 beatitudinis
820 2761 884 2827 fine
905 2762 1087 2844 requiescet

156 2862 197 2926 19.
219 2863 253 2927 In
274 2864 402 2931 musicis
425 2884 499 2931 uero
529 2866 646 2931 artibus
669 2865 719 2931 has
741 2873 814 2931 sunt
836 2865 1010 2931 officiorum
1034 2872 1066 2930 et
1087 2884 1240 2950 generum

119 2966 269 3033 uarietates.
315 2969 497 3050 psalmus
520 2975 576 3048 est,
611 2990 682 3035 cum
705 2978 849 3037 cessante
878 2990 954 3036 noce
984 2970 1089 3051 pulsus
1121 2975 1240 3035 tantum

119 3072 210 3153 organi
230 3074 417 3139 concinentis
451 3075 582 3140 auditur.
627 3075 834 3140 canticum
865 3084 920 3153 est,
950 3095 1019 3140 cum
1049 3074 1239 3140 cantantium

120 3171 223 3253 choros,
244 3175 383 3243 libertate
407 3198 463 3243 sua
485 3186 575 3244 utens
596 3198 698 3262 neque
721 3178 753 3243 in
768 3200 939 3245 consonum
951 3179 1060 3263 organi
1075 3180 1240 3243 adstrictus

118 3275 285 3363 obsequium,
309 3280 426 3367 bymno
449 3302 572 3347 cunorae
601 3288 720 3348 tentum
751 3284 835 3348 uocis
866 3282 988 3349 exultat.
1034 3283 1239 3349 canticum

119 3386 203 3446 sutem
235 3384 380 3467 psalmi
415 3394 469 3466 est,
504 3408 574 3452 cum
610 3408 727 3473 organo
763 3388 949 3468 praecinente
983 3388 1178 3471 subsequens
1208 3394 1241 3451 et

152 3557 216 3611 acer
227 3565 382 3629 temporum
399 3562 482 3615 l'rDa
497 3566 545 3615 aut
557 3566 740 3631 temporume
789 3527 863 3617 {leoli¹
871 3580 938 3615 corr.
951 3581 984 3615 m.
997 3562 1017 3613 2
1031 3563 1057 3614 V
1095 3560 1191 3617 infime
1205 3582 1238 3613 ra

118 3639 222 3697 liuline
234 3664 261 3699 ec
272 3647 301 3699 in
313 3646 368 3701 fine
380 3667 413 3701 m.
427 3646 447 3699 9
462 3648 486 3701 V
537 3650 568 3703 11
585 3665 681 3703 causes
699 3654 875 3716 praestereat
886 3665 981 3703 amors
991 3652 1087 3701 tumen
1103 3648 1127 3701 V
1142 3664 1238 3703 osusss

116 3732 211 3791 ornnem
227 3748 317 3787 amors
335 3738 429 3789 tannen
446 3754 462 3787 r
515 3736 549 3790 12
566 3734 775 3789 sermunculum
799 3737 835 3789 Vr
855 3752 1042 3790 scrmcusme
1096 3735 1238 3804 scipsum

116 3818 192 3869 subm
214 3818 261 3873 Vre
283 3821 343 3889 ipse
361 3823 488 3875 sutemb
548 3824 581 3876 16
598 3822 670 3876 aliut
695 3824 717 3875 V
756 3826 785 3877 st
802 3822 839 3877 sd
856 3822 940 3877 finem
965 3822 1001 3876 Vr
1024 3822 1073 3875 sed
1090 3823 1120 3875 in
1137 3820 1193 3876 fine
1212 3824 1241 3875 Ι

118 3900 142 3949 l'l
157 3917 188 3955 cx
203 3922 279 3960 επεν
330 3907 451 3963 nichilr
502 3909 532 3963 in
556 3908 656 3977 eliquit
680 3907 843 3975 (omaliud)
859 3910 884 3963 V
933 3912 967 3964 18
985 3909 1046 3977 ipss
1060 3909 1096 3963 Vr
1114 3910 1149 3979 cs.
1163 3910 1238 3963 Neue

116 3983 227 4045 liment.
243 3994 264 4055 Ι,
283 3994 349 4061 674,
367 3994 428 4063 ipso
446 3996 505 4065 ipse
523 3994 583 4063 (om.
602 3995 655 4062 sui)
674 3998 722 4049 Da
776 3999 810 4051 19
836 3996 1027 4051 inscribuntur
1044 3997 1089 4049 rE
1138 3998 1173 4051 ‘20
1190 3996 1237 4049 sd-

116 4086 158 4135 qus
186 4076 208 4129 V
269 4082 301 4135 21
321 4082 403 4150 spcb.
432 4080 520 4151 V(cf.
539 4084 583 4137 Ps.
602 4083 644 4136 LI
659 4101 716 4154 cup.
735 4082 766 4149 1)
784 4082 928 4151 speciebus
946 4084 990 4135 rE
1040 4081 1178 4137 adsistant
1203 4084 1237 4136 l'r

115 4154 227 4217 dicuntur
242 4167 270 4219 E
323 4170 360 4223 92
378 4186 408 4223 ss
425 4187 481 4239 sup.
500 4170 546 4225 lin.
565 4188 582 4223 a
599 4188 632 4224 m.
652 4168 672 4222 2
690 4170 716 4223 V
758 4170 837 4224 nullo
855 4170 988 4223 ulteriore
1005 4186 1140 4237 procursu
1161 4170 1237 4222 Vrbe

115 4244 178 4298 nollo
194 4250 318 4309 ulteriore
336 4255 454 4310 tendens
472 4274 606 4325 procursu
625 4258 639 4309 b
692 4258 727 4311 28
745 4273 845 4311 canore
869 4257 899 4311 V.
