3075 4967
229 288 292 353 808
577 290 694 344 sanati
713 289 850 343 Hilarii
868 289 1030 358 episcopi

229 479 484 561 promissionibus
515 480 566 545 dei
589 492 621 544 et
643 481 682 545 ab
705 478 841 544 incolatu
874 479 1009 559 paradisi
1043 480 1205 557 excidisse,
1239 487 1270 545 et
1303 481 1375 545 ideo

228 604 349 649 memor
372 590 419 648 est
441 602 568 663 operum
592 584 651 649 dei.
698 584 756 649 scit
785 603 845 648 non
876 581 1020 649 sufficere
1043 603 1081 648 ex
1102 584 1258 664 praeterito
1285 584 1375 649 inno-

229 688 372 765 centiam,
407 689 463 752 sed
496 688 622 753 beatum
646 706 722 766 esse,
753 687 806 771 qui
835 706 935 771 usque
958 688 990 751 in
1012 686 1109 753 finem
1131 687 1281 753 innocens
1304 708 1374 753 esse

227 792 443 871 permanserit,
467 798 498 857 et
519 792 589 856 ideo
612 790 644 855 in
679 791 769 856 factis
804 810 952 855 manuum
986 792 1038 857 dei
1071 793 1247 857 meditatur.
1291 790 1374 858 factu

162 878 200 960 'a
228 915 377 960 manuum
400 895 451 960 dei
475 895 568 959 homo
599 894 666 975 ipse
690 901 753 973 est;
790 895 852 978 qui,
873 903 1040 977 postquam
1073 896 1221 975 peccauit,
1252 898 1372 976 peccati

227 1011 335 1065 seruus
359 996 487 1063 effectus
511 1004 566 1064 est.
611 998 681 1063 talis
704 999 800 1082 igitur
823 1018 892 1063 esse
915 999 1092 1077 meditatur,
1115 998 1216 1082 qualis
1233 999 1295 1077 ille,
1318 1002 1371 1083 qni

227 1105 327 1169 adeo
358 1102 457 1167 sactus
492 1109 546 1181 set,
581 1102 640 1167 suit
673 1094 743 1167 ante
777 1108 949 1183 peccatum.
994 1124 1051 1184 por
1083 1105 1168 1187 quod
1202 1104 1276 1187 quia
1309 1124 1370 1170 non

227 1214 365 1273 mortuus
388 1206 501 1286 saeculi,
531 1210 587 1272 sed
617 1212 778 1290 tamquam
808 1213 948 1273 mortuus
978 1206 1082 1273 saeculi
1104 1206 1136 1271 in
1159 1208 1301 1273 obscuris
1324 1218 1371 1273 est

227 1310 398 1390 collocatus,
434 1311 636 1388 meditabitur
668 1331 809 1392 semper3
844 1318 875 1376 et
907 1310 1109 1377 meditabitur
1130 1332 1263 1392 semper,
1298 1313 1370 1395 quis

173 1442 199 1479 ιο
226 1416 423 1500 antiquorum
437 1416 558 1480 dierum
570 1434 692 1481 memor
703 1414 761 1480 scit
774 1435 830 1499 per
844 1416 1126 1500 transgressionem
1141 1414 1221 1500 legis
1237 1423 1369 1482 mortem

114 1568 115 1573 η
226 1518 368 1585 introisse
390 1520 519 1599 peccati.

269 1624 298 1688 7.
323 1622 359 1687 ln
382 1644 418 1687 eo
442 1630 554 1699 autem,
585 1626 666 1707 quod
691 1630 720 1689 et
750 1644 871 1689 mernor
900 1625 1021 1689 dierum
1056 1625 1253 1708 antiquorum
1286 1625 1367 1690 etin

225 1726 382 1809 operibus,
402 1728 452 1792 dei
483 1728 649 1793 meditatus
673 1734 728 1793 eet
750 1735 844 1811 atque
867 1728 1075 1808 meditabitur,
1099 1747 1292 1811 quamquam
1312 1749 1370 1810 per

225 1832 318 1897 fidem
342 1851 430 1896 suam
454 1830 588 1911 eoeperit,
611 1838 714 1896 tamen
738 1852 799 1897 non
824 1834 983 1913 proprium
1005 1852 1095 1897 suurn
1119 1852 1198 1909 esse,
1221 1852 1262 1897 nc
1284 1834 1367 1897 inse

173 1968 198 2004 a
225 1933 291 2000 lens
314 1934 513 2012 existimetur,
548 1937 604 1999 sed
638 1955 695 2015 per
727 1934 875 1999 auxilium
909 1936 968 2013 dei,
992 1938 1031 2000 ad
1054 1955 1149 2018 quem
1171 1938 1280 2016 orauit,
1309 1936 1369 2001 sibi

224 2036 377 2103 indultum
401 2059 470 2104 esse
499 2041 694 2104 demonstrat
724 2038 847 2105 dicens:
881 2040 1057 2119 expandi
1090 2060 1230 2104 manus
1261 2060 1368 2106 maes

224 2144 270 2208 ad
295 2148 347 2207 te:
383 2144 515 2207 anima
545 2162 631 2207 mea
660 2144 905 2209 sioutterra
928 2144 1017 2208 sine
1040 2162 1150 2227 equa.
1196 2151 1280 2208 terra
1301 2144 1369 2209 siue

224 2266 303 2330 aqua
336 2246 423 2313 arida
457 2254 487 2312 et
512 2246 687 2313 infecunda
721 2254 769 2312 est
806 2256 839 2313 et
882 2248 1011 2330 inrigari
1045 2267 1080 2312 se
1113 2266 1238 2328 semper
1268 2247 1369 2312 imbre

223 2349 334 2431 pluuias
357 2350 490 2416 caelestis
514 2357 671 2431 expectat:
699 2350 742 2415 ita
765 2357 796 2416 et
818 2352 918 2416 sancti
940 2352 1046 2417 anima
1067 2358 1185 2416 naturae
1209 2370 1274 2416 suae
1296 2371 1368 2416 con-

171 2484 195 2521 so
223 2454 294 2532 scia
306 2454 532 2520 immadescere
545 2474 578 2520 se
591 2456 670 2519 dono
682 2455 780 2520 diuini
792 2454 906 2538 eloquii
919 2456 1083 2532 desiderat,
1106 2457 1144 2521 de
1165 2476 1226 2538 quo
1241 2456 1367 2540 Moyses

222 2558 279 2623 ait:
315 2564 559 2639 expectetur
588 2558 1034 2639 sicutpluuiadictum
1064 2580 1201 2638 meum,
1236 2566 1275 2625 et
1305 2562 1368 2625 de·

222 2665 422 2727 scandant
445 2663 773 2728 sicutrosuerba
791 2684 884 2742 mea,
907 2670 949 2728 ut
972 2663 1111 2745 pluuia
1134 2684 1257 2744 super
1279 2684 1368 2749 gra·

222 2785 310 2831 men
342 2776 380 2832 et
413 2774 453 2831 ut
476 2767 590 2832 niues
621 2787 743 2847 super
773 2767 945 2833 laeuum.
990 2788 1080 2833 arens
1104 2788 1180 2852 ergo
1203 2774 1235 2833 et
1257 2768 1368 2833 sitiens

222 2870 326 2934 anima
347 2869 399 2935 tali
423 2870 611 2951 propheticae
630 2872 779 2936 doetrinae
803 2871 904 2936 imbre
919 2872 1123 2952 perfunditur,
1145 2880 1180 2937 ut
1198 2879 1319 2937 mortua
1334 2882 1368 2937 et

169 3002 194 3041 a
220 2972 323 3039 ieiuna
356 2975 498 3040 ariditate
530 2982 649 3040 natnrae
683 2975 714 3039 in
748 2976 861 3041 uberes
894 2976 1011 3041 fructus
1048 2982 1275 3056 praeceptorum
1312 2978 1366 3043 dei

221 3078 396 3161 cognitione
417 3080 594 3144 reuirescet.

263 3182 291 3245 8.
316 3182 384 3247 lam
406 3183 438 3246 in
460 3181 519 3261 his,
550 3202 619 3266 quae
642 3188 794 3259 secuntur,
817 3182 960 3248 hnmanae
994 3184 1068 3250 fidei
1102 3190 1134 3248 et
1166 3185 1369 3251 conscientiae

219 3285 372 3352 consessio
395 3294 450 3365 est,
474 3307 529 3367 per
545 3286 709 3369 diapsalmi
725 3286 979 3353 intercessionem
994 3288 1175 3370 inpatientia
1189 3288 1368 3369 prophetici

219 3391 365 3456 desiderii
402 3397 584 3456 monstrata.
641 3390 845 3458 uelociter
882 3392 1029 3457 exaudi
1074 3412 1148 3470 me,
1193 3393 1368 3472 domine,

262 3584 294 3636 su
315 3583 395 3637 nsua.
414 3583 526 3650 xxxii,
544 3584 568 3637 a.

264 3757 332 3810 lab
350 3774 434 3827 onap
487 3757 617 3826 paradysi
630 3757 656 3809 R
707 3760 874 3811 4manuum
893 3757 987 3810 deiRe
1006 3756 1050 3810 dei
1070 3774 1200 3811 mannum
1217 3760 1254 3829 pb
1306 3775 1368 3813 me·

219 3840 325 3895 ditetur
351 3843 378 3896 R
404 3842 584 3897 meditabitur
599 3843 650 3914 pu
700 3847 717 3897 'l
736 3843 801 3911 quia
827 3860 883 3896 non
911 3848 1035 3897 mortuus
1063 3844 1173 3898 saeculo
1200 3845 1227 3898 R
1278 3842 1368 3898 Ssed

219 3933 359 3995 tamqnam
377 3936 504 3984 mortuns
523 3930 627 3983 saeculi
653 3948 737 4000 om.p
792 3932 826 3983 12
842 3946 949 3984 memor
967 3928 1028 3996 (om.
1047 3932 1087 3995 et)
1106 3931 1132 3985 R
1183 3931 1366 3999 antiquorum

218 4014 326 4068 dierum
342 4016 392 4085 pE
443 4019 476 4071 18
494 4016 612 4085 inrigari
630 4034 659 4070 se
677 4033 788 4085 semper
806 4017 831 4069 R
848 4016 961 4085 irrigari
986 4032 1045 4070 sese
1069 4032 1180 4085 semper
1193 4018 1231 4088 pd
1248 4017 1365 4085 irrigas-i

219 4117 327 4169 semper
353 4121 367 4155 e
433 4105 464 4155 19
483 4102 608 4157 consciae
636 4104 661 4156 R
725 4106 757 4157 21
779 4106 920 4173 spectetur
944 4121 963 4172 p
1024 4104 1060 4156 29
1077 4108 1109 4157 ut
1135 4104 1232 4172 pluuia
1258 4121 1288 4157 es
1313 4109 1365 4158 aut

218 4187 348 4254 pluuiali
400 4191 435 4242 24
453 4190 594 4242 imbraeR
646 4190 681 4243 25
699 4188 845 4243 ieiunza
851 4207 871 4258 p
923 4191 957 4243 nt
975 4194 1108 4243 secuntur
1117 4190 1161 4259 Rp
1170 4190 1368 4259 sequunturE

179 4324 183 4333 ,
217 4276 252 4328 98
271 4274 417 4342 diapsalmi
436 4276 479 4346 Rp
497 4276 688 4345 diapsalmatis
708 4277 919 4347 (diapsalmistis
938 4276 967 4339 a)
986 4295 1000 4331 e
1017 4277 1186 4346 diapsalmae
1204 4280 1228 4331 b.
