3075 4967
294 282 358 346 144
640 281 755 334 sancti
775 279 911 333 Hilarii
929 279 1093 348 episcopi

293 473 502 537 resurrexisse
524 491 594 538 eum
617 491 636 535 a
658 469 786 535 mortuis
809 469 937 534 audiunt
959 474 992 534 et
1012 469 1045 534 in
1068 469 1119 535 dei
1141 469 1271 536 ueritate
1303 469 1437 555 gloriam

292 594 382 640 suam
404 577 611 657 resumpsisse
633 579 834 658 cognoscunt
877 592 952 638 nam
976 578 1084 654 postea
1104 573 1144 638 ob
1167 593 1293 655 paenam
1325 573 1373 640 dei
1404 574 1437 640 in

292 697 417 745 crucem
439 681 499 745 acti
533 679 616 744 fame
638 683 670 744 et
691 676 774 744 bello
795 676 951 759 absumpti
972 696 1009 744 ac
1032 678 1143 758 perditi
1166 690 1254 743 sunt:
1276 679 1351 744 nite
1364 698 1439 746 ane·

292 788 389 849 torem
413 789 511 848 morte
534 785 719 850 damnantes
736 801 838 866 neque
860 781 909 846 dei
934 781 963 844 in
988 801 1024 847 eo
1047 781 1210 848 ueritatem
1232 802 1288 864 per
1310 802 1439 864 opernm

253 886 556 972 smagnilicentinm
589 886 771 972 cogitantes.
816 885 875 950 hos
909 885 1004 969 igitur
1042 885 1192 966 disperdit
1229 886 1280 952 dei
1312 887 1439 964 nemus,

292 1009 363 1056 oum
396 992 436 1057 ad
473 993 691 1057 resumendam
725 988 834 1074 glorie
869 989 1064 1054 maiestatem
1098 1000 1235 1070 paternae
1268 1010 1440 1076 resurgens

291 1094 441 1160 absolutae
463 1095 493 1159 in
517 1115 552 1161 se
574 1094 745 1161 diuinitatis
767 1093 949 1177 probauerit
969 1092 1142 1159 ueritatem.

337 1197 386 1263 12.
409 1197 497 1279 Quod
521 1205 625 1264 antem
648 1205 678 1264 et
701 1198 731 1261 in
756 1216 880 1263 cmcem
902 1205 1006 1262 actum
1039 1197 1234 1279 unigenitum
1264 1197 1316 1263 dei
1338 1197 1441 1266 filium

291 1305 321 1367 et
344 1309 442 1368 morte
465 1303 645 1368 demnatum
668 1321 748 1376 eum,
780 1301 833 1384 qui
856 1301 1026 1378 natiuitate,
1061 1319 1131 1384 qne
1165 1301 1224 1368 sibi
1255 1323 1293 1369 ex
1323 1310 1442 1370 semrno

240 1441 264 1476 ιο
291 1413 377 1487 patre
398 1413 445 1472 est
463 1406 619 1484 naturalis,
640 1413 775 1477 aternus
793 1405 841 1480 sit,
861 1404 1049 1488 frequenter,
1067 1406 1161 1472 immo
1173 1423 1307 1488 semper,
1327 1409 1443 1490 predi·

291 1529 414 1575 eamus:
446 1531 509 1575 nou·
530 1531 568 1576 er
591 1517 710 1576 naturae
733 1510 918 1575 necessitate
943 1509 1050 1589 potius,
1074 1530 1167 1594 quam
1183 1532 1223 1576 ex
1244 1523 1443 1578 sacramento

290 1613 436 1680 humente
459 1615 576 1689 salutis,
610 1614 748 1698 passioni
773 1613 869 1678 fuisse
891 1614 1034 1678 subditus
1062 1613 1293 1700 intellegendus
1316 1626 1379 1694 est3
1411 1625 1443 1682 et

290 1717 427 1784 uoluisse
443 1739 477 1782 se
501 1719 601 1802 magis
615 1717 751 1798 passioni
768 1717 877 1794 subici,
898 1735 990 1800 quam
1006 1729 1156 1782 coactum.
1201 1730 1232 1784 et
1247 1737 1442 1803 quamquam

290 1823 393 1904 passio
406 1822 458 1886 illa
473 1841 533 1887 non
551 1823 642 1887 suerit
657 1821 850 1887 condicionis
866 1831 898 1886 et
912 1821 1046 1900 generis,
1063 1822 1136 1904 quin
1150 1822 1444 1889 incommutabilem

239 1957 264 1996 ιε»
291 1927 340 1991 dei
364 1933 505 1990 naturam
530 1925 613 1990 nulla
635 1926 683 1990 uis
706 1925 864 1990 iniuriose
879 1925 1121 2005 perturbationis
1138 1923 1317 2002 offenderet
1333 1933 1441 1992 ermen

290 2036 434 2110 suscepte
456 2029 629 2115 uoluntario
652 2037 707 2108 est,
730 2028 834 2093 officio
858 2029 984 2112 quidem
1007 2030 1076 2110 ipsa
1097 2029 1294 2096 satisfactura
1312 2030 1444 2112 penali.

289 2153 352 2198 non
375 2140 477 2199 tamen
503 2154 600 2215 poenae
623 2153 718 2199 sensu
733 2132 846 2198 laesura
861 2133 1044 2213 patientem:
1067 2153 1129 2198 non
1143 2134 1442 2218 quodillalaedendi

290 2257 352 2302 non
375 2237 519 2303 habuerit
548 2258 604 2319 pro
634 2238 701 2318 ipsa
731 2238 884 2322 passionis
915 2238 1063 2320 qualitate
1093 2245 1244 2317 dabiram,
1267 2238 1323 2304 sed
1354 2239 1445 2323 quod

291 2340 426 2407 dolorem
458 2343 628 2407 diuinitatis
655 2349 766 2408 natura
789 2360 851 2405 non
874 2342 977 2407 scutit.
1023 2361 1134 2423 passus
1164 2363 1239 2427 ergo
1269 2357 1317 2408 est
1348 2343 1444 2425 dens,

238 2477 263 2515 ro
291 2446 364 2529 quia
387 2465 421 2511 se
444 2446 576 2512 subiecit
597 2446 792 2512 uoluntarius
815 2445 968 2527 passioni3
1002 2447 1057 2512 sed
1081 2445 1254 2530 suscipiens
1276 2447 1445 2513 naturales

290 2551 499 2635 ingruentium
522 2550 555 2613 in
578 2569 612 2615 ss
636 2551 826 2634 passionum,
857 2550 971 2633 quibus
1002 2550 1140 2615 dolorem
1171 2551 1361 2632 patientibus
1387 2572 1446 2617 ne-

291 2673 379 2720 cesse
402 2667 449 2719 est
471 2674 525 2720 ess
548 2655 665 2734 inferri,
680 2655 818 2731 uirtutes,
835 2655 902 2736 ipse
925 2664 1028 2720 tamen
1051 2675 1070 2719 a
1092 2662 1211 2720 naturae
1234 2675 1298 2721 snae
1320 2655 1446 2722 uirtute

290 2778 352 2822 non
378 2759 499 2836 excidit
521 2773 555 2823 ut
578 2759 705 2825 doleret.
980 2761 983 2766 ’

334 2934 349 2986 1
369 2933 600 2986 resurrectionem
618 2949 682 2987 cum
700 2950 735 2987 ex
752 2933 871 2987 mortuis
888 2931 969 3003 (supr.
989 2951 1052 2986 curn
1069 2935 1136 2986 inter
1154 2935 1264 2988 lineare
1275 2951 1308 2986 m.
1321 2931 1362 2987 2:
1384 2939 1448 3004 xpo

291 3023 471 3086 conparantes
489 3020 695 3078 resurrexisset)
720 3019 744 3072 V
795 3022 812 3074 3
829 3019 969 3088 adsumpti
987 3019 1012 3074 V
1061 3036 1093 3073 ac
1111 3019 1214 3088 perditi
1233 3025 1297 3074 sont
1313 3039 1373 3090 sap.
1396 3023 1447 3075 lin.

290 3104 418 3158 cm.2V
467 3108 561 3173 dneq.
578 3106 625 3159 dm
640 3107 668 3160 in
684 3106 840 3160 ueritateP
889 3112 907 3160 b
914 3107 1021 3176 gloriae
1029 3111 1162 3175 paternae
1170 3107 1344 3161 maiestatem
1362 3107 1451 3161 VPE

291 3192 511 3246 Vabsoluteme
563 3193 673 3261 8qu0d
690 3197 783 3246 autem
801 3199 908 3262 spectat
926 3199 959 3250 et¹
982 3195 1078 3246 Beaed.
1096 3196 1122 3246 iu
1141 3197 1202 3247 orla.
1261 3194 1290 3246 in
1308 3209 1397 3247 eruce
1419 3196 1452 3248 P

289 3278 468 3332 buatiuitate
482 3276 563 3348 (supr.
578 3296 593 3332 e
609 3281 709 3349 aliquid
722 3277 799 3344 eros.)
810 3281 835 3332 R
891 3283 922 3334 10
940 3285 1068 3334 aeternus
1083 3285 1125 3334 est
1141 3279 1171 3333 id
1186 3277 1347 3347 frequenter
1367 3280 1397 3334 V
1413 3289 1449 3338 et

290 3365 464 3418 aeternussit
476 3364 661 3432 frequentare
713 3367 904 3434 praedicamus
922 3385 976 3420 non
990 3364 1073 3437 (supr.
1090 3384 1142 3420 usn
1159 3366 1231 3418 .·t-t
1250 3368 1296 3419 tae.
1315 3366 1404 3432 eros.)
1416 3369 1448 3422 R

290 3452 462 3519 repulsioni
486 3452 666 3521 expansionis
685 3453 711 3506 R
729 3471 758 3506 ex
776 3453 910 3522 passionis
928 3452 1024 3507 salutis
1043 3453 1176 3522 passionis
1200 3453 1224 3506 V
1272 3453 1358 3506 fuisse
1371 3455 1448 3509 sub·

290 3538 364 3592 ditus
377 3538 580 3607 intellegendus
592 3545 633 3592 est
646 3545 674 3593 et
686 3539 740 3622 VR
751 3540 836 3594 fuisse
848 3541 991 3595 subditum
1004 3546 1033 3594 et
1048 3539 1109 3593 I'Tb
1146 3543 1178 3595 13
1190 3557 1249 3594 sese
1267 3540 1293 3595 V
1342 3544 1373 3593 et
1383 3545 1448 3610 qut

290 3679 343 3732 RP
359 3677 451 3742 (aedil
464 3679 490 3730 ia
508 3695 591 3746 murga
604 3679 663 3730 odd.
683 3635 732 3746 qli)
787 3682 820 3733 14
837 3679 1065 3736 indemutabilem
1080 3679 1156 3734 VPE
1209 3681 1241 3733 16
1258 3678 1448 3735 uolunta-iae

289 3816 316 3868 R
334 3773 631 3899 uoluita'uoluntariac
656 3815 680 3870 V
731 3819 763 3870 17
782 3833 869 3885 poene
892 3817 917 3870 V
940 3817 970 3869 in
993 3833 1097 3884 poenae
1117 3817 1143 3870 R
1190 3826 1251 3887 post
1272 3833 1329 3868 non
1348 3815 1370 3868 2
1391 3819 1446 3873 litt.

290 3937 357 3972 eros
374 3920 400 3972 R
453 3922 487 3973 18
505 3920 640 3988 qualitate
659 3939 689 3974 ea
708 3919 870 3987 qualitatem
888 3939 921 3974 m.
940 3919 960 3974 2
983 3921 1008 3974 V
1057 3919 1157 3974 natura
1182 3937 1238 3973 non
1261 3920 1348 3974 sentit
1371 3939 1445 3990 pas-

290 4005 374 4059 sionis
399 4005 561 4073 qualitatem
587 4011 716 4060 naturam
743 4006 792 4060 sed
819 4007 893 4075 quod
918 4006 1042 4061 dolorem
1069 4006 1224 4060 diuinitatis
1251 4011 1354 4059 natura
1382 4025 1448 4064 non

290 4093 413 4146 sentitV
465 4096 497 4147 19
514 4110 730 4161 passus÷÷ergo
745 4093 772 4146 R
823 4097 858 4148 20
875 4094 1048 4162 passionisV
1098 4098 1225 4147 naturam
1244 4093 1447 4162 ingruentium

291 4179 317 4231 P
367 4181 402 4233 22
419 4197 463 4234 eas
476 4181 575 4233 om.l'b
628 4180 730 4234 inferre
746 4179 822 4234 VRP
870 4199 887 4233 a
905 4181 995 4235 om.V
1043 4180 1077 4234 23
1095 4179 1446 4238 dolereteadoloretm.l

290 4266 317 4318 R
336 4266 444 4320 doloret
467 4268 496 4321 V.
