3075 4967
300 273 362 340 748
640 273 756 328 saneti
781 273 915 327 Hilarii
940 273 1102 342 episcopi

299 463 475 547 probabiles
498 463 641 541 reddidit,
668 483 724 544 per
747 483 839 548 quam
862 482 925 527 non
949 464 1168 529 erubescendae
1190 465 1259 545 spei
1282 485 1343 530 suae
1364 466 1429 530 fidu·

300 570 379 633 ciam
402 568 618 649 probauerunt.
664 568 719 632 sed
743 565 812 632 haeo
846 567 1025 648 oportunius
1059 574 1091 632 et
1124 566 1246 648 plenius
1276 569 1339 634 suis
1366 568 1431 633 loeis

301 673 423 738 tractari
447 678 581 753 oportet:
605 691 687 736 nunc
709 673 749 736 ad
772 692 852 747 eum,
876 691 914 736 ex
936 672 1022 736 cuim
1045 691 1178 750 persona
1200 672 1354 753 psalmum
1371 692 1431 738 con·

237 861 239 866 ,
298 777 409 842 sistere
432 777 574 852 diximus,
597 776 818 842 reuertendum
841 781 897 842 est.

259 907 272 944 a
343 879 370 944 5.
394 880 465 944 Non
497 880 715 946 confundenda
747 887 850 945 autem
884 900 1017 961 persona
1050 880 1222 945 diuinitatis
1256 887 1288 946 ot
1309 880 1432 961 eorporis

299 990 353 1050 est.
400 985 503 1064 omnis
534 986 616 1049 enim
651 1003 733 1048 nune
763 985 795 1048 in
819 984 943 1048 exordio
976 1004 1013 1048 ex
1042 1003 1175 1063 persona
1204 984 1271 1049 eius
1301 984 1431 1049 hominis

299 1108 391 1171 quem
408 1089 589 1169 adsumpsit,
613 1089 710 1152 ‹natio
727 1095 789 1153 est:
812 1089 999 1169 probasti
1023 1108 1088 1166 me,
1112 1089 1218 1165 deus,
1242 1101 1279 1154 et
1301 1107 1431 1172 cogno·
1523 1131 1524 1152 ι

298 1193 397 1257 uisti
421 1213 487 1258 me.
532 1192 679 1273 probatus
702 1199 756 1270 est,
779 1198 813 1256 ut
836 1198 1085 1275 cognosceretur,
1117 1193 1188 1275 quia
1218 1194 1365 1272 posterior
1390 1199 1432 1256 est

299 1297 480 1377 probatione
502 1296 644 1379 cognitio.
692 1303 722 1361 et
744 1296 907 1361 uideamus
930 1297 1100 1360 secundum
1131 1296 1342 1381 euangelicam
1368 1296 1431 1359 doc·

247 1428 271 1464 ro
299 1399 421 1478 trinam,
455 1398 507 1464 bic
541 1399 592 1464 dei
625 1398 707 1464 filius
742 1400 898 1483 quomodo
932 1401 973 1465 sit
1006 1408 1037 1465 et
1071 1401 1217 1481 probatus
1240 1411 1272 1464 et
1293 1400 1430 1484 cognitus.

299 1503 456 1569 humilitas
489 1523 625 1588 nemque
659 1504 732 1582 eius,
766 1524 823 1584 per
858 1523 951 1587 quam
986 1505 1099 1569 memit
1130 1505 1171 1569 ab
1204 1506 1289 1569 omni
1318 1503 1430 1568 calesti.

299 1609 437 1674 terrestri
461 1613 491 1673 et
513 1607 633 1672 inferno
657 1609 777 1672 adorari
802 1614 834 1673 et
856 1609 887 1672 in
910 1607 1010 1692 gloria
1027 1609 1077 1673 dei
1093 1608 1189 1689 patris
1204 1629 1283 1683 esse,
1306 1608 1429 1688 probatio

298 1711 364 1776 eius
388 1712 454 1776 fuit.
498 1713 540 1777 ita
564 1713 645 1776 enim
677 1710 834 1792 apostolus
868 1712 927 1777 ait:
962 1712 1041 1778 fuit
1074 1713 1284 1778 oboediens
1316 1731 1429 1794 usque
1524 1714 1525 1717 ’

298 1817 344 1880 ad
382 1823 561 1892 mortem,
599 1825 766 1881 mortem
805 1824 938 1882 autem
975 1819 1126 1882 crucis:
1164 1823 1331 1898 propter
1364 1817 1429 1880 boc

247 1945 271 1983 ιι
299 1919 502 1986 exaltauit
536 1941 619 1986 eum
655 1922 752 1986 deus
788 1928 824 1986 et
858 1920 1027 1986 donauit
1058 1921 1123 1986 illi
1155 1941 1304 1996 nomeu,
1337 1921 1429 2003 quod

298 2033 360 2089 est
393 2045 514 2105 super
549 2045 663 2091 omne
697 2045 847 2102 nomen,
871 2032 913 2089 nt
944 2026 984 2089 in
1019 2026 1179 2090 nomine
1214 2027 1300 2091 eius
1329 2044 1429 2088 omno

297 2149 402 2212 genu
435 2128 584 2194 flectat
617 2127 841 2193 celestium
878 2137 916 2194 et
948 2129 1215 2194 terrestrium
1246 2141 1283 2194 et
1319 2128 1428 2194 inser·

298 2253 451 2312 uorum,
476 2241 514 2298 et
537 2233 667 2298 omnis
691 2232 832 2316 lingua
854 2233 1116 2307 confiteatur,
1143 2234 1236 2316 quia
1259 2234 1429 2300 dominus

299 2337 413 2403 lesus
443 2339 480 2401 in
517 2337 651 2420 gloria
681 2336 745 2400 dei
776 2337 919 2416 patris.
964 2343 1090 2418 propter
1112 2335 1195 2424 hanc
1217 2337 1324 2420 itaque
1344 2355 1429 2417 usque
1525 2326 1526 2329 '

246 2465 271 2502 so
299 2442 338 2506 ad
372 2449 504 2507 mortem
528 2441 750 2506 obedientiam
782 2450 813 2506 et
842 2448 978 2507 mortem
1012 2443 1113 2506 cmcis
1146 2440 1310 2506 infirmitas
1341 2439 1429 2505 carnis

298 2547 470 2626 adsumptae
494 2546 524 2610 in
549 2545 673 2610 nomine
708 2552 802 2630 atque
833 2545 950 2610 bonore
982 2543 1214 2610 inmortalitatis
1237 2549 1270 2609 et
1291 2545 1322 2609 in
1342 2543 1429 2625 patris

299 2650 348 2713 dei
371 2649 471 2734 gloria
494 2649 678 2714 conlocatur.
724 2650 774 2716 dei
798 2649 882 2714 enim
904 2669 1020 2715 nomen
1041 2651 1172 2714 donatur
1194 2656 1226 2714 et
1247 2669 1356 2714 nomen
1375 2665 1428 2710 nou

298 2753 364 2818 sine
398 2752 514 2818 bonore
545 2755 684 2818 donatur.
731 2753 828 2819 bonor
862 2762 974 2831 autem,
1009 2753 1061 2837 qui
1096 2755 1235 2830 donatur,
1268 2773 1328 2817 non
1360 2750 1429 2816 alius

298 2861 402 2936 potest
431 2877 500 2922 esse
531 2877 623 2940 quam
659 2858 807 2936 nominis;
838 2876 951 2922 nomen
981 2877 1056 2922 uero
1087 2857 1198 2922 indulti
1227 2857 1348 2922 honon's
1376 2873 1428 2919 non

247 2983 271 3021 a
298 2958 379 3024 aliud
403 2967 451 3025 est
474 2981 566 3044 quam
592 2961 674 3044 quod
697 2960 796 3046 gloria
819 2967 867 3026 est
894 2967 1038 3042 paterna:
1068 2971 1102 3026 ut
1131 2962 1183 3044 qui
1213 2962 1246 3026 in
1271 2958 1429 3026 formatici

298 3083 427 3129 manens
451 3066 584 3130 formam
607 3065 688 3130 serui
711 3065 839 3146 accepit,
862 3071 987 3148 propter
1008 3065 1229 3131 obedientiam
1254 3065 1359 3129 forma
1373 3080 1430 3127 ser·

297 3166 366 3232 uilis
400 3188 470 3234 cum
504 3169 602 3234 erucis
636 3175 736 3234 morte
770 3175 921 3250 susceptae
955 3171 987 3234 in
1021 3168 1122 3254 gloria
1151 3169 1202 3234 dei
1233 3170 1326 3249 patris
1347 3171 1430 3231 esset.

342 3379 374 3430 re
392 3376 462 3429 rari.
482 3378 515 3442 n,
534 3379 551 3429 e
570 3394 608 3444 sq.

338 3551 356 3602 2
374 3549 536 3618 oportunius
547 3551 572 3602 R
581 3551 763 3618 opportunius
776 3552 828 3604 PE
834 3549 867 3614 cf.
878 3552 959 3604 Acurl.
967 3569 995 3621 p.
1008 3549 1046 3603 28
1098 3553 1237 3618 3op0rtet
1248 3551 1274 3602 R
1282 3554 1430 3618 oporterent

297 3636 322 3688 P
373 3637 523 3690 consistere
544 3637 621 3689 GllP
637 3639 807 3690 constareE
856 3637 927 3692 7ds
946 3638 971 3690 G
990 3637 1128 3690 omnim
1178 3631 1431 3705 eprobationetiit

296 3723 453 3790 probationi
471 3723 497 3774 P
550 3725 582 3775 12
602 3728 630 3776 et
648 3723 758 3778 inferno
777 3741 825 3776 om.
847 3725 889 3776 G?
943 3727 976 3777 13
1003 3723 1152 3778 oboediens
1173 3723 1199 3776 G
1216 3723 1343 3778 obediens
1361 3717 1387 3785 (e
1407 3721 1430 3769 iu

296 3826 348 3862 ras.
359 3807 523 3876 strictae..
540 3809 619 3863 diens
639 3809 708 3875 (erut
726 3809 886 3876 obaudiens,
904 3813 1042 3864 sedetiam
1062 3827 1078 3862 a
1095 3812 1122 3862 in
1138 3809 1205 3874 ros.)
1220 3810 1246 3862 P
1295 3809 1325 3861 17
1343 3806 1431 3860 flectat-

297 3895 469 3949 Rfleotatur
487 3897 540 3948 PE
556 3897 590 3956 cs.
610 3897 692 3950 Acori.
711 3917 739 3968 p.
763 3898 800 3949 57
854 3903 882 3951 et
909 3898 1082 3950 terrestrium
1110 3897 1136 3949 R
1162 3895 1335 3950 terrestrium
1362 3891 1433 3945 m

299 3983 329 4034 19
348 3981 376 4034 in
395 3983 484 4049 gloria
503 3975 533 4037 di
548 3983 573 4034 G
586 3983 615 4036 in
632 3983 723 4051 gloria
742 3989 783 4037 est
801 3984 847 4037 dei
865 3984 970 4036 Rl’YE
1019 3983 1132 4036 hociG
1183 3985 1217 4037 al
1237 3983 1307 4036 etin
1326 3977 1430 4034 nornine

296 4067 401 4120 ltPTE
411 4069 438 4121 in
449 4069 560 4122 homine
573 4073 597 4121 G
650 4070 739 4137 adque
750 4067 844 4137 (atque
855 4067 917 4136 ΤΕ)
926 4069 1031 4123 honore
1043 4069 1252 4123 inmortalitatis
1263 4067 1340 4119 (ι’ΤΕ
1345 4065 1429 4132 adque

296 4152 428 4208 honorem
443 4155 621 4210 mortalitatis
632 4157 658 4207 1¹
665 4161 748 4224 atque
763 4162 879 4210 naturae
894 4155 1028 4209 bonorem
1043 4155 1287 4210 inmortalitatisll
1336 4154 1428 4206 24nou

296 4240 366 4294 alius
384 4243 470 4295 estll
529 4243 563 4295 25
581 4242 686 4310 gloriae
706 4248 748 4295 est
766 4243 943 4311 paternaeR
1004 4247 1036 4296 ut
1054 4261 1103 4294 om.
1122 4243 1149 4294 P
1207 4245 1242 4296 at
1258 4245 1381 4307 suscepta
1399 4237 1427 4288 G·
