3075 4967
259 269 322 334 364
592 270 710 323 sancti
734 269 874 323 Hilarii
899 271 1063 338 episcopi

258 479 492 543 nonnumquam
526 460 709 524 intercessio
743 460 907 539 repentina
939 461 1105 525 reuocauit
1151 461 1177 524 si
1201 479 1277 544 ergo
1300 466 1402 525 metus

258 564 487 629 intercessionis
509 565 573 628 iam
596 571 822 644 praesumptum
846 565 949 628 animo
973 564 1093 629 lacinus
1116 565 1302 641 demoratur,
1327 565 1402 647 quid

258 666 469 733 Christianum
493 667 654 733 hominem
678 688 771 752 egere
795 668 967 744 conueniet,
990 669 1141 734 scientem
1156 689 1190 734 se
1205 675 1251 735 tot
1266 669 1402 752 undique

258 771 441 852 spiritalium
464 773 611 837 uirtutum
634 773 827 849 testimoniis,
857 791 919 836 non
942 772 1011 839 dico
1035 793 1162 853 operum
1186 793 1323 850 suorum,
1346 774 1403 838 sed

219 903 230 939 s
257 876 355 956 ipsius
390 881 506 941 tantum
540 874 705 942 uoluntatis
741 876 927 941 obsessum?
972 896 1073 942 nonne
1105 897 1178 942 cum
1211 878 1243 941 in
1266 877 1402 961 aliquam

258 979 387 1044 turbidae
410 979 594 1046 adlectionis
616 981 809 1046 uoluntatem
831 980 1020 1045 infirmitatis
1042 989 1155 1046 nostrae
1178 980 1293 1046 aculeis
1317 1000 1403 1047 com·

258 1103 427 1162 monemur,
451 1086 619 1150 metuimus
635 1085 821 1150 adsistentes
837 1084 973 1169 undique
988 1085 1077 1150 nobis
1092 1084 1204 1151 choros
1219 1084 1402 1170 augelorum

257 1195 288 1254 et
316 1188 443 1269 plenum
477 1188 655 1254 ministeriis
689 1188 864 1254 caelestibus
898 1189 1074 1254 mundum?
1118 1189 1145 1254 si
1179 1190 1262 1254 enim
1297 1189 1403 1274 angeli

256 1292 454 1373 paruulorum
477 1299 597 1376 patrem
627 1298 766 1358 nostmm
801 1294 913 1359 cotidie
941 1295 1057 1371 uident,
1085 1295 1137 1376 qui
1168 1295 1200 1359 in
1231 1293 1315 1359 caelis
1347 1301 1402 1371 est,

206 1422 230 1458 ιο
257 1416 419 1477 possumus
442 1398 619 1462 testimonie
642 1417 750 1462 eorum
775 1403 919 1476 metuere,
938 1417 1016 1480 quos
1039 1403 1071 1462 et
1087 1397 1249 1464 nobiseum
1276 1417 1403 1463 manere

257 1509 287 1565 et
320 1501 377 1564 deo
415 1501 526 1567 cotidie
563 1503 678 1567 seimus
716 1503 874 1567 adsistere.
928 1503 1003 1586 quin
1041 1503 1134 1567 etiam
1171 1503 1274 1583 ipsum
1313 1502 1403 1568 illum

258 1605 422 1682 diabolum,
456 1626 512 1685 per
546 1626 640 1689 quem
672 1606 739 1686 ipsa
773 1605 826 1670 illa
857 1606 1000 1670 uitiorum
1036 1613 1210 1670 nostrorum
1246 1607 1403 1680 inceutiua

257 1711 441 1790 praebentur‚
476 1729 608 1794 suesque
642 1731 751 1775 omnes
788 1716 883 1775 testes
917 1719 1056 1775 metuere
1089 1711 1249 1788 debemus,
1287 1720 1402 1791 puncto

257 1814 406 1896 temporis
440 1833 566 1880 omnem
599 1814 835 1895 amplitudinem
870 1815 980 1879 mundi
1012 1814 1103 1879 huius
1136 1814 1317 1880 obeuntem:
1352 1818 1403 1881 cui

206 1941 231 1978 ιο
258 1917 347 1982 dulce
381 1924 430 1984 est
462 1938 592 1998 peccare
623 1938 687 1997 nos,
720 1925 754 1983 ut
786 1925 983 1998 peccatomm
1015 1925 1192 1984 nostrorum
1225 1919 1403 1985 testimonio

256 2020 412 2105 glorietur.
457 2028 503 2088 est
532 2024 613 2088 enim
644 2023 709 2088 eius
739 2021 808 2088 haec
838 2023 962 2104 propria
994 2020 1156 2096 calliditas,
1189 2025 1339 2107 instigare
1362 2025 1403 2090 ad

257 2127 448 2204 peccandum
471 2132 502 2192 et
525 2146 655 2210 arguere
678 2133 850 2207 peccantes.
896 2126 1013 2191 dictum
1037 2133 1084 2191 est
1107 2127 1206 2192 enim:
1230 2134 1295 2192 aut
1317 2148 1403 2192 nes·

257 2229 1402 2312 eisquidsitdiabelus‚accusatorfratrumuestrorum?

300 2333 329 2396 9.
354 2333 394 2398 Et
417 2335 489 2417 quia
512 2341 615 2400 essent
637 2334 686 2400 hae
710 2336 897 2400 aduersariae
920 2335 1010 2400 nobis
1032 2334 1160 2400 uirtutes
1175 2336 1207 2399 in
1223 2337 1402 2401 testimonio

206 2458 231 2495 20
257 2457 328 2502 cum
352 2439 462 2503 ceteris
485 2443 712 2519 permanentes,
736 2441 777 2504 de
799 2439 915 2504 sanctis
938 2445 1058 2503 tantum
1080 2438 1267 2520 prophetem
1290 2440 1401 2504 memi-

256 2543 340 2607 nisse
357 2542 486 2626 dignum
503 2544 560 2607 l'uit
575 2544 745 2609 dicentem:
766 2544 876 2608 beati
899 2549 1135 2608 scrutantes
1158 2544 1400 2609 testimonia

257 2645 350 2723 eius,
382 2665 443 2712 non
471 2647 572 2712 aliena
594 2647 720 2724 scilicet,
751 2649 806 2712 sed
828 2646 889 2724 illa,
913 2667 983 2730 quae
1013 2647 1062 2712 dei
1085 2653 1165 2712 sunt.
1210 2667 1272 2712 non
1294 2645 1401 2732 negle

256 2757 383 2834 gentem
405 2758 509 2815 autem
532 2753 778 2816 testimoniorum
803 2751 853 2816 dei
875 2757 996 2832 oportet
1016 2769 1084 2816 esse
1100 2751 1335 2821 scrutationem:
1359 2752 1399 2816 ab

257 2855 337 2937 quod
361 2856 563 2921 dictumest:
597 2857 635 2921 iu
671 2861 754 2921 toto
789 2857 910 2921 eorde
944 2856 1163 2938 exquirent
1197 2875 1292 2921 enm.
1337 2876 1399 2922 uon

204 2977 229 3015 n
255 2979 310 3040 pro
332 2965 420 3039 parte
443 2960 580 3026 studium
602 2959 717 3026 caelesti
740 2961 889 3026 doctriuae
920 2959 1131 3024 adhibendum
1161 2970 1217 3030 est,
1248 2962 1304 3026 sed
1336 2965 1399 3025 toto

298 3138 315 3190 8
333 3135 432 3188 Matth.
451 3135 550 3203 XVIII,
570 3139 610 3190 10.
648 3137 681 3189 17
700 3137 785 3204 apoc.
804 3136 864 3202 XII,
884 3138 924 3189 10.

300 3292 495 3346 lintercessio
514 3321 547 3329 -
565 3297 656 3346 metus
683 3309 731 3345 om.
756 3292 959 3347 Viutcroeasio
986 3292 1075 3362 istap
1129 3291 1276 3359 repentina
1293 3318 1327 3328 -
1345 3290 1397 3344 iaan

256 3396 303 3432 om.
332 3399 354 3450 p
430 3383 447 3432 2
483 3381 537 3434 iem
568 3382 628 3433 odd.
659 3397 692 3432 m,
723 3378 743 3430 ‚9
778 3379 804 3433 V
875 3380 892 3432 8
922 3376 1026 3448 amiani
1056 3397 1086 3432 ec
1115 3376 1232 3447 x—pianas
1265 3396 1298 3431 m.
1328 3376 1348 3429 2
1378 3375 1401 3429 V

254 3469 405 3535 toperum
424 3468 563 3536 -ipsius
582 3484 630 3518 om.
656 3466 681 3518 V
730 3465 918 3520 duoluntatis
943 3484 973 3518 a
989 3465 1142 3533 uoluptatis
1163 3465 1186 3517 0
1236 3480 1272 3517 ne
1290 3480 1353 3517 cum
1370 3462 1397 3515 in

255 3571 338 3622 caan,
356 3556 383 3606 ia
402 3572 483 3623 marg.
503 3570 594 3607 nonne
613 3551 647 3607 ed
666 3572 699 3606 m.
716 3569 782 3606 saec.
801 3553 851 3605 XI.
880 3550 931 3619 (in,
950 3562 978 3604 ut
995 3553 1104 3616 uidetur,
1121 3550 1223 3615 demat)
1244 3551 1269 3603 R
1322 3549 1398 3604 din·

255 3637 395 3694 firmitatis
423 3659 453 3694 ea
479 3639 671 3694 infirmitatem
697 3657 730 3692 m.
759 3639 779 3691 ⁶.)
804 3639 827 3691 V
878 3638 1061 3692 7metuimus
1087 3655 1117 3690 ea
1140 3637 1292 3692 metuimus·
1309 3641 1397 3690 metus

254 3796 321 3833 corr.
349 3799 381 3832 m.
410 3779 472 3835 211
522 3779 656 3834 adsistens
688 3779 710 3832 V
760 3778 974 3846 dperuolorum
1003 3777 1028 3829 V
1079 3780 1113 3831 10
1127 3733 1242 3830 metusre
1259 3761 1302 3830 ‘V
1322 3779 1396 3828 metu

255 3917 339 3968 caum,
357 3903 385 3953 ia
402 3917 485 3970 marp.
511 3899 632 3954 mdausre
651 3919 683 3953 m.
702 3917 722 3952 s.
741 3899 791 3951 XI.
811 3897 837 3947 R
891 3900 923 3953 13
941 3868 1040 3952 debcrlr
1061 3897 1085 3946 R
1138 3899 1172 3952 16
1190 3891 1268 3952 steni
1295 3898 1353 3951 eius
1376 3894 1400 3946 V

255 3988 369 4054 proprie
392 4007 422 4041 aa
445 3988 507 4055 pria
533 4007 565 4040 m.
585 3986 605 4038 2
628 3986 653 4040 V
704 3988 736 4040 ls
755 3985 823 4054 quid
850 3988 893 4039 est
920 3986 964 4055 Rp
991 3986 1057 4054 quie
1084 3990 1128 4038 est
1147 3985 1251 4052 Cquia
1277 3985 1355 4038 adest
1371 3981 1398 4035 E

257 4073 289 4126 19
307 4072 358 4126 hae
376 4091 425 4127 orn.
445 4076 483 4144 Cp
500 4074 568 4127 heco
587 4073 613 4126 R
664 4075 700 4127 20
717 4072 856 4141 profetam
873 4072 903 4138 V,
922 4072 1010 4125 omR
1062 4073 1094 4124 21
1115 4070 1277 4125 testimonia
1294 4075 1343 4124 tua
1359 4067 1397 4122 Rc

255 4161 290 4212 22
307 4161 455 4228 neglegens
480 4162 537 4214 Vm
589 4163 623 4214 23
642 4163 753 4229 oportet
781 4158 814 4227 (p
832 4177 862 4212 es
879 4157 960 4222 corr.)
990 4157 1014 4208 R
1038 4162 1167 4227 oportere
1187 4158 1395 4226 Ooporteretc

255 4247 388 4299 scrutatio
416 4247 470 4300 VCe
522 4251 557 4302 ‘24
574 4247 724 4314 exquirunt
742 4247 822 4316 RCpe
874 4247 909 4299 25
927 4243 1060 4299 caelestid
1084 4245 1113 4298 V.
