3075 4967
282 283 345 349 450
620 282 737 337 sancti
761 282 895 337 Hilarii
923 282 1087 351 episcopi

282 474 427 559 progredi
459 474 631 539 secundum
654 473 694 547 id,
719 473 802 555 qnod
835 472 952 538 dictum
986 478 1047 538 est:
1083 473 1129 537 de
1162 473 1285 538 corde
1318 471 1411 536 enin

283 584 430 643 exeunt
453 576 735 661 cogitationes
759 576 878 653 malae,
902 577 1040 655 caedes,
1075 575 1268 655 lasciuiae,
1302 574 1413 643 forni-

283 682 479 763 cationes,
513 681 631 759 lurta„
666 679 888 757 falsitates,
922 679 1193 762 blasphemiae
1227 687 1265 747 et
1288 680 1411 746 horum

283 786 446 852 similia.
493 784 552 851 hoc
575 785 670 870 igitur
703 783 922 850 inmaculatum
951 783 1020 850 fieri
1049 786 1242 866 depressius,
1269 786 1348 851 nude
1374 790 1414 849 tot

245 913 258 952 a
284 896 501 974 tantorumque
516 889 658 954 uitiorum
674 890 761 972 quasi
778 910 816 954 ex
834 890 968 972 quodam
984 888 1089 954 fomite
1104 890 1193 953 initia
1203 896 1414 974 sugges-unde

283 993 504 1060 inmaculatum
527 998 631 1059 autem
661 990 720 1057 hoc
750 993 842 1058 rnodo
871 992 974 1059 sciens
1003 992 1079 1069 lieri,
1102 993 1182 1057 siin
1212 992 1413 1058 iustificatione

282 1098 333 1165 dei
361 1102 500 1163 maneat:
523 1096 771 1163 iustificationum
794 1103 899 1161 autem
921 1096 1006 1163 hunc
1026 1096 1159 1162 fructum
1181 1115 1253 1162 esse
1267 1095 1414 1183 intellegit

187 1224 189 1229 ·
282 1222 321 1269 ne
346 1203 376 1267 in
400 1201 451 1266 his
475 1219 606 1267 manens
628 1200 842 1267 confundatur.
886 1200 1026 1266 conlusio
1055 1200 1139 1267 enim
1173 1221 1211 1266 ex
1233 1210 1415 1281 peccatorum

283 1306 475 1372 conscientia
498 1311 545 1371 est
568 1311 599 1371 et
621 1326 657 1370 ex
682 1304 846 1386 opprobrio
869 1304 1059 1370 delictorum.
1104 1304 1157 1369 ubi
1179 1324 1255 1389 ergo
1288 1304 1415 1371 conlusio
1527 1321 1529 1404 ’ἶ

231 1432 255 1471 ιο
283 1430 344 1475 non
369 1410 436 1489 erit,
459 1429 518 1476 nec
540 1416 703 1491 peceatum
726 1410 795 1475 erit.
838 1415 999 1491 peccatum
1019 1428 1095 1475 uero
1123 1408 1176 1473 ubi
1206 1429 1267 1474 non
1297 1407 1416 1484 onitin
1528 1417 1529 1448 ³

283 1514 553 1580 iustificationibus
577 1515 628 1581 dei
650 1514 834 1580 manebitur.
878 1512 1110 1580 iustificat-iones
1132 1522 1234 1580 autem
1257 1515 1306 1580 dei
1326 1516 1416 1579 inma-

283 1618 418 1684 culatum
441 1638 493 1684 cor
515 1638 584 1685 osse
606 1618 805 1699 prestabant.

795 1788 914 1873 lldl’ll.

327 1930 549 1997 Deiecitin
567 1930 1021 1996 salutaretunmanima
1037 1938 1183 2008 mea,et
1205 1930 1418 1995 inuerbnn

233 2058 257 2095 ss
285 2040 389 2101 tuum
414 2056 532 2117 spero
555 2032 736 2119 etreliqua.

329 2157 357 2222 1.
383 2156 510 2222 Neturae
533 2155 678 2221 hnmanae
701 2162 757 2235 est
773 2163 813 2232 ut,
829 2176 899 2221 cum
914 2155 955 2229 id,
971 2156 1053 2239 quod
1069 2156 1233 2229 desiderat
1249 2176 1310 2221 non
1326 2164 1420 2239 potest
1528 2243 1529 2258 ἢ

284 2261 433 2339 obtinere,
468 2280 524 2343 per
557 2260 704 2326 desiderii
741 2260 845 2345 iugem
882 2260 1082 2341 cupiditatem
1121 2260 1216 2325 animi
1253 2261 1420 2327 desectione

283 2371 433 2431 teneatur.
478 2372 510 2430 et
532 2363 590 2431 hoc
621 2384 713 2430 nosse
748 2386 784 2431 ex
819 2364 896 2446 ipsis
929 2363 1112 2429 adiectionis
1145 2372 1258 2430 nostrae
1293 2366 1421 2431 motibus

284 2476 461 2551 promptum
495 2478 551 2547 est,
585 2469 616 2533 in
651 2478 797 2552 quantam
831 2468 926 2534 animi
959 2468 1164 2535 delectionem
1198 2490 1315 2547 eornm,
1351 2486 1420 2554 quos

233 2591 258 2630 πο
285 2573 506 2651 desideramus,
548 2574 759 2655 expectatione
796 2572 983 2657 redigamur.
1040 2572 1189 2655 propheta
1225 2574 1342 2658 itaque,
1377 2571 1421 2639 cui
1527 2625 1528 2632 ,

285 2678 386 2743 omnis
409 2679 449 2742 ad
472 2680 564 2743 deum
588 2678 760 2758 expectatio
784 2682 840 2754 eat,
863 2676 912 2741 cni
934 2696 1025 2742 omne
1047 2677 1079 2741 in
1095 2678 1251 2743 mandatis
1265 2678 1332 2743 eius
1347 2676 1422 2743 desi·

285 2781 407 2848 derium
430 2788 485 2861 cst,
508 2779 643 2866 loquitur
664 2787 695 2847 et
718 2781 807 2846 dicit:
842 2780 999 2847 deiecit
1030 2780 1070 2845 in
1105 2780 1288 2846 salutare
1321 2789 1422 2847 tunm

285 2888 534 2963 animemed,
558 2886 658 2951 etin
681 2885 845 2951 uerbum
868 2891 1124 2967 tnumspero.
1169 2883 1422 2961 nonhabetalin,
1526 2967 1527 2970 Ἴ

286 3008 355 3073 que
380 2990 569 3057 desiderium
592 3009 683 3055 suum
705 2996 863 3070 occupent,
885 2997 916 3055 et
937 2989 1038 3055 sancti
1066 2989 1220 3070 cupiditas
1249 3010 1310 3054 non
1340 2998 1424 3055 uacat
1526 2985 1527 2988 ’

329 3175 342 3226 1
363 3172 461 3227 natta.
479 3172 537 3240 xv,
557 3175 598 3227 ia.

327 3319 611 3390 ilornigstionesC¹
663 3319 857 3375 Bblaslemiae
873 3319 1073 3388 Vblaspemiae
1087 3321 1112 3374 0
1158 3322 1227 3374 lut
1239 3320 1273 3374 de
1289 3320 1314 3373 l'
1362 3319 1422 3375 din
1525 3329 1526 3348 ¹

285 3406 530 3462 iustificationibus
545 3407 596 3478 pE
645 3409 662 3460 'l
689 3400 719 3460 di
742 3412 853 3460 maneat
870 3404 1099 3461 iustificationum
1117 3408 1177 3459 cdd.
1201 3425 1235 3460 m.
1259 3405 1280 3460 2
1302 3408 1328 3459 V
1347 3406 1422 3461 iusti·

285 3492 419 3547 ficationd
437 3512 467 3547 ec
484 3492 680 3548 iustificatione
697 3511 765 3547 coer.
777 3511 811 3546 m.
826 3494 875 3546 ili
927 3492 1068 3563 intellegit
1085 3511 1116 3547 ex
1133 3492 1308 3564 intellegenti
1325 3512 1358 3547 m.
1371 3492 1425 3547 211'

285 3632 394 3686 lieniun
421 3649 454 3687 ea
482 3634 505 3686 C
554 3636 617 3688 det
644 3650 692 3687 om.
725 3632 751 3686 V
809 3588 944 3701 oppobrio
972 3649 1040 3686 com
1066 3651 1100 3685 m.
1126 3630 1146 3685 2
1178 3632 1205 3685 V
1226 3632 1375 3701 obprobrio
1398 3631 1421 3685 R

184 3761 187 3767 .
285 3716 410 3787 Explicit
427 3719 523 3774 littera
547 3719 655 3773 decima
681 3716 780 3787 incipit
798 3718 894 3773 littera
911 3717 1058 3773 undecima
1074 3717 1202 3803 feliciter.
1221 3719 1352 3774 scrittori
1367 3717 1423 3772 uita

285 3804 390 3874 legenti
418 3805 545 3861 doctrina
569 3806 592 3859 V
608 3804 685 3859 Finit
703 3806 728 3859 R
746 3805 823 3859 Finit
849 3805 911 3859 loth
929 3804 971 3859 lit.
989 3805 1015 3859 X
1032 3804 1116 3874 incip.
1139 3804 1196 3859 Καὶ
1217 3806 1259 3860 lit.
1277 3806 1318 3861 XI
1336 3803 1421 3859 cuin

285 3888 349 3963 aaa
366 3910 391 3964 x
409 3909 485 3979 incip
503 3909 591 3964 nni
611 3910 650 3964 xi
665 3928 686 3981 p
739 3910 773 3964 1a
790 3908 887 3963 nnn
904 3908 1009 3963 natu
1059 3910 1092 3963 ιτ
1117 3909 1288 3979 optineret*
1337 3909 1420 3964 nnec

285 3994 391 4050 tionem
416 3996 439 4047 V
490 3998 522 4051 le
540 4000 699 4065 promptum
717 4014 747 4050 en
764 4000 896 4064 propium
914 3992 945 4049 tu
963 4013 1029 4049 corr.
1051 4014 1084 4049 ne
1105 3996 1126 4049 2
1143 3996 1169 4049 V
1216 3998 1252 4052 20
1268 3997 1420 4066 redigam

287 4100 317 4136 ea
342 4084 504 4153 redegamus
531 4102 563 4137 m.
591 4082 611 4137 2
643 4084 668 4137 V
735 4082 780 4137 cui
807 4084 836 4136 in
863 4087 930 4137 dues
956 4082 991 4136 sd
1018 4082 1066 4137 dn
1093 4083 1250 4152 expectatio
1277 4090 1320 4139 est
1342 4079 1421 4135 l'cui

286 4170 443 4239 expectatio
461 4170 551 4225 omnis
570 4170 604 4225 ad
623 4170 705 4224 deum
724 4175 766 4224 eet
780 4167 817 4239 pb
835 4169 925 4224 omnis
952 4170 1109 4238 expectatio
1136 4169 1172 4224 ad
1198 4169 1283 4225 deum
1302 4178 1345 4226 est
1365 4166 1419 4234 (om.

287 4256 387 4317 cuilC
435 4258 470 4311 29
488 4258 517 4310 in
536 4256 650 4311 salutm
668 4262 717 4311 tuo
736 4258 764 4310 O.
