3075 4967
418 290 599 340 tractatus
623 286 657 339 in
682 285 853 355 psalmum
878 284 912 337 11.
1194 281 1233 347 61

146 474 193 539 32.
216 474 253 539 ln
276 496 308 540 ec
330 481 442 553 autem,
467 476 548 559 quod
578 474 751 539 subiectum
781 482 843 539 est:
868 479 906 538 et
927 474 1236 554 possessionem

108 592 202 645 tuam
226 581 419 645 terminos
444 586 584 659 terrm„
600 600 659 643 non
689 586 735 643 est
758 578 1007 656 existimandum,
1031 579 1112 661 quod
1135 578 1168 642 id
1190 578 1235 660 ip

106 703 166 747 snm
187 685 329 765 repetitus
352 704 454 749 sermo
478 682 640 768 significet,
665 690 826 766 tamquam
841 683 885 747 ilii
901 681 967 747 sola
981 683 1122 766 gentium
1138 689 1235 747 terras

104 785 329 854 inhabitantium
352 789 466 853 donata
487 790 641 869 possessio
664 790 712 852 sit.
758 807 819 850 non
835 787 993 852 enimait:
1018 792 1056 851 θῖ
1077 806 1235 867 posses-

104 895 251 957 sionem
282 900 388 957 tuam
422 912 521 975 usque
554 893 593 957 ad
628 892 777 957 terminos
810 898 907 968 terrae,
941 892 998 957 sod
1037 892 1234 956 terminos
1275 915 1287 951 a

105 1006 221 1061 terrae.
267 998 303 1062 ab
338 1018 374 1063 eo
408 1002 522 1075 autem,
545 998 627 1081 quod
666 997 858 1073 terminatur,
896 996 936 1073 id,
975 995 1057 1079 quod
1081 997 1235 1073 terminat,

102 1098 202 1165 differt
247 1121 345 1185 nsque
367 1102 400 1167 id
423 1103 526 1183 ipsum
550 1107 598 1166 est
619 1100 743 1165 finitum
766 1106 861 1183 atque
881 1100 979 1165 finire.
1024 1119 1124 1182 neque
1138 1120 1235 1164 unum

102 1214 143 1269 θεῖ
172 1205 296 1271 modum
331 1226 455 1271 sumere
488 1212 582 1289 atque
616 1205 787 1269 moderari:
822 1224 955 1287 quorum
989 1203 1073 1268 aliud
1106 1204 1234 1269 interius

102 1310 218 1373 modum
241 1311 356 1391 accipit,
379 1310 463 1374 eliud
486 1310 618 1375 euterius
649 1312 785 1391 quodam
815 1307 937 1372 ambitu
968 1328 1022 1372 suo
1052 1308 1235 1390 obiectuque

101 1415 273 1478 moderatur.
320 1434 381 1478 non
405 1415 489 1479 enim
511 1415 554 1479 ita
576 1414 608 1477 in
631 1412 818 1493 profundum
842 1413 987 1477 demorsa
1010 1420 1091 1476 terra
1112 1418 1161 1476 θεῖ
1182 1418 1234 1475 θεῖ
1262 1432 1285 1469 ro

101 1518 127 1580 in
146 1516 337 1583 latitudinem
360 1525 487 1583 extensa
509 1524 561 1583 aut
582 1518 701 1597 prolata
722 1518 754 1581 in
777 1517 876 1581 altum
892 1522 949 1593 θεῖ,
972 1522 1083 1580 utnon
1098 1514 1234 1598 undique

101 1640 179 1687 aecus
202 1628 256 1686 ant
275 1621 471 1687 circumfusa
506 1629 559 1687 aut
587 1622 775 1687 subiacentis
806 1621 866 1686 sibi
895 1625 1012 1684 natura
1043 1620 1234 1684 contineatur

101 1725 220 1791 obiectu.
265 1726 345 1791 hanc
375 1727 459 1791 enim
488 1726 616 1791 inferna
646 1725 843 1790 uastitudinis
871 1726 1017 1789 demersa
1038 1728 1070 1789 θῖ
1091 1724 1235 1788 ἱειεθεεε

101 1830 219 1913 abyssus
254 1836 414 1906 sustentat,
451 1830 534 1895 hanc
568 1830 746 1895 circumfusi
780 1835 812 1895 θῖ
844 1830 972 1909 superni
1005 1828 1075 1893 aeris
1108 1827 1234 1909 spiritus

101 1934 245 1999 inumbrat
267 1940 360 2018 atquc
382 1935 490 1999 ambit.
536 1936 619 2018 qnod
641 1940 745 1999 autem
768 1934 907 1999 subiecta
939 1933 997 1997 sibi
1031 1932 1145 2015 abysso
1167 1950 1234 1996 aus·
1262 1951 1287 1989 ιθ

100 2057 186 2117 pensa
208 2039 257 2116 sit,
280 2038 432 2120 propheta
455 2039 721 2104 testaturdicons:
745 2038 833 2119 ipse
856 2055 980 2118 super
1003 2036 1129 2100 maria
1153 2034 1234 2098 fun·

101 2143 202 2207 dauit
232 2163 316 2208 eam
356 2149 393 2207 ct
435 2163 557 2222 super
586 2142 757 2207 flumina
786 2140 1037 2222 praeparauit
1066 2158 1158 2204 oam.
1204 2144 1236 2202 et

100 2265 225 2311 rursum:
261 2248 326 2331 qui
361 2248 551 2312 firmauit
584 2253 735 2312 terram
769 2264 889 2325 super
923 2263 1057 2327 aquas.
1103 2250 1133 2307 et
1156 2242 1235 2306 hanc

100 2350 264 2416 inmensam
285 2358 378 2435 atque
400 2350 553 2416 infinitam
576 2352 751 2416 uastitatem
782 2350 931 2434 abyssum
963 2349 1114 2429 scriptura
1144 2345 1236 2412 solita

100 2462 141 2517 θεῖ
159 2474 343 2537 nuncupare,
366 2474 439 2521 cum
461 2454 536 2520 Iona
565 2455 647 2519 intra
669 2461 773 2520 cetum
796 2460 862 2517 orat
884 2458 917 2517 θῖ
939 2453 1029 2517 dicit:
1064 2453 1234 2535 abyssus
1262 2470 1287 2508 uo

101 2558 213 2623 multa
236 2559 507 2625 circumfudit
529 2579 595 2625 me.
641 2566 733 2642 atque
757 2558 823 2622 haec
840 2557 966 2641 quidem
983 2555 1235 2620 infinituiomen-

101 2664 171 2739 sitas,
194 2684 265 2747 quse
288 2665 458 2729 secundum
491 2663 578 2729 uerbi
607 2663 830 2744 proprietatem
861 2663 893 2725 in
924 2662 1037 2745 abysso
1066 2658 1235 2744 significari

100 2766 285 2852 intellegitur.
300 2767 430 2849 spiritali
453 2769 565 2832 diuina
580 2768 760 2833 substantiae
791 2772 839 2831 est
866 2766 1102 2845 circumscripta
1122 2764 1235 2829 uirtute

100 2874 262 2937 secundum
283 2871 359 2937 illud
382 2872 527 2953 apostoli:
551 2872 738 2955 quoniam
761 2870 896 2935 omnia
926 2870 964 2933 in
996 2870 1083 2950 ipso
1107 2873 1144 2932 θῖ
1165 2886 1235 2947 per

137 3012 166 3065 16
182 3012 226 3065 Pu.
238 3012 340 3080 XXIII,
353 3014 377 3065 2.
415 3014 448 3065 18
466 3012 509 3064 Ρθ.
525 3010 655 3078 CXXXV,
675 3014 699 3063 6.
735 3010 942 3074 2010n.11‚6.
978 3010 1012 3061 24
1029 3007 1108 3061 Rom.
1127 3007 1174 3073 XI,
1192 3008 1234 3059 36.

137 3221 260 3273 lautam
277 3236 326 3273 om.
343 3220 370 3273 V
419 3218 558 3273 adiectum
576 3223 619 3272 est
636 3218 671 3271 Va
723 3216 889 3286 Brchitus
909 3216 947 3280 (ts
963 3234 994 3269 aa:
1011 3225 1089 3284 parte
1109 3212 1190 3279 arca)
1209 3214 1235 3266 R

100 3339 142 3391 soli
160 3341 183 3392 R
200 3342 262 3394 solo
285 3341 311 3394 V
368 3300 450 3394 terra·
462 3341 488 3393 R
548 3340 674 3394 4cstV
724 3344 753 3393 θῖ
779 3341 806 3392 in
824 3338 922 3391 ruaR
993 3337 1076 3389 bsed
1099 3336 1234 3389 terminos

99 3430 178 3480 tarrae
204 3446 263 3481 om..
288 3428 314 3481 V
381 3431 397 3481 7
433 3426 530 3481 finium
562 3427 588 3481 V
610 3426 721 3480 finitum
757 3443 819 3479 θεεθ
845 3445 858 3476 a
928 3424 1019 3492 adque
1060 3423 1108 3476 VR
1144 3432 1167 3474 et
1198 3423 1235 3474 sic

95 3510 145 3572 sere
167 3532 268 3585 seraper
320 3516 337 3567 9
364 3514 434 3582 cipit
452 3542 486 3550 -
504 3514 670 3581 obiectuque
698 3532 745 3565 our.
779 3513 804 3566 V
852 3512 951 3565 habitu
970 3511 996 3563 R
1049 3512 1083 3563 10
1109 3511 1235 3562 demersa

100 3604 135 3651 eat
158 3606 230 3655 tarra
260 3602 289 3653 Ε
340 3603 372 3655 11
401 3601 548 3654 latitunem
581 3600 605 3653 V
656 3602 688 3652 ‘12
716 3600 891 3653 subiacentes
915 3597 941 3651 V
992 3599 1024 3650 13
1048 3596 1188 3649 obiectum
1212 3595 1237 3647 V

814 3677 826 3708 Ι

100 3720 212 3775 demersa
239 3728 268 3776 ct
295 3723 416 3775 inmersa
434 3722 460 3775 R
514 3724 546 3775 14
564 3722 664 3775 abusus
689 3722 715 3775 V
763 3722 823 3773 aeri
863 3721 888 3774 V
939 3722 972 3772 16
996 3718 1104 3787 profeta
1136 3717 1185 3770 VR
1211 3727 1234 3769 et

100 3808 129 3857 air
151 3812 280 3863 sescenties
333 3814 452 3863 testatur
478 3827 509 3861 ex
534 3812 670 3863 tacebatur
697 3826 730 3861 m.
758 3806 779 3859 2
811 3807 836 3860 V
884 3806 1001 3859 mariam
1030 3804 1056 3857 V
1104 3803 1234 3856 fundauit

101 3893 209 3949 illamR
264 3900 297 3951 17
324 3896 501 3965 praeparauit
527 3896 605 3949 illam
632 3895 687 3948 RE
737 3900 765 3949 at
791 3895 894 3947 iterum
923 3893 949 3946 V
1000 3893 1032 3945 19
1051 3892 1189 3944 scribtura
1212 3889 1237 3941 V

843 3973 856 4001 Θ

101 4016 129 4069 10
151 4019 185 4070 ar‘c
216 4018 289 4081 ch.
309 4035 375 4087 quoe
393 4019 447 4070 dixi
470 4018 534 4070 Ate.
552 4016 603 4083 IV,
630 4016 669 4070 58
693 4032 757 4069 cum
775 4015 842 4068 Iona
877 4016 953 4068 intra
971 4018 1081 4067 coetum
1098 4013 1233 4065 orentii

102 4100 192 4157 dicitur
217 4105 243 4158 R
275 4120 339 4158 cum
366 4105 434 4157 Iona
459 4105 533 4157 intra
561 4108 653 4157 cetum
682 4108 780 4156 orante
809 4102 914 4155 dicitur
945 4102 973 4152 Ε
1040 4099 1177 4167 habyssus
1207 4098 1233 4150 R

101 4190 129 4241 92
143 4208 193 4259 que
215 4192 240 4245 V
290 4194 325 4246 113
344 4191 464 4259 spiritali
483 4196 511 4244 at
527 4190 638 4244 diuinae
662 4188 698 4243 Vt
717 4188 871 4259 spiritualis
890 4193 918 4241 θῖ
936 4187 1048 4240 diuinae
1072 4186 1123 4239 Ec.
1150 4184 1232 4237 Busit.

103 4278 193 4331 aPor.
212 4278 289 4331 1572
341 4280 376 4331 24
394 4278 486 4331 omnia
503 4278 533 4333 in
551 4278 644 4346 ipsum
667 4276 753 4331 Vsad
769 4276 804 4334 cf.
824 4276 868 4327 Pa.
890 4274 1011 4326 CXXIX
1026 4291 1083 4342 cap.
1102 4272 1127 4324 1.
