3075 4967
294 289 355 355 796
635 293 750 344 sancti
775 293 907 345 Hilarii
932 293 1096 361 episcopi

292 502 406 548 aarum.
452 489 519 547 orat
541 481 693 566 propheta
723 483 840 559 cadem,
872 501 941 565 quae
965 482 1123 566 superiora
1153 491 1232 561 sunt
1263 504 1303 549 ne
1335 484 1419 549 oleum

292 587 462 671 peccatoris
486 593 578 666 caput
600 606 689 651 suum
713 586 883 669 inpinguet.
928 585 989 651 hoc
1005 586 1157 670 propheta
1172 594 1247 652 orat.
1293 591 1348 654 sed
1362 609 1422 669 pec·

291 701 411 756 catores
434 711 473 754 ne
497 690 555 784 hac
579 691 706 776 quidem
730 690 888 771 prophetae
916 691 1053 754 oratione
1076 697 1238 767 terrentur,
1262 699 1295 756 ut
1316 693 1353 757 ab
1372 692 1421 763 his,

292 814 360 878 quae
384 795 441 860 sibi
466 795 576 876 placita
599 801 676 870 sunt
707 795 865 860 desistant.
910 814 1003 859 nemo
1034 795 1115 859 enim
1147 796 1337 874 inpeccatis
1363 797 1420 860 nisi.

239 925 250 958 r
292 899 363 982 quia
387 898 434 962 his
459 899 636 976 delectatur,
670 905 864 980 perseuerat:
899 912 930 962 et
965 919 1088 963 cansam
1123 899 1155 962 in
1189 919 1371 984 unaquaque
1393 920 1421 964 re

291 1004 494 1084 permanendi
525 1002 689 1083 uoluptatis
724 1003 889 1067 oblectatio
924 1003 1143 1067 subministrat.
1188 1024 1265 1088 ergo
1287 1006 1356 1086 qrria
1375 1006 1420 1068 ad·

292 1107 351 1171 huo
374 1113 481 1172 orante
504 1128 540 1172 ao
563 1108 595 1170 in
619 1091 822 1187 beneplacitis
852 1127 957 1171 aarum
989 1113 1068 1183 snut,
1098 1108 1129 1171 id
1161 1117 1217 1184 est,
1252 1109 1324 1192 quia
1351 1108 1421 1192 quod

292 1218 386 1288 amnt,
408 1231 471 1275 non
494 1212 670 1276 demutatur
692 1231 748 1292 per
770 1231 823 1275 eos
845 1210 1001 1291 uoluptate
1031 1212 1182 1291 peccandi
1205 1219 1237 1276 et
1258 1225 1420 1292 peccatores

291 1334 360 1380 esse
383 1315 559 1399 persistunt
590 1335 648 1380 nee
678 1315 774 1378 oratio
805 1315 871 1378 eius
900 1314 996 1378 finem
1019 1315 1147 1396 accipit:
1171 1317 1244 1400 quia
1266 1318 1375 1381 tamdiu
1395 1316 1420 1379 in

238 1443 262 1478 ιο
290 1419 491 1500 beneplacitis
513 1421 641 1484 istorum
666 1420 732 1484 eius
755 1421 851 1485 oratio
875 1425 930 1498 est
954 1421 1101 1502 quamdiu
1123 1419 1184 1485 illis
1207 1420 1420 1502 beneplacitum

289 1524 329 1588 sit
351 1543 412 1587 non
435 1543 573 1604 peccare.

334 1628 383 1692 11.
407 1627 525 1692 Idcirco
555 1627 713 1692 absorti
744 1633 838 1691 sunt
867 1628 1098 1692 continuati
1128 1635 1253 1708 petrau
1273 1629 1419 1693 iudices

289 1751 429 1796 eorum.
475 1737 594 1812 petram
626 1751 688 1796 non
719 1731 862 1796 nouimus
893 1731 954 1801 nisi
977 1729 1137 1796 Christum
1160 1739 1190 1797 et
1212 1735 1285 1816 quia
1314 1733 1419 1797 dictum

288 1842 335 1900 est
357 1836 396 1899 de
420 1855 471 1900 eo:
495 1842 609 1916 petra
633 1843 764 1900 autem
800 1842 888 1900 erat
911 1834 1109 1900 Oh'ristus.
1154 1855 1217 1919 quo
1240 1836 1418 1902 aduenienta

236 1961 260 1998 rs
288 1959 358 2004 eum
383 1959 417 2004 se
439 1939 472 2003 hi
495 1947 691 2019 peccatorum
723 1939 812 2005 electi
843 1947 873 2004 et
902 1940 1022 2004 iudicas
1045 1940 1103 2021 ipsi
1127 1941 1353 2017 continuabunt,
1374 1939 1420 2003 ab

288 2045 500 2109 sorbebantur.
545 2063 629 2108 mors
660 2045 741 2108 anim
765 2051 839 2108 tunc
861 2051 892 2108 et
915 2045 1068 2128 corruptio
1092 2053 1122 2109 ct
1143 2052 1303 2126 peccatum
1326 2044 1418 2108 absor-

289 2148 419 2224 bebitur,
441 2153 475 2212 ut
498 2149 647 2228 scriptum
671 2159 731 2212 est:
763 2149 961 2228 absorpta
990 2161 1050 2212 est
1080 2168 1185 2212 mors
1209 2149 1246 2212 iu
1271 2154 1418 2212 conten·

288 2253 446 2316 tionem.
492 2251 556 2316 ubi
592 2258 652 2316 est
683 2271 787 2316 mors
822 2251 1127 2316 aculeustuus‘?
1172 2253 1239 2317 ubi
1263 2260 1323 2317 est
1343 2270 1418 2316 cou-

287 2356 441 2422 tantio'?
475 2354 644 2420 aculeus
668 2356 774 2420 euim
797 2357 944 2420 mortis
967 2365 1188 2436 peccatum.
1228 2356 1419 2422 absorbentur

235 2479 260 2514 πο
287 2469 387 2524 autem
413 2459 579 2524 continuati
610 2465 707 2541 patrae
738 2458 847 2523 horum
878 2460 996 2551 indices
1026 2479 1098 2524 cum
1127 2459 1179 2524 itto
1210 2481 1265 2525 sno
1284 2459 1418 2541 principe,

287 2565 326 2628 de
349 2583 409 2646 quo
433 2563 547 2627 dictum
579 2570 640 2628 est:
676 2569 713 2628 st
748 2571 842 2628 tunc
877 2563 1134 2629 reuelabitur
1168 2563 1241 2629 illc
1275 2563 1417 2644 impius

287 2685 399 2751 quem
425 2668 609 2732 dominus
633 2667 746 2732 Iesus
769 2668 1009 2734 interficiet
1031 2668 1181 2751 spiritu
1205 2670 1288 2732 oris
1309 2668 1364 2732 sni
1386 2672 1418 2728 et

286 2772 502 2836 euacuabit
530 2791 614 2836 eum
646 2773 866 2852 praesentia
909 2775 1109 2838 aduentus
1146 2774 1216 2837 sui.
1262 2792 1316 2853 per
1346 2769 1417 2834 hanc

286 2895 360 2958 ergo
394 2877 545 2940 aduentus
580 2875 696 2940 domini
733 2877 930 2959 praesentiam
970 2877 1199 2942 euacuabuntur
1232 2874 1360 2954 absorpti
1391 2880 1417 2934 et

234 2995 259 3034 2⁶
286 2979 422 3060 absorpti
444 2980 555 3045 iudicio
585 2986 771 3045 sanctorum.
817 2981 955 3065 sequitur
984 2981 1084 3045 enim:
1115 2981 1283 3045 audient
1306 2977 1416 3043 uerba

289 3103 381 3160 mea,
414 3084 507 3167 quia
538 3090 768 3164 potuerunt.
814 3090 978 3165 potuerunt
991 3084 1042 3150 uel
1062 3084 1230 3150 absorbere
1252 3083 1298 3149 uel
1319 3079 1415 3146 audiri.

287 3187 318 3251 in
352 3189 519 3268 praesentia
552 3189 635 3252 enim
674 3189 790 3252 domini
829 3188 1033 3254 absorbentur
1068 3187 1258 3269 propheticas
1292 3183 1415 3252 ueritatis

287 3292 459 3376 arguitione
482 3299 513 3357 et
535 3293 639 3373 impiae
661 3312 725 3357 suae
748 3293 889 3358 salsitatis
910 3293 1081 3377 obprobrio.

331 3430 474 3486 14100r.
495 3434 535 3500 10,
553 3435 578 3485 4.
616 3433 648 3483 17
667 3433 680 3486 Ι
699 3431 760 3485 Cor.
781 3433 822 3501 15,
841 3433 934 3501 54sq.
969 3435 1002 3486 at
1022 3432 1204 3500 IIThass.9.,
1223 3435 1247 3486 8.

332 3553 460 3606 lesdam
471 3553 578 3606 Eidem
590 3551 726 3620 (miurus.
737 3551 880 3620 3)R(G?)
935 3554 1255 3623 4placitasuntsibiE
1301 3549 1351 3604 nisi
1367 3565 1413 3616 qu

264 3645 265 3648 ’
286 3643 302 3693 d
321 3640 523 3693 sumministrat
541 3640 567 3693 R
620 3640 757 3708 quiadhbc
785 3659 852 3695 corr.
879 3642 912 3694 ru.
932 3643 948 3693 1
967 3642 993 3694 R
1045 3641 1227 3709 dnoluptate
1252 3633 1413 3709 peccandiG

286 3727 429 3780 uoluntate
455 3727 589 3795 peccandi
616 3727 672 3780 RE
730 3730 762 3781 10
780 3729 898 3782 istorum
926 3728 952 3780 G
979 3744 1075 3781 eorum
1101 3728 1157 3782 RE
1214 3726 1339 3796 quamdiu
1361 3720 1412 3774 iilis

285 3813 490 3882 beneplacitum
501 3814 538 3867 sit
547 3829 603 3866 non
611 3831 744 3882 peccaras
756 3815 782 3867 G
794 3814 841 3880 (cf.
852 3817 973 3885 Draegm
984 3817 1040 3868 bist.
1054 3817 1126 3882 Synt.
1140 3814 1179 3876 II.
1198 3815 1261 3881 617,
1279 3809 1411 3874 Pessum

291 3899 376 3952 Victor
400 3901 449 3954 Vir.
472 3919 500 3971 p.
520 3900 565 3966 16,
588 3899 622 3966 5)
650 3901 782 3968 quamdiu
809 3901 866 3954 illis
892 3901 1098 3970 beneplacitum
1125 3901 1211 3955 inerit
1233 3895 1412 3988 peccamim

285 4005 363 4066 corr.)
383 4004 409 4057 R
426 4005 559 4072 quamdiu
586 4005 792 4074 beneplacitum
809 4005 867 4058 illis
884 4004 970 4058 fuerit
987 4021 1104 4073 peccare
1122 4005 1151 4057 E
1203 4007 1237 4060 la
1261 3995 1412 4091 abmrptikJ

288 4093 318 4143 13
337 4091 391 4143 nisi
408 4096 495 4159 xpum
515 4091 540 4144 G
594 4097 622 4146 et
650 4093 715 4161 quia
735 4093 760 4145 G
779 4092 845 4160 qnia
863 4092 918 4145 RE
970 4095 1003 4145 16
1021 4109 1086 4146 cnm
1103 4109 1133 4146 se
1151 4091 1194 4145 hia
1212 4090 1246 4158 (1)
1265 4092 1290 4144 G
1312 4104 1366 4142 cnm
1386 4099 1408 4134 et

284 4175 337 4229 hie
383 4177 602 4232 absorbebuntu*
615 4181 640 4232 G
649 4179 834 4233 absorbentur
843 4179 898 4231 RE
941 4180 973 4232 16
992 4179 1188 4233 absorbebitur
1198 4179 1225 4231 E
1230 4167 1410 4232 absorbeant

287 4265 536 4318 idmorsRmnAE
588 4268 620 4319 19
635 4271 779 4334 peccatum
791 4265 1062 4333 RpcccatumestE
1111 4255 1408 4319 araunium-audirel.
1517 4330 1518 4347 χ
