3075 4967
312 239 375 305 688
659 241 776 295 naneti
795 242 928 295 urrant
948 242 1109 311 episcopi

260 500 264 507 ,
311 430 435 496 Christo
458 438 576 512 oportet
599 431 659 496 uisi
681 432 773 496 adid
797 437 924 509 tentum,
949 434 1032 516 quod
1057 434 1262 500 dictumest:
1295 435 1423 516 paruuli

311 535 480 617 molitio,
504 555 577 601 non
602 556 732 630 sensu.
780 535 921 601 infideles
943 544 1048 602 eutem
1070 557 1179 603 omnes
1199 539 1286 604 idem
1303 539 1425 620 apostolus

310 640 454 720 paruulos
478 660 554 717 esse,
578 640 652 724 quin
673 639 814 706 infirmes
836 641 876 704 od
900 641 1003 706 eibum
1026 641 1149 706 firmum
1175 643 1426 709 mouentesodhoo

310 743 399 810 lectis
415 751 537 828 egeant,
553 744 696 829 obiurget
712 745 833 810 dicens:
858 743 965 810 laete
989 765 1058 810 uos
1081 748 1229 826 notaui,
1253 767 1329 812 non
1351 748 1426 813 oibo:

271 869 385 913 enon
409 850 512 914 enim
536 849 1123 932 poteratis,sednequeadnue
1147 852 1336 931 potestis.
1364 852 1428 916 dese

310 959 412 1018 autem
446 953 502 1017 ita:
537 973 622 1018 oum
656 953 792 1018 faetus
825 973 909 1018 sum
942 954 1012 1030 uir,
1048 954 1257 1039 dereliqui
1293 976 1342 1030 eu
1367 973 1428 1038 que

310 1064 405 1121 sunt
437 1057 604 1137 paruuli.
650 1076 812 1123 oeourrere
843 1078 915 1123 uero
949 1059 979 1122 in
1014 1058 1047 1123 id
1079 1059 1212 1136 festinat
1251 1060 1290 1124 in
1329 1059 1428 1124 uirum

310 1169 641 1242 consummatum,
674 1163 711 1226 in
744 1181 973 1227 mensuram
1007 1163 1145 1228 aetotis
1178 1163 1428 1245 plenitudinis

310 1267 496 1346 corporis
550 1264 716 1331 Christi.
772 1273 962 1350 unguentum
1006 1265 1066 1332 hoe
1111 1287 1186 1351 ergo
1235 1269 1276 1333 in
1323 1270 1428 1332 Aaron

259 1392 283 1428 ιο
311 1368 484 1436 borbum.
520 1370 551 1434 id
585 1377 632 1436 est
663 1371 695 1436 iu
729 1376 951 1436 eonsummotae
989 1371 1063 1436 fidei
1100 1372 1201 1436 uirum
1240 1372 1389 1438 deseendit
1416 1391 1431 1434 o

310 1475 419 1555 eapite.
464 1481 555 1556 ooput
576 1475 746 1539 seeundum
769 1473 940 1555 apostolum
970 1475 1028 1540 uiri
1053 1473 1196 1541 Ohristus
1226 1482 1282 1542 est.
1327 1475 1431 1560 Moyses

309 1585 501 1663 unguentum
539 1577 598 1643 hoo
634 1580 806 1660 composuit
843 1585 871 1644 ot
909 1578 1061 1658 contudit
1114 1580 1171 1644 sed
1208 1579 1431 1661 componendum

309 1692 341 1749 et
376 1683 626 1748 confundendum
666 1684 743 1748 deus
781 1683 892 1760 docuit,
931 1689 961 1747 et
998 1684 1074 1749 deus
1113 1685 1266 1749 mediator
1305 1685 1336 1748 iu
1370 1681 1431 1766 lege.

309 1787 348 1852 de
378 1788 477 1870 eapite
507 1806 589 1868 ergo,
620 1787 651 1851 id
681 1794 729 1851 est
758 1787 798 1851 de
829 1785 951 1852 Christo
982 1787 1143 1854 deseendit
1177 1790 1207 1852 in
1244 1788 1381 1854 borbum:
1408 1793 1431 1849 et

257 1913 282 1948 ιο
309 1893 347 1956 ob
371 1911 407 1956 eo
430 1891 599 1968 deseendit,
622 1891 671 1955 oui
695 1891 810 1955 dietum
841 1899 903 1956 est:
938 1898 1168 1974 unguentum
1203 1892 1433 1958 exinanitum

308 2016 449 2060 nomen
484 2000 600 2060 tuum.
646 1995 806 2060 deseendit
842 2003 946 2060 eutem
984 1995 1017 2060 in
1054 2016 1133 2074 eum,
1172 1996 1225 2080 qui
1262 2016 1318 2078 per
1352 1993 1434 2060 aetttis

307 2090 507 2165 firmitatem
539 2098 770 2164 indemutabilis
823 2105 905 2164 esset
957 2099 1029 2164 fidoi
1082 2101 1227 2166 firmitate
1280 2117 1434 2168 mansurus.

308 2205 469 2270 deseendit
489 2209 593 2269 eutem
617 2203 709 2267 etiam
739 2203 779 2267 in
810 2224 879 2268 oro
909 2205 1156 2269 uestimenti.
1202 2224 1256 2270 orn
1277 2200 1435 2270 uestimenti

308 2329 345 2373 eo
377 2315 459 2384 sunt,
493 2327 563 2391 quae
597 2327 695 2390 usque
728 2307 768 2371 od
802 2307 898 2387 podes
933 2307 1079 2388 defluunt,
1112 2329 1168 2392 per
1195 2311 1278 2392 quod
1301 2309 1340 2373 ed
1361 2324 1437 2370 omno

255 2430 281 2468 20
308 2431 419 2492 corpus
457 2410 508 2476 hio
545 2411 695 2496 unguenti
732 2412 808 2476 odor
845 2431 863 2476 a
900 2413 1000 2492 capito
1037 2413 1069 2476 in
1109 2413 1237 2477 borbum
1275 2421 1307 2478 et
1342 2409 1438 2476 deinde

307 2519 348 2582 od
370 2516 546 2582 uestimeuti
577 2535 631 2580 ort
661 2516 829 2581 deseendit.
876 2517 907 2580 in
941 2515 991 2582 hie
1025 2526 1129 2582 eutem
1163 2515 1349 2594 mulieribus,
1381 2531 1438 2597 quo

307 2627 459 2705 ungentes
493 2621 651 2685 dominum
686 2627 794 2704 typum
828 2619 968 2686 eoelesiae
998 2621 1030 2685 in
1061 2620 1222 2706 euangelio
1246 2619 1439 2705 praetulemnt

306 2726 349 2790 ito
371 2726 526 2801 doeemur,
557 2724 639 2808 quod
668 2744 730 2788 une
752 2729 853 2806 eaput,
887 2723 947 2789 olio
981 2726 1077 2805 pedes
1112 2725 1248 2801 unxerit;
1283 2745 1337 2806 per
1368 2719 1438 2806 quod

306 2848 499 2911 unaquaeque
529 2848 635 2893 eorum
666 2827 861 2912 significetur
884 2829 915 2892 in
939 2835 1025 2910 perte
1055 2830 1191 2910 corporis
1220 2849 1311 2894 omne
1342 2842 1439 2905 eorpus

255 2949 280 2985 ²⁶
306 2934 439 2998 unxisse.
484 2932 587 2997 medie
616 2933 721 3016 itaque
751 2933 888 3014 eorporis
918 2934 1126 3022 praetermieee
1157 2940 1235 2998 eunt.
1282 2951 1352 3022 uem
1375 2931 1439 2993 dum

306 3057 359 3100 ore
396 3037 573 3102 uestimenti
607 3045 636 3102 ot
670 3036 768 3101 berbe
806 3044 1026 3118 memorentur,
1065 3057 1157 3102 omne
1193 3037 1225 3100 in
1260 3037 1309 3102 his
1342 3049 1440 3112 eorpus

306 3140 487 3206 ostenditur.

352 3254 599 3322 llcor.14‚‘20.
634 3257 682 3309 41
702 3255 763 3309 Gor.
783 3257 845 3324 3‚2.
881 3254 1121 3322 olcor.13,11.
1158 3248 1439 3324 tof.Epher.IV,1t

307 3345 341 3396 14
359 3342 436 3396 Ceut.
454 3342 476 3410 I,
494 3343 519 3394 2.

349 3436 508 3492 ttinfirmee
533 3437 568 3491 ad
587 3439 681 3492 othum
700 3439 726 3491 Τ
746 3436 872 3492 infirmet
896 3439 931 3492 ed
955 3438 1048 3491 eibum
1069 3439 1094 3491 G
1112 3437 1231 3492 infirmis
1258 3437 1293 3490 ed
1317 3435 1406 3489 eibum
1423 3428 1443 3478 P

305 3523 409 3578 infirmi
428 3524 484 3578 eint
501 3525 537 3577 ed
554 3524 648 3578 eibum
665 3545 681 3578 r
698 3523 804 3578 infirmi
816 3542 923 3580 numere
939 3524 1059 3578 eibume
1111 3529 1255 3578 manenter
1272 3523 1320 3576 PT
1336 3517 1442 3574 minime

305 3612 430 3664 ualenter
448 3629 468 3675 e,
487 3629 570 3666 om.r
633 3611 725 3665 finon
743 3603 791 3664 eni
808 3613 859 3664 PT
876 3613 998 3665 nondum
1026 3611 1101 3664 enim
1119 3611 1162 3664 rE
1213 3613 1230 3664 o
1257 3604 1391 3675 dereliqui
1415 3617 1444 3653 ⁶⁸

305 3697 349 3762 (ee
367 3715 415 3751 om.
434 3695 459 3764 r)
476 3715 546 3765 queo
573 3703 637 3752 eunt
663 3699 775 3766 paruuli
795 3699 836 3752 Gr
853 3716 886 3752 ee
912 3715 983 3766 queo
1007 3702 1073 3752 eunt
1090 3697 1201 3765 paruuli
1219 3693 1354 3764 dereliqui
1371 3689 1420 3744 PT
1420 3687 1444 3738 Ε

304 3787 322 3839 8
339 3784 522 3853 plenitudinis
540 3803 587 3838 om.
598 3785 648 3837 ΡΤ
667 3783 712 3849 (de
732 3787 758 3838 G
775 3787 798 3840 t.
818 3787 834 3839 l.
853 3787 916 3838 nihil
933 3783 1055 3851 conetur),
1072 3787 1119 3838 sed
1134 3783 1168 3847 of.
1186 3785 1306 3838 Sututier
1322 3779 1377 3842 ΙΙΙ,
1395 3771 1443 3828 799

305 3872 369 3925 9in
393 3889 475 3926 aaron
500 3873 615 3926 berbom
633 3872 684 3924 PT
700 3873 729 3925 in
756 3872 872 3926 barbam
899 3873 993 3926 Aaron
1010 3872 1055 3925 rE
1114 3873 1143 3924 11
1172 3869 1307 3939 oapudG
1360 3866 1392 3920 13
1417 3861 1442 3912 in
1518 3871 1519 3948 l

305 3957 366 4026 lege
378 3959 430 4012 GT
445 3977 517 4028 supr.
534 3960 620 4012 ΜΡ
673 3961 704 4013 17
722 3958 969 4029 fideieupr.etr.T
1022 3960 1055 4013 18
1073 3958 1102 4010 in
1120 3974 1169 4011 ortt
1181 3957 1231 4010 PT
1230 3978 1245 4010 r
1263 3955 1309 4024 (qs.
1328 3949 1443 4008 Sabelle?
1518 3965 1519 4016 t

305 4043 421 4110 1126]
438 4055 462 4098 et
479 4044 558 4113 infr.)
577 4046 606 4099 in
624 4063 702 4098 orem
717 4045 746 4097 Ε
799 4049 831 4101 19
849 4043 972 4100 defluent
984 4044 1059 4110 (ΡΟ
1111 4046 1144 4099 et
1164 4061 1213 4098 ora
1233 4031 1444 4098 GPTroremE
1518 4035 1519 4108 f

304 4135 339 4185 22
355 4137 511 4200 unguentes
531 4133 556 4184 T
612 4135 647 4186 24
665 4149 846 4202 unaquaeque
867 4135 892 4186 G
910 4149 1035 4201 quaeque
1054 4131 1132 4184 PTE
1188 4133 1223 4186 26
1241 4129 1406 4184 memoritur
1422 4137 1440 4166 α
1518 4119 1519 4200 J

305 4223 477 4272 memoretur
495 4219 593 4273 GPTr.
1518 4225 1519 4240 ¹
