3075 4967
388 293 570 342 tractatus
588 287 623 341 in
641 288 818 357 psalmum
837 287 996 342 CXXXVII.
1204 287 1266 352 743

126 479 328 545 retribuet
350 498 419 558 pro
442 497 509 542 me.
547 478 750 543 irascentibus
773 477 908 543 inimicis
930 497 988 542 nos
1011 485 1141 542 extense
1154 497 1266 543 menes

126 585 175 650 dei
211 583 354 666 protegit.
411 580 621 648 tribulationes
655 581 739 648 enim
773 580 887 647 inimici
918 580 1064 646 adferunt
1096 583 1266 647 irascentes

125 687 196 753 fidei
219 696 250 754 et
272 689 340 767 spei
361 692 489 752 nostroe:
513 687 585 770 quie
603 687 800 752 aduersarios
823 692 927 750 noster
949 685 1119 752 secundum
1142 692 1267 767 aposto·

125 792 187 858 lum
226 790 366 857 diabolus
411 805 568 874 tamquam
602 789 650 856 leo
666 805 669 814 ’
683 791 810 875 rugiens
848 789 991 867 ambulat,
1029 809 1172 874 quaerens
1209 810 1267 856 nos

124 898 283 963 deuorare.
339 896 396 962 sed
435 914 528 974 super
561 895 638 959 irem
680 893 886 971 inimicorum,
926 914 983 975 per
1015 914 1093 978 quos
1127 894 1267 960 diabolus
1308 921 1320 956 a

123 1021 250 1082 semper
271 1005 423 1081 operatur,
453 1018 562 1064 manus
591 999 705 1063 domiui
735 999 918 1077 extenditur,
941 1006 973 1064 et
994 1005 1156 1080 sperantes
1178 1000 1211 1064 in
1233 1018 1268 1064 se

85 1113 88 1118 “
123 1103 226 1171 saluos
249 1103 326 1169 fecit
340 1104 466 1168 dextera
481 1103 556 1168 eius.
601 1103 698 1166 uirtus
716 1101 911 1186 significatur
932 1103 964 1167 in
988 1103 1128 1178 dextera3
1152 1109 1182 1168 et
1196 1103 1267 1169 ideo

123 1209 276 1286 dominus,
300 1208 352 1292 qui
375 1207 426 1272 dei
447 1208 545 1272 uirtus
576 1211 607 1272 et
637 1205 686 1272 dei
710 1206 862 1287 sapientie
891 1213 945 1285 est,
972 1226 1194 1291 nonnunquam
1218 1207 1269 1272 dei

123 1314 251 1378 dextera
266 1318 459 1392 nuncupatur
475 1317 505 1376 et
526 1311 771 1394 cognominetur,
794 1330 851 1391 per
872 1330 967 1394 quem
990 1311 1139 1376 aduersus
1160 1331 1269 1376 omnes

122 1417 266 1482 inimicos
289 1417 320 1480 in
343 1415 426 1479 omni
451 1413 681 1479 tribulationum
704 1413 785 1480 bello
808 1419 1017 1498 protegemur.
1298 1439 1322 1474 ιο

167 1521 219 1585 16.
256 1517 398 1584 Seruauit
442 1524 545 1584 eutem
592 1519 781 1602 euangelica
826 1518 1072 1583 mensuetudinis
1117 1517 1270 1599 propheta

123 1626 286 1696 rationem,
317 1643 377 1708 que
398 1623 541 1687 iniuriam
567 1623 700 1688 reddere
722 1621 780 1699 his,
804 1624 857 1706 qui
880 1641 936 1686 nos
959 1629 1165 1703 persecuntur,
1188 1621 1268 1687 inbi-

124 1729 244 1804 bemur‚
280 1727 401 1793 dicens:
437 1727 623 1791 dominus
657 1727 864 1791 retribuet
897 1747 967 1807 pro
1000 1747 1067 1792 me.
1112 1726 1156 1792 illi
1186 1728 1268 1792 enirn

121 1833 261 1898 uindicta
284 1832 437 1896 seruanda
459 1837 515 1906 est,
538 1831 645 1915 quiin
669 1829 823 1895 calumnia
837 1831 934 1895 uestis
957 1831 1070 1897 dimitti
1093 1838 1126 1897 et
1140 1829 1266 1912 pallium

122 1937 222 2012 iussit,
258 1936 311 2019 qui
345 1941 414 2016 post
446 1935 588 2000 Iniuriam
623 1933 720 2014 slepae
755 1933 844 1999 unius
879 1935 1012 2018 praeberi
1046 1943 1076 2000 et
1110 1933 1266 1999 maxillam
1296 1957 1322 1993 rs

122 2040 255 2106 alteram
278 2037 381 2116 uoluit,
405 2039 457 2122 qui
481 2039 579 2103 uetuit
602 2037 717 2103 melum
740 2059 797 2119 pro
813 2038 894 2103 malo
912 2039 1015 2104 reddi:
1040 2038 1108 2122 plus
1125 2038 1268 2104 uindictae

122 2143 284 2224 adepturis
319 2142 377 2220 his,
411 2142 462 2225 qui
497 2147 613 2208 aeterno
646 2141 740 2207 iudici
773 2141 921 2208 ultionem
957 2143 1120 2223 praesentis
1149 2142 1268 2207 iniuriae

122 2257 347 2324 reseruasseut.

169 2353 221 2416 17.
246 2349 409 2416 Concludit
431 2350 543 2415 deinde
566 2348 756 2415 fidelissimae
789 2351 855 2431 spei
885 2370 974 2416 uoce:
1005 2351 1174 2429 domine,
1206 2351 1271 2414 mi·

123 2455 359 2522 sericordia
382 2459 448 2520 tue
477 2452 517 2518 in
540 2453 741 2520 saeculum.
762 2475 884 2535 opere
906 2475 1088 2520 manuum
1113 2460 1269 2519 tucrum
1297 2479 1323 2516 eo

123 2579 200 2626 non
240 2559 421 2624 omittes:
458 2563 499 2635 nt,
537 2559 610 2641 quie
649 2559 697 2623 dei
731 2559 944 2624 misericordia
977 2560 1008 2624 in
1040 2558 1189 2624 saeculum
1223 2564 1271 2624 est

122 2665 299 2730 extendens
321 2682 414 2742 super
436 2663 514 2726 iram
537 2661 735 2727 inimieorum
752 2683 877 2729 manum
901 2683 990 2730 suam
1013 2670 1045 2728 et
1065 2661 1176 2729 fideles
1199 2683 1270 2728 snos

123 2775 294 2852 protegens
329 2767 455 2832 dextere
489 2785 544 2831 sua
577 2771 609 2832 et
638 2786 694 2848 pro
724 2765 774 2831 his
797 2768 981 2846 retribuens,
1005 2787 1099 2850 opere
1121 2787 1270 2833 manuum

122 2891 254 2938 sucrum
277 2891 338 2935 non
361 2871 491 2948 omittet,
514 2869 675 2936 bominem
706 2869 834 2948 scilicet,
858 2874 911 2955 qui
933 2873 992 2937 eit:
1022 2891 1165 2937 manus
1196 2878 1271 2936 tuae

122 2977 316 3043 lecerunt
361 2993 419 3039 me
464 2979 496 3039 et
539 2980 650 3040 cetere.
695 2993 918 3059 nonuunquam
962 2996 1056 3041 manu
1095 2975 1144 3042 dei
1190 2975 1271 3042 facts
1298 3001 1325 3040 es

122 3079 365 3146 commemorari
399 3077 515 3143 solent:
555 3077 647 3143 bomo
681 3099 754 3144 uero
789 3099 915 3160 semper
952 3080 1095 3145 munibus
1134 3079 1271 3154 effectus

169 3265 188 3317 3
206 3262 218 3315 I
237 3262 297 3316 Pet.
316 3262 340 3329 ὅ,
359 3263 383 3316 8.
422 3264 454 3315 13
472 3260 571 3315 March.
589 3260 623 3328 V,
640 3263 683 3315 40.
719 3263 755 3314 24
772 3262 816 3316 Pr.
836 3261 956 3330 CXVIII,
975 3265 1016 3316 ts.

171 3431 184 3481 I
205 3443 255 3480 nos
274 3431 387 3480 extensa
406 3424 625 3497 (transpositionis
642 3427 718 3494 ripun
736 3423 817 3491 erus.)
838 3427 863 3479 R
889 3431 1003 3480 extense
1026 3443 1076 3480 non
1096 3427 1146 3478 1⁷1¹
1195 3425 1273 3480 nire

121 3585 199 3637 supr.
217 3568 277 3618 add.
293 3563 402 3618 mol>
451 3521 617 3618 inirircorum
636 3565 661 3617 n
712 3566 729 3617 9
751 3570 928 3634 nuncupetur
955 3565 979 3619 dt
1005 3565 1218 3633 cognominetur
1246 3566 1272 3618 n

123 3652 401 3723 cognomineturPT
454 3654 486 3705 10
504 3650 827 3705 inomniRiuomninm
837 3652 888 3704 ΡΤ
938 3652 1048 3705 belleP
1097 3658 1274 3721 protegemur

124 3742 153 3795 R
180 3739 354 3809 protegimur
381 3738 432 3792 PT
486 3739 518 3792 12
535 3743 719 3806 persecuntur
745 3739 772 3792 R
797 3744 1003 3806 persequuntur
1029 3739 1080 3792 ΡΤ
1132 3739 1165 3793 14
1182 3741 1272 3794 uestis

125 3826 220 3882 R¹PT
244 3829 337 3879 uestes
363 3823 402 3880 12¹
420 3822 487 3890 (?)e
540 3826 656 3893 pellium
683 3843 713 3878 en
739 3825 861 3893 pelleum
888 3827 914 3878 P
966 3829 998 3880 17
1017 3825 1159 3894 adepturis
1186 3825 1229 3879 his
1248 3827 1274 3879 R

126 3913 273 3983 adepturis
292 3913 343 3964 ΡΤ
395 3914 428 3966 19
445 3910 605 3966 fidelissime
622 3905 653 3966 di
671 3928 739 3965 uoce
759 3912 809 3964 ΡΤ
836 3911 876 3976 (T
891 3914 953 3965 tuac
970 3914 1049 3966 uerbo
1066 3915 1094 3966 in
1111 3929 1194 3981 marg.
1212 3914 1273 3965 edd.

127 4012 153 4056 et
172 4002 290 4054 udinrmit
309 4000 390 4052 alium
408 4000 553 4053 lectionem:
580 3996 645 4052 fidei
672 4015 736 4053 snse
760 3997 840 4056 uooel
892 4000 928 4054 20
944 4000 974 4052 in
992 3999 1134 4053 saeculnm
1152 3999 1203 4052 PT
1221 3996 1275 4065 (εἷς

126 4085 391 4152 reveteretur)
411 4086 603 4139 insaeculaR
655 4087 688 4138 21
708 4085 821 4138 omittes
838 4082 902 4151 (mit
919 4088 946 4138 in
963 4103 1017 4140 rae.
1033 4084 1101 4152 :bn
1153 4087 1188 4139 25
1205 4103 1275 4139 non·

127 4191 274 4242 nunquam
292 4173 345 4236 ΒΡ
361 4188 557 4240 nonnunquam
576 4191 606 4225 en
624 4189 766 4240 nunquam
786 4172 811 4224 Τ
862 4174 896 4226 26
914 4173 1040 4227 menibus
1054 4173 1131 4226 RPT
1146 4172 1275 4226 menibus

128 4261 177 4316 dei
196 4263 230 4313 E.
