3075 4967
252 292 315 357 886
734 296 933 365 Appendix.

253 502 327 548 nam
350 491 382 549 θῖ
404 484 583 551 contristata
613 494 659 551 θθῖ
688 487 793 551 anima
826 486 892 552 eius
916 506 1015 570 usque
1039 490 1079 553 ad
1104 494 1247 553 mortem.
1292 487 1398 552 didicit

254 608 381 669 sperare
404 589 435 653 in
459 592 568 667 deum;
602 596 633 655 et
654 588 713 655 hoo
737 598 793 669 est
816 593 899 674 quod
922 590 967 655 ait
990 591 1021 654 in
1047 590 1129 656 bunc
1150 610 1185 656 se
1207 590 1398 656 intellectum

252 692 407 758 eruditum
432 712 501 759 esse
523 714 541 757 a
565 694 690 759 renibus
724 694 816 777 quasi
850 694 883 759 in
916 700 1015 761 nocte.
1061 703 1093 759 θῖ
1123 694 1287 777 sequentia
1317 695 1397 759 enirn

252 796 420 861 ostendunt
443 797 481 862 de
504 798 649 878 passione
672 817 743 862 enm
766 818 822 863 soe
845 799 956 873 dicere,
979 817 1051 864 oum
1075 798 1251 881 subiungit:

215 968 225 1001 ⁵
298 952 654 1018 meromontem
707 954 910 1020 dominum
957 957 994 1018 in
1041 962 1265 1036 conspectu
1319 974 1400 1018 meo

253 1078 421 1137 semper.
447 1058 748 1141 quiaadertris
772 1065 835 1123 est
859 1058 1400 1137 mihi‚utnouc0mm0uear.

251 1161 506 1243 propterhoc
527 1162 790 1227 iucundatum
814 1176 878 1227 est
900 1182 969 1229 eor
994 1161 1401 1237 meumetexultauit

251 1263 394 1350 lingua
416 1286 512 1345 mea„
534 1266 701 1347 insuper
723 1271 761 1331 et
784 1286 878 1332 caru
902 1286 987 1332 mea
1017 1266 1228 1331 habitabit
1250 1267 1288 1329 in
1313 1286 1400 1346 spe:

253 1370 442 1453 quianon
468 1369 735 1453 derelinques
769 1370 941 1435 enimam
975 1390 1104 1435 meam
1127 1370 1166 1435 iu
1189 1370 1400 1435 infernum

201 1500 225 1535 ιο
253 1493 382 1557 neque
405 1474 522 1539 dabis
552 1480 737 1539 sanctum
768 1484 874 1539 tuum
906 1475 1048 1540 uidere
1079 1475 1397 1556 corruptionem.

253 1585 283 1643 θῖ
305 1584 405 1644 textus
428 1580 556 1662 quidem
580 1578 630 1643 hic
654 1585 685 1644 θῖ
707 1579 782 1643 ordo
805 1578 988 1643 manifestus
1024 1583 1088 1655 θεῖς
1123 1579 1178 1644 sed
1202 1579 1286 1662 quod
1310 1597 1401 1642 renes

253 1682 432 1759 nominauit,
455 1688 486 1747 θῖ
509 1682 597 1766 quasi
620 1683 652 1747 in
675 1688 772 1754 nocte,
797 1687 848 1762 ait,
871 1684 1055 1749 emdierunt
1077 1703 1137 1761 me,
1159 1702 1200 1747 ne
1220 1679 1401 1747 obscuriora

252 1786 422 1863 uideantur,
444 1786 681 1871 interrogemus.
726 1788 802 1852 deus
822 1792 974 1852 scrutetur
990 1788 1102 1853 dicitur
1117 1806 1226 1851 renum
1245 1794 1276 1851 θῖ
1290 1785 1402 1857 cordis.

251 1890 283 1954 in
307 1890 418 1974 quibus
441 1890 530 1975 quasi
561 1891 679 1956 duobus
710 1889 785 1956 locis
816 1891 950 1955 horniuis
981 1902 1105 1957 secreta
1127 1895 1299 1955 teneantur.
1344 1888 1402 1953 scd

202 2020 227 2057 a
253 1994 283 2059 in
308 1995 399 2060 corda
422 1995 547 2078 quidem
572 2000 725 2060 secretum
760 1996 881 2073 animae,
915 1996 946 2060 in
982 1996 1107 2062 renibus
1141 2014 1216 2060 uero
1246 1999 1401 2058 secretum

252 2098 354 2163 carnis
377 2104 438 2163 est:
462 2117 539 2181 quas
562 2098 694 2163 subinde
717 2098 855 2164 interae
878 2098 1076 2165 diuersitates
1098 2098 1253 2165 interioris
1271 2102 1302 2163 θῖ
1317 2102 1403 2162 exte

253 2202 341 2267 rioris
375 2201 508 2267 hominis
542 2203 636 2267 etiam
659 2202 817 2284 apostolus
851 2204 949 2280 docet,
980 2223 1051 2269 eum
1084 2204 1143 2268 ait:
1180 2201 1401 2268 consentio

253 2305 334 2391 legi
372 2310 590 2372 secundum
630 2306 873 2372 interiorem
911 2306 1132 2386 hominem;
1170 2306 1241 2372 sed
1278 2306 1400 2372 uideo

253 2409 528 2495 aliamlegem
561 2410 599 2475 in
634 2411 827 2477 membris
851 2412 950 2477 meis
985 2419 1281 2495 repugnantem
1315 2409 1401 2493 legi

201 2536 226 2575 ro
255 2514 402 2580 mentis
438 2535 537 2580 meae.
583 2515 694 2579 etalio
727 2514 809 2581 loco:
843 2516 973 2600 igitur
1006 2536 1079 2601 ego
1111 2516 1199 2597 ipse
1235 2514 1399 2600 quidem

253 2624 386 2685 mente
409 2619 544 2685 seruio
567 2618 652 2703 legi
676 2619 755 2699 dei;
790 2640 912 2685 carne
946 2628 1079 2686 autem
1109 2619 1195 2703 legi
1225 2619 1401 2702 peceati.

253 2723 346 2789 talem
370 2742 445 2808 ergo
469 2725 624 2806 quandam
649 2729 681 2788 et
704 2724 846 2789 dominus
869 2736 974 2789 noster
994 2722 1084 2789 Iesus
1107 2723 1224 2790 sentire
1247 2743 1282 2787 se
1304 2719 1402 2787 refert

253 2827 487 2906 dissensionem,
511 2828 563 2893 ubi
587 2826 645 2892 ait:
679 2826 854 2908 spiritus
887 2840 1112 2909 promptus,
1143 2846 1238 2894 caro
1267 2831 1400 2890 autem

253 2931 434 2997 infirma:
470 2932 639 2997 secundum
674 2931 851 2997 interiorem
884 2932 970 2997 enim
993 2931 1153 2997 hominem
1188 2929 1402 2996 consentiebat

201 3065 225 3101 a
253 3037 314 3120 legi
337 3036 444 3118 patris,
478 3041 512 3100 ut
534 3040 707 3117 peteretur;
737 3038 906 3102 secundum
932 3036 1118 3102 exteriorem
1141 3042 1255 3112 nutem,
1277 3040 1312 3099 ut
1334 3036 1401 3116 ipa·

253 3146 390 3218 testatur,
406 3141 439 3206 in
454 3160 546 3205 carne
561 3139 744 3221 trepidabat.
789 3141 892 3225 itaque
908 3140 982 3223 quia
998 3159 1089 3205 renes
1105 3149 1225 3206 secreta
1240 3138 1399 3203 continent

253 3244 365 3324 carnis,
400 3265 469 3329 quae
502 3244 718 3310 infirmabatur
751 3245 782 3308 iu
818 3250 956 3325 tempure
991 3243 1152 3325 passionis,
1186 3242 1342 3309 emditum
1364 3262 1398 3307 sc

252 3350 377 3415 renibus
400 3344 464 3415 sui's
487 3349 539 3427 ait,
561 3356 594 3414 ut
616 3347 804 3433 intelligeret
833 3348 907 3429 ipse,
939 3348 1010 3413 licet
1039 3362 1124 3413 esset
1154 3346 1243 3424 lilius,
1274 3367 1399 3427 sperare

252 3454 282 3517 in
307 3454 409 3519 deum.
454 3453 537 3538 quod
561 3452 703 3518 similiter
727 3456 766 3518 de
790 3473 826 3517 ec
849 3460 878 3518 et
901 3452 1041 3537 epistola,
1077 3471 1146 3535 quae
1180 3450 1326 3517 scribitur
1358 3450 1397 3515 ad

200 3586 225 3621 eo
257 3558 411 3635 Hebraeos,
427 3557 530 3623 sentit.
575 3577 814 3641 quamquam
837 3556 951 3632 enim,
974 3558 1024 3630 ait
1048 3560 1161 3621 esset
1184 3554 1301 3619 silius
1324 3555 1396 3619 dei.

253 3662 402 3729 didicit
435 3682 480 3727 ex
519 3660 590 3737 his,
622 3680 705 3745 qum
739 3680 887 3741 passus
921 3670 990 3739 est,
1012 3660 1337 3725 obaudientiam:
1360 3667 1397 3724 et

252 3767 463 3847 perfectus
480 3765 613 3830 lactus
636 3772 698 3831 est
721 3765 906 3830 omnibus
929 3764 1253 3830 obaudientibus
1276 3782 1394 3829 causa

253 3868 404 3935 salutis
431 3876 599 3935 aetarnae.
644 3870 690 3934 sic
713 3870 796 3933 enim
820 3888 911 3934 renes
934 3868 1115 3934 erudiemnt
1137 3889 1217 3946 eum,
1239 3873 1274 3933 nt
1296 3870 1396 3949 proni·

254 3976 340 4039 deret
363 3976 455 4039 deum
478 3995 497 4038 a
520 3972 636 4038 dextris
666 3974 730 4039 suis
760 3993 892 4054 semper,
923 3979 1039 4037 utnon
1063 3958 1232 4037 moueatur.
1278 3970 1396 4038 scilicet

201 4102 226 4137 os
254 4080 293 4143 de
315 4075 471 4142 uoluntate
492 4077 617 4159 spiritus
633 4082 795 4158 promptus
810 4084 866 4152 est,
889 4078 945 4142 sed
960 4096 1032 4143 caro
1047 4076 1180 4142 infirma.
1228 4089 1259 4141 et
1273 4076 1396 4158 proprie

299 4271 316 4321 6
334 4266 382 4334 qui
401 4284 417 4321 s
434 4270 480 4319 sed
496 4268 531 4335 qs.
546 4286 574 4337 p.
594 4267 655 4331 887,
676 4266 712 4321 13
764 4268 979 4323 Ὶίοθθθᾶθῖθω
1032 4271 1068 4324 30
1084 4267 1212 4323 neuma.
