3075 4967
297 296 360 362 480
642 297 756 351 saneti
776 296 910 349 Hilarii
930 294 1093 363 episcopi

297 496 473 565 mortem,
497 498 663 554 mortem
689 495 821 552 autem
845 485 980 550 erneis.
1025 484 1180 550 habemus
1204 483 1375 565 exemplum
1395 485 1429 548 ab
1523 471 1524 502 ¹

296 594 456 677 unigenito
480 594 537 659 deo
561 592 757 669 humilitatis;
786 592 841 655 sed
866 590 1029 654 uideamus
1059 596 1090 654 et
1112 579 1284 669 praemiu'm.
1327 608 1430 669 prop

298 708 358 763 ter
388 697 461 763 hoo
492 698 721 763 enim—enm
758 696 857 760 dens
894 692 1099 759 exaltanit
1128 699 1167 758 θῖ
1203 693 1366 758 donauit
1399 692 1430 757 ei
1523 723 1524 726 ¹

298 822 448 876 nomen,
472 804 575 885 qnod
599 808 661 867 θεῖ
684 820 805 879 super
827 818 941 863 omne
965 816 1114 875 nomen,
1145 803 1186 863 ut
1215 798 1253 861 in
1282 796 1431 862 nomine

260 934 271 970 ε
299 906 392 972 Iesu
416 926 528 971 omne
551 924 655 989 genn
686 904 836 969 ileetat
866 901 1095 968 ealestium
1117 906 1155 967 et
1178 902 1432 967 terrestrium

300 1020 336 1075 et
366 1011 630 1086 infernorum,
662 1022 699 1073 θῖ
730 1008 859 1073 omnis
889 1006 1033 1090 lingua
1063 1006 1321 1080 confiteatur,
1348 1004 1433 1089 quia
1523 1011 1524 1034 ¹

300 1116 489 1181 dominus
512 1113 629 1179 lesus
652 1114 691 1177 in
715 1112 850 1198 gloria
881 1120 942 1177 θεῖ
965 1112 1030 1176 dei
1053 1110 1192 1192 patrio.
1238 1109 1297 1175 hee
1319 1108 1433 1174 humili·

300 1219 369 1284 tatis
393 1218 451 1283 luit
473 1218 644 1299 preamium,
667 1224 701 1283 ut
724 1236 837 1297 eorpus
861 1219 1059 1298 adsumptum
1081 1216 1118 1298 in,
1136 1214 1237 1299 gloria
1266 1214 1317 1280 dei
1346 1213 1433 1295 patris

299 1336 447 1398 maneret,
475 1322 563 1387 utin
585 1322 711 1387 nomine
742 1322 808 1387 eius
838 1340 922 1405 genu
952 1319 1088 1385 eoelestia
1110 1327 1142 1385 θῖ
1165 1319 1325 1385 terrestria
1346 1325 1376 1384 θῖ
1395 1318 1434 1381 in·

250 1452 274 1487 ιο
302 1428 392 1493 lerna
414 1434 585 1492 annuerent.
630 1445 761 1491 manens
786 1425 869 1491 enim
892 1426 924 1490 in
948 1425 999 1491 dei
1022 1425 1126 1489 forma
1146 1443 1208 1489 non
1222 1424 1254 1487 ui
1269 1423 1370 1507 aliqua
1383 1421 1434 1486 sibi

302 1552 338 1597 ae
360 1531 475 1615 rapina,
498 1531 531 1595 id
553 1532 635 1614 quod
660 1538 734 1609 erat,
763 1530 1013 1611 presumendum
1042 1528 1236 1605 existimauit,
1267 1526 1383 1593 soilieet
1409 1531 1437 1589 nt
1523 1553 1524 1560 ¹

302 1637 360 1701 deo
384 1642 468 1701 esset
489 1634 624 1720 aequalis.
671 1642 737 1700 erat
760 1634 845 1699 enim
868 1633 900 1697 in
924 1633 973 1697 dei
997 1634 1105 1710 forma,
1129 1631 1270 1716 nihilque
1285 1632 1314 1698 ei
1328 1630 1436 1697 areius

303 1739 401 1823 gloria
424 1739 539 1818 deerat,
562 1739 595 1803 in
617 1740 704 1804 ouius
727 1738 828 1803 forma
849 1738 1011 1815 manebat3
1042 1738 1098 1803 sed
1120 1736 1254 1801 formam
1284 1735 1437 1815 semiper

303 1842 507 1909 humilitatem
532 1842 651 1923 aceepit
674 1848 704 1908 et
726 1841 834 1907 habitu
857 1848 891 1907 ut
912 1840 1005 1906 homo
1028 1847 1171 1922 repertus
1194 1848 1249 1917 est
1279 1836 1437 1904 humilians
1523 1911 1524 1926 2

253 1970 277 2007 ιθ
304 1968 338 2013 εθ
360 1966 417 2028 per
439 1948 659 2013 obedientiam
688 1966 788 2030 usque
819 1948 858 2013 ad
881 1952 1030 2019 mortem:
1061 1964 1120 2011 neo
1149 1943 1249 2011 solum
1279 1964 1377 2028 usque
1403 1944 1437 2006 ad

304 2062 445 2129 mortem,
468 2052 524 2117 sed
547 2070 646 2134 usque
669 2052 709 2117 ad
731 2056 864 2116 mortem
887 2050 998 2115 erneis.
1044 2048 1153 2115 calum
1166 2070 1204 2113 ex
1218 2056 1372 2133 praeopto
1393 2044 1437 2111 dei

303 2158 371 2237 ipse
393 2156 536 2233 firmauit,
561 2156 712 2221 mundum
736 2176 773 2220 er
796 2156 881 2221 iussn
903 2162 1033 2235 paterno
1055 2154 1088 2217 in
1111 2153 1192 2219 hano
1216 2153 1353 2233 speeiem
1369 2150 1436 2216 tanti

306 2260 425 2325 decoris
448 2260 575 2337 ornauit,
600 2266 716 2324 terram
739 2268 777 2336 θῖ,
794 2279 862 2343 qua
885 2259 916 2322 in
939 2258 991 2323 his
1012 2266 1092 2333 siant
1108 2257 1234 2324 oreauit.
1280 2257 1336 2322 sed
1359 2274 1438 2320 nnm-

306 2364 381 2447 quid
410 2363 449 2427 ob
469 2353 533 2428 'illa
563 2363 675 2429 meruit
704 2362 865 2428 hominem
902 2364 1103 2443 adsumptum
1140 2362 1171 2426 in
1208 2362 1314 2426 aterni
1351 2358 1439 2444 patris

255 2486 279 2523 20
307 2467 405 2551 gloria
427 2466 598 2534 collocare?
642 2465 825 2533 humilitatis
847 2466 908 2532 hoe
922 2466 1086 2547 praminm
1101 2472 1157 2543 est,
1181 2464 1364 2531 humilitatis
1379 2464 1437 2528 taec
1523 2523 1524 2540 ἦ

306 2592 427 2637 meroes
452 2580 506 2649 θεῖ,
529 2578 571 2649 ut,
594 2573 669 2656 quia
691 2590 823 2637 manens
846 2567 939 2636 antea
960 2572 993 2635 in
1015 2570 1114 2635 forma
1136 2570 1187 2635 dei
1202 2577 1286 2635 esset
1300 2570 1331 2633 in
1349 2570 1438 2633 forma

308 2677 389 2741 serni
413 2675 560 2756 deinceps
583 2674 720 2755 effeetna
749 2683 780 2741 θῖ
802 2695 932 2740 manens
962 2676 994 2739 in
1016 2674 1118 2739 lorma
1140 2675 1189 2739 dei
1214 2682 1244 2739 et
1267 2671 1392 2739 effeetus
1411 2670 1437 2733 in
1523 2721 1524 2730 ,

308 2780 409 2844 forma
431 2780 515 2846 serui
538 2780 729 2845 eonsessione
753 2778 924 2845 eaelestinm
947 2788 978 2845 θῖ
1001 2778 1193 2844 terrestrium
1216 2784 1247 2843 θῖ
1261 2778 1440 2842 infernorum
1523 2801 1524 2860 j

309 2902 377 2949 esse
400 2884 430 2948 in
455 2884 504 2949 dei
526 2884 622 2968 patris
645 2884 744 2966 glorie
766 2890 957 2949 nosceretur.
1523 2961 1524 2964 Ἴ

257 3004 282 3041 2⁶
355 2987 403 3053 11.
427 2986 547 3053 Verane
570 3007 694 3072 quoqne
717 2988 803 3053 idem
826 2986 991 3069 apestolus,
1022 3008 1061 3053 ne
1092 3007 1170 3070 quos
1199 2988 1268 3068 ipsa
1297 2984 1350 3050 illa
1371 2982 1439 3049 dini·
1523 2983 1524 3058 J

309 3112 417 3156 norum
441 3112 606 3158 munerum
637 3094 738 3177 gratia
768 3092 904 3157 efficeret
933 3091 1110 3167 insolentes,
1141 3093 1198 3157 ait:
1228 3090 1439 3172 anianique

310 3198 404 3261 data
427 3203 489 3261 est
514 3196 809 3263 demonstratio
833 3196 1011 3277 spiritus
1033 3197 1080 3262 ad
1104 3194 1343 3260 utilitatem.
1364 3193 1440 3257 ineo

353 3321 370 3373 2
494 3360 500 3372 .
581 3322 604 3372 ''.

354 3319 593 3473 siuinffiinffli‘
627 3406 846 3461 adonaisan
874 3406 925 3459 ee
979 3408 1125 3459 romum
1157 3402 1191 3457 νι
1250 3399 1357 3457 θεῖ’.
1381 3417 1438 3453 aa.

311 3512 343 3545 m.
375 3491 400 3545 ⁶2.
436 3492 462 3547 V
511 3492 625 3548 flectant
661 3494 684 3547 V
711 3492 839 3547 flectatur
865 3493 916 3563 pE
940 3493 975 3556 cf.
1005 3493 1087 3545 dead.
1113 3510 1142 3562 p.
1171 3490 1208 3543 57
1271 3491 1335 3543 'lin
1359 3486 1439 3557 gloria

310 3579 406 3632 dein
459 3582 493 3635 10
511 3580 675 3633 euruaretC
723 3580 753 3632 in
765 3580 854 3633 forma
866 3578 910 3633 dei
917 3580 953 3648 pb
1009 3581 1040 3631 ll
1059 3582 1092 3631 nt
1109 3575 1290 3631 edd.m.2V
1339 3577 1371 3628 12
1381 3576 1408 3626 dr
1422 3570 1442 3623 l‘
1523 3593 1524 3630 3

313 3668 345 3720 13
364 3665 437 3720 serui
456 3668 499 3719 sui
514 3685 534 3739 p
589 3669 621 3720 ll
638 3666 826 3720 humilitatem
844 3694 878 3703 -
896 3670 1023 3735 repertus
1040 3670 1084 3719 eat
1100 3666 1129 3717 in
1146 3681 1230 3733 mero.
1247 3664 1326 3733 inser.
1343 3662 1399 3714 edd
1412 3676 1440 3709 m.
1523 3735 1524 3738 Ἴ

313 3752 332 3805 2
355 3752 380 3805 V
429 3752 577 3807 humilians
605 3772 634 3806 ea
660 3752 823 3807 humilitans
850 3770 916 3807 corr.
942 3770 975 3805 m.
1003 3753 1021 3805 1
1053 3751 1078 3806 V
1130 3753 1162 3806 lt
1180 3766 1268 3819 usqne
1295 3768 1325 3804 ea
1349 3760 1441 3815 nequae
1523 3767 1524 3770 ¹

313 3838 384 3892 aa?
406 3840 431 3892 V
482 3843 515 3893 16
533 3840 582 3894 sed
600 3854 688 3908 usque
706 3840 741 3894 ed
759 3838 948 3893 odd.m.2V
997 3844 1117 3893 mortem
1135 3838 1234 3892 ona.V
1286 3840 1317 3892 17
1335 3837 1403 3889 insse
1423 3833 1443 3883 t'
1523 3835 1524 3840 ’

256 3998 264 4010 .
315 3929 347 3982 18
365 3926 395 3980 in
413 3926 455 3981 his
480 3926 568 3997 Vlll‘p
594 3926 623 3979 in
647 3944 679 3981 ea
696 3927 725 3979 E
775 3928 811 3983 20
828 3927 945 3996 gloriam
969 3927 995 3979 V
1042 3926 1096 3981 hoo
1114 3954 1148 3963 —
1166 3923 1332 3979 humilitatis
1358 3914 1444 3975 θεῖν
1523 3937 1524 3940 ’

314 4015 345 4065 21
366 4014 466 4067 merois
492 4013 514 4067 V
563 4019 628 4067 ante
648 4014 733 4068 Corn.
757 4013 783 4067 V
832 4019 906 4068 esset
933 4012 1047 4103 effaetas
1073 4013 1102 4066 in
1130 4013 1219 4067 terma
1245 4029 1312 4066 corr.
1339 4006 1403 4061 aa?
1424 4002 1443 4057 l'

315 4132 345 4187 θ“θ
365 4134 496 4187 formal]
545 4136 579 4189 22
597 4135 672 4188 serui
691 4152 720 4188 ee
738 4128 768 4189 di
787 4135 861 4188 serni
879 4152 945 4189 corr.
964 4133 1036 4188 aa?
1060 4135 1085 4190 V
1134 4134 1266 4203 deineeps
1291 4131 1398 4187 effeetus
1413 4152 1441 4163 ··

316 4220 428 4275 effeetus
451 4221 480 4274 in
505 4220 593 4275 forma
611 4223 684 4275 serni
702 4225 729 4275 ia
747 4240 831 4291 ortorp.
850 4223 927 4291 inser.
946 4224 1006 4277 edd.
1024 4220 1097 4276 m?
1119 4222 1145 4276 V
1158 4221 1195 4291 cf.
1215 4221 1259 4275 Ps.
1280 4211 1442 4273 r'mrm'lll

316 4326 371 4378 cap.
391 4306 427 4361 19
479 4309 513 4361 26
532 4309 571 4361 ait
589 4302 635 4361 eni
653 4308 803 4377 unicuique
821 4310 878 4373 (sed
894 4310 920 4362 R
937 4311 985 4363 del.
1005 4302 1063 4373 eni)
1087 4310 1143 4362 VR.
