3075 4967
325 293 387 359 692
662 297 783 349 sancti
807 296 944 350 Hilarii
970 297 1133 365 episcopi

324 486 435 550 atrium
460 491 522 550 cst:
553 486 680 551 interior
709 492 812 551 autem
836 493 866 552 st
889 485 1072 552 familiarior
1101 485 1168 551 atrii
1200 489 1292 552 sedes
1323 495 1378 552 est.
1416 489 1448 551 iu·

325 590 453 655 teniores
477 591 604 655 stabunt
626 610 711 674 argo,
734 592 787 674 qui
810 592 841 654 iu
865 591 941 655 atrio
965 599 1044 666 sunt,
1073 591 1155 674 quia,
1179 592 1218 656 sit
1241 591 1315 656 licet
1336 591 1450 676 dignitus

323 696 354 758 in
379 694 470 758 domu
493 701 583 772 stare,
606 695 756 775 praeuenit
779 701 882 759 tamm
902 693 962 766 ille,
986 696 1037 778 qui
1055 695 1084 758 in
1102 696 1179 760 atrio
1196 697 1325 760 steterit.
1369 696 1450 760 diuer-

324 817 376 863 sos
398 819 471 863 uerc
495 818 564 864 esse
587 819 649 876 ecs,
681 800 732 882 qui
757 800 787 863 in
812 800 910 874 domo,
934 808 963 862 et
987 819 1049 875 eos,
1073 800 1125 883 qui
1149 800 1179 863 in
1203 801 1280 864 atrio
1304 801 1372 874 sint,
1393 798 1448 862 abbi

229 986 231 989 Ι
284 901 475 986 apropbcta
506 906 697 968 demonstrat
731 903 853 968 dicans:
888 903 1064 984 plantati
1097 904 1134 968 in
1171 905 1284 968 domo
1319 903 1450 968 domiui

324 1007 361 1071 in
386 1007 506 1071 atriis
530 1007 592 1072 dei
616 1008 748 1072 nostri
773 1006 954 1072 florient.
979 1007 1448 1073 maiorsructusesteitlcruissc.

324 1117 354 1176 et
386 1109 457 1176 licet
489 1110 638 1192 plantatio
669 1111 783 1176 babeat
816 1112 1010 1196 dignitatem,
1034 1110 1183 1192 praecellit
1213 1119 1318 1178 tamen
1349 1111 1449 1176 efflore-

324 1217 475 1280 scentiam
499 1215 606 1291 honor,
630 1217 710 1300 quia,
731 1222 764 1280 ut
785 1216 908 1280 initium
931 1217 961 1280 in
986 1215 1174 1296 plantatione
1193 1221 1248 1292 est,
1264 1217 1306 1280 ita
1321 1216 1448 1300 gaudium

324 1319 396 1382 boni
421 1319 524 1398 operis
545 1320 576 1384 iu
600 1319 675 1385 flore
698 1327 754 1385 est.

273 1444 298 1480 10
369 1423 398 1487 4.
423 1421 558 1504 Repperi
580 1429 684 1488 autem
707 1425 859 1508 quosdam
882 1425 1046 1508 ambiguos
1070 1423 1153 1489 circa
1175 1423 1249 1489 boc:
1285 1425 1322 1489 iu
1346 1422 1450 1488 atriis

324 1528 462 1592 domus
485 1528 639 1593 domini
670 1528 766 1593 fuisse
796 1529 947 1607 dicentes,
969 1528 1086 1594 idcirco
1111 1527 1169 1593 boc
1193 1549 1211 1592 a
1234 1527 1451 1593 translatoribus

324 1632 432 1711 primis
455 1633 611 1696 adiectum
635 1653 712 1707 esse,
735 1633 809 1716 quia
830 1634 888 1698 sub
903 1632 1014 1698 iisdem
1030 1632 1172 1699 uersibus
1188 1633 1331 1716 sequenti
1346 1630 1450 1713 psalmo

324 1737 502 1814 continetur,
526 1736 722 1817 opinantibus
745 1737 821 1818 ipsis
845 1736 1026 1818 scriptorum
1050 1735 1125 1801 uitio
1147 1737 1179 1800 in
1203 1735 1291 1801 libris
1314 1733 1451 1800 hebraicis

323 1840 418 1905 fuisse
440 1841 640 1921 praeteritum.
687 1843 742 1906 sed
766 1841 838 1906 noui
860 1841 1055 1922 interpretes,
1080 1861 1149 1924 quae
1180 1840 1294 1915 uolunt,
1319 1843 1450 1904 tractent:

272 1964 296 2000 ιε
323 1944 413 2009 nobis
446 1965 520 2010 uero
553 1945 786 2028 obsequendum
820 1951 868 2012 est
902 1951 933 2010 ct
966 1946 1135 2010 auctoritati
1170 1944 1397 2027 translationum
1427 1947 1449 2002 rt

322 2049 479 2113 uetustati.

367 2155 395 2218 5.
419 2151 455 2216 In
481 2152 561 2218 banc
584 2157 686 2219 autem
709 2171 798 2234 spem
822 2153 924 2219 standi
946 2153 979 2218 in
1003 2154 1093 2219 dumo
1117 2158 1148 2218 et
1176 2154 1208 2218 in
1239 2153 1325 2218 atriis
1348 2147 1450 2216 domini

323 2256 474 2338 propbeta
510 2277 567 2322 nos
605 2255 743 2321 bortatur
788 2258 909 2322 dicens:
957 2257 994 2322 iu
1040 2257 1231 2349 auctibus
1276 2253 1451 2322 extollite

325 2380 464 2426 manus
495 2367 658 2426 uestras
688 2362 726 2425 in
757 2366 900 2426 saneta
924 2366 962 2426 et
986 2360 1223 2426 benedicite
1255 2359 1450 2425 dominum.

271 2465 446 2549 coegimus
480 2465 563 2530 euim
608 2467 779 2531 secuudum
812 2465 983 2547 apostolum
1029 2465 1085 2530 sub
1131 2464 1321 2550 principibus
1353 2461 1451 2526 harum

323 2570 529 2648 tenebrarum,
554 2576 585 2634 et
607 2590 666 2634 uox
688 2590 745 2636 nos
776 2569 878 2635 saeculi
903 2569 1027 2648 detinet,
1061 2588 1131 2656 qua
1165 2588 1221 2652 per
1252 2565 1448 2651 euangelicam

324 2674 576 2753 pradicationem
598 2674 661 2738 iam
683 2673 806 2756 proficit
828 2675 860 2738 iu
883 2674 993 2739 lucem.
1039 2693 1099 2738 nux
1129 2673 1215 2738 enim
1246 2674 1308 2738 ism
1335 2668 1452 2750 proficit.

324 2779 402 2843 sicut
424 2778 456 2842 iu
480 2778 530 2843 die
553 2779 700 2844 decenter
721 2778 884 2844 ambulate.
930 2779 962 2842 iu
986 2777 1045 2842 bac
1061 2776 1157 2860 igitur
1172 2783 1263 2842 nocte
1277 2772 1451 2860 ignorantia.

323 2883 515 2959 insidiarum,
538 2882 760 2960 infirmitatum,
784 2881 1114 2962 concupiscentiarum,
1137 2881 1284 2946 uitiorum
1310 2875 1453 2945 aleuauda

272 3003 297 3042 2⁶
325 3007 435 3052 manus
458 2992 530 3050 sunt
551 2988 582 3051 iu
607 2995 721 3062 sancta,
751 3007 813 3052 nou
837 2987 877 3050 ad
899 2986 1086 3066 precandum
1111 2991 1142 3049 ct
1164 2986 1316 3050 orandum
1337 2989 1454 3046 tantum.

324 3091 379 3156 ssd
413 3098 444 3156 et
482 3092 522 3155 ad
559 3092 757 3172 operandum.
803 3109 910 3170 preces
949 3090 1033 3154 euim
1072 3091 1162 3154 nudae
1200 3108 1262 3152 nun
1295 3085 1453 3170 proficiunt

325 3194 473 3260 eleuauda
496 3200 599 3260 autem
621 3214 715 3275 opera
738 3201 843 3259 nostra
865 3198 937 3260 suut
959 3194 990 3257 iu
1015 3193 1064 3258 dei
1079 3197 1196 3271 sanata,
1219 3192 1253 3257 id
1269 3191 1354 3256 estin
1372 3184 1454 3251 nudis

324 3300 502 3368 uestieudis.
526 3300 558 3364 ia
581 3299 785 3364 esurientibus
816 3297 965 3376 cibandis,
994 3297 1025 3361 iu
1057 3297 1231 3362 sitientibus
1261 3289 1452 3376 potandisiu

324 3403 457 3469 adflictis
491 3401 694 3477 consolandis,
724 3403 755 3466 iu
785 3403 943 3484 oppressis
967 3401 1158 3479 adiuuandis,
1179 3401 1210 3465 in
1235 3399 1371 3464 omuibus
1393 3390 1453 3458 dili·

272 3524 298 3562 so
324 3507 446 3592 gaudis.
490 3507 558 3572 hac
581 3508 665 3572 enim
689 3527 744 3572 nos
767 3508 799 3571 in
823 3507 883 3572 bac
907 3506 1041 3586 eorporis
1063 3505 1161 3570 acstn
1184 3504 1357 3570 infirmitate
1372 3515 1452 3564 sauc-

324 3611 452 3686 tificant,
475 3611 544 3676 haec
567 3612 625 3676 deo
652 3611 762 3692 placita
785 3615 817 3676 et
840 3614 949 3675 sancta
978 3613 1057 3674 suut.
1103 3614 1135 3674 et
1164 3608 1226 3674 hoc
1255 3628 1315 3673 nou
1338 3605 1455 3687 ignorat

367 3753 444 3808 st.
463 3752 533 3819 xcl,
554 3755 593 3808 14.
630 3755 666 3808 20
682 3753 784 3822 Ephes.
803 3753 848 3820 Vl,
871 3755 910 3817 12,
946 3754 981 3806 22
998 3751 1076 3806 Rom.
1095 3751 1169 3816 XIII,
1190 3753 1223 3804 12
1242 3767 1282 3818 sq.

696 3885 710 3913 0

371 3930 382 3979 1
402 3927 551 3980 interiores
569 3927 683 3980 stabunt
694 3945 714 3996 g
724 3926 874 3980 'l’interior
894 3925 981 3980 stab't
993 3941 1060 3992 crgo
1071 3923 1225 3978 Pinterius
1238 3939 1302 3992 ergo
1313 3913 1456 3974 stabuntla'

324 4013 452 4068 3dids0s
479 4015 504 4066 Τ
555 4013 701 4068 bflurient
727 4013 778 4066 PT
803 4012 904 4066 florent
928 4031 941 4066 e
999 4009 1260 4065 ’lefflcrisceatium
1287 4008 1311 4060 P
1359 4005 1392 4058 12
1409 4001 1453 4054 sub
1510 4063 1511 4074 ἶ

325 4100 413 4154 isdem
440 4100 534 4154 uerbis
565 4099 624 4166 (sed
649 4103 676 4153 in
702 4118 784 4169 mcrp.
811 4099 949 4162 uersibus)
979 4099 1004 4151 Τ
1055 4097 1141 4152 salmo
1168 4097 1196 4150 P
1253 4098 1286 4150 22
1301 4089 1407 4162 proficit
1432 4085 1453 4137 Ρ

327 4187 429 4253 ,piecit
456 4188 482 4239 T
506 4187 610 4255 prodiit
637 4188 665 4239 E
696 4183 859 4256 (προέκοψεν)
925 4183 1035 4254 proiicit
1063 4183 1099 4262 ΡΞ
1124 4183 1243 4252 profecit
1268 4177 1325 4234 P'l'
1351 4173 1453 4246 profici·
1510 4235 1511 4240 ἵ

326 4272 413 4326 scitur
434 4273 461 4325 E
475 4273 510 4341 cs.
529 4274 657 4327 Addeadu
709 4275 744 4327 29
762 4267 870 4326 affibus
889 4273 914 4324 T
930 4270 1088 4326 bominibus
1107 4289 1137 4324 ex
1155 4269 1277 4324 omnibus
1294 4283 1322 4318 ur.
1341 4263 1363 4316 2
1383 4263 1411 4315 P.
1510 4281 1511 4336 ζ
