3075 4967
279 258 341 324 498
619 260 737 314 sancti
761 259 896 314 Hilarii
915 260 1081 328 episcopi

323 449 351 512 6.
375 448 437 513 Sed
472 448 691 530 prophetans
725 449 907 515 nocentibus
941 469 975 514 se
1005 449 1151 528 tradatur,
1181 457 1258 516 orat.
1310 452 1410 516 adsunt

280 552 362 618 enim
384 553 518 618 inimica
548 553 731 636 insestaeque
760 553 903 629 uirtutes,
934 573 1003 637 quae
1033 552 1105 618 fidei
1136 555 1325 635 propositum
1345 574 1409 619 con·

281 656 411 733 turbent,
435 677 504 740 quae
526 659 670 722 timorem
686 656 736 722 dei
755 656 927 735 obliterant
951 657 1068 740 quaein
1082 664 1223 724 terrenas
1240 659 1410 739 cupiditates

280 766 311 827 ct
333 760 487 827 desideria
509 759 682 842 sollicitent,
706 781 774 845 quae
798 760 953 826 infirmam
976 762 1113 842 corporis
1136 769 1279 828 naturam
1297 764 1411 846 quibus·

241 891 254 928 e
281 866 353 930 dam
384 865 665 931 blandimentorum
695 863 810 930 aculeis
840 865 872 929 in
902 866 976 930 uitia
1010 873 1232 932 commoneant
1276 867 1357 932 nouit
1386 874 1413 931 ct

280 968 435 1050 apostolus
457 968 540 1034 hanc
563 968 792 1035 multitudinem
815 969 1039 1035 dominantium
1066 970 1216 1034 uirtutum
1239 971 1357 1036 dicens:
1377 970 1413 1034 in

282 1073 429 1157 quibus
469 1079 509 1139 et
548 1093 616 1139 uos
657 1073 881 1157 aliquando
918 1073 1164 1139 ambulastis
1203 1075 1413 1140 secundum

281 1178 510 1259 principem
532 1178 757 1259 potestatis
788 1179 888 1254 aris,
911 1178 1095 1258 spirituc,
1118 1179 1186 1261 qui
1210 1198 1411 1258 nuncupo
1522 1162 1523 1173 ἵ

281 1288 393 1346 ratur
415 1283 452 1345 in
475 1281 585 1346 filiis
608 1281 870 1349 diffidentie.
915 1282 990 1347 lecit
1012 1303 1088 1366 crgo
1106 1281 1411 1363 prophetaiudicinm

231 1411 256 1448 ιο
283 1393 313 1452 ct
335 1386 500 1464 iustitiam3
524 1392 562 1464 et,
584 1406 624 1451 ne
646 1387 784 1451 badatur
806 1387 987 1451 nocentibus
1009 1405 1053 1464 sc,
1077 1393 1174 1470 roget,
1198 1392 1229 1451 et
1251 1385 1311 1452 hoc
1332 1387 1413 1450 modo

283 1491 474 1568 nocentibus,
498 1510 569 1556 cum
591 1491 623 1554 in
646 1496 805 1571 peceatum
827 1489 986 1571 inpellunt
1009 1509 1082 1554 cum
1104 1491 1137 1554 in
1159 1489 1291 1574 gloriam
1310 1489 1414 1565 inflant

282 1613 353 1661 cum
375 1595 407 1660 in
435 1595 514 1658 iram
549 1594 732 1672 accendunt,
766 1615 838 1659 cum
868 1595 899 1659 in
929 1594 1035 1659 odium
1064 1594 1259 1674 exacerbant
1288 1614 1355 1660 cum
1381 1593 1414 1657 ad

283 1698 442 1764 lasciuiam
464 1698 613 1773 inliciunt,
637 1718 707 1763 cum
731 1700 772 1763 ad
795 1699 958 1763 auaritiam
980 1705 1155 1782 prouocant.
1199 1700 1258 1764 sed
1281 1719 1347 1764 cum
1367 1717 1415 1779 per

283 1801 352 1868 haec
373 1822 484 1868 nocere
507 1809 682 1887 properent,
705 1802 845 1868 obtinere
867 1810 972 1868 tamen
995 1822 1056 1881 eos,
1080 1802 1132 1886 qui
1151 1802 1330 1868 innocentes
1345 1813 1416 1878 snm,

233 1927 258 1966 ιε
285 1897 345 1972 nisi
367 1906 427 1971 sibi
449 1925 504 1987 per
526 1906 734 1972 secessionem
758 1906 808 1972 dai
830 1907 934 1971 traditi
957 1906 1079 1984 luerint
1102 1927 1165 1972 non
1186 1906 1339 1972 ualebnnt.

329 2028 1416 2113 7.Dehincsequitur:excipemescruumtuuminbonurn:

285 2153 360 2197 non
399 2132 702 2198 calumnientur
738 2153 797 2198 mc
834 2132 1010 2214 superbi.
1062 2131 1183 2213 proficit
1215 2133 1248 2197 in
1282 2153 1337 2214 spe
1368 2151 1418 2196 sua

285 2236 436 2318 propheta
459 2243 489 2301 et
511 2235 675 2302 celsiorem
697 2237 760 2301 iam
784 2237 1010 2320 deprecationis
1041 2257 1104 2302 suae
1135 2236 1270 2322 gradum
1299 2235 1418 2301 scandit.

286 2341 339 2424 qui
355 2343 437 2406 enim
452 2347 601 2419 orauerat
616 2361 656 2406 nc
678 2342 852 2406 traderetur
874 2341 1056 2406 nocentibus
1079 2360 1122 2416 ee,
1145 2341 1220 2418 iam,
1240 2346 1273 2405 ut
1290 2340 1421 2422 proprie·

286 2451 347 2510 tate
371 2445 453 2510 serui
476 2445 653 2526 excipiatur,
668 2451 768 2528 rogat,
792 2445 918 2510 beatum
941 2443 1083 2508 illumin
1106 2465 1140 2509 se
1164 2445 1215 2510 dei
1234 2444 1420 2508 dominatum

287 2569 359 2614 cum
381 2549 462 2614 bona
485 2550 680 2629 susceptione
703 2569 759 2614 sua
775 2549 954 2629 deprecans.
999 2555 1031 2614 et
1044 2569 1105 2613 non
1121 2548 1161 2613 ob
1177 2548 1278 2614 leuem
1297 2566 1423 2614 causam.
1524 2568 1525 2591 ³

286 2660 319 2718 ut
340 2655 372 2716 in
396 2653 509 2718 bonum
540 2654 732 2734 suscipiatur,
763 2660 838 2730 orat,
861 2652 979 2719 scilicet
1008 2673 1048 2718 na
1071 2673 1143 2719 eum
1166 2653 1291 2734 superbi
1314 2651 1422 2717 calum·

287 2758 418 2823 nientur.
464 2763 495 2823 ct
517 2757 570 2841 qui
593 2764 665 2822 eunt
687 2758 837 2839 superbi?
881 2778 993 2838 nempe
1014 2756 1067 2836 illi,
1098 2776 1229 2840 quorum
1258 2756 1424 2838 principem

288 2860 464 2944 loquentem
476 2860 586 2927 Esaias
598 2863 764 2928 introducit
775 2863 831 2927 ita:
845 2861 953 2926 dixit
967 2862 1086 2926 enim:
1109 2861 1265 2926 uirtute
1282 2860 1426 2925 faciam

331 3053 347 3103 6
365 3051 465 3121 Ephes.
485 3054 518 3120 11,
537 3056 562 3106 2.
598 3057 633 3107 24
650 3052 723 3106 Esai·
742 3054 775 3122 X,
796 3055 836 3108 13.

331 3208 522 3278 dinseeteqnc
551 3211 574 3262 C
632 3209 801 3263 conturbant
830 3210 854 3263 C
914 3211 1073 3263 tterrenas
1104 3227 1134 3262 er
1163 3213 1277 3263 terrena
1305 3226 1338 3260 m.
1363 3205 1383 3257 2
1406 3203 1429 3256 V

288 3298 306 3349 4
323 3297 390 3349 inter
408 3299 535 3349 naturam
554 3307 577 3349 et
595 3296 760 3365 quibusdam
772 3299 852 3350 uerbo
864 3299 972 3366 repetita
984 3296 1149 3364 quibusdam
1167 3294 1294 3364 corporis
1305 3300 1430 3347 naturam

289 3384 338 3435 dcl.
365 3401 398 3435 ra.
426 3381 446 3434 2
478 3383 503 3436 V
561 3382 693 3437 baoulco
725 3384 751 3437 V
809 3383 982 3436 duirtntum
1009 3400 1058 3435 om.
1086 3383 1113 3434 R
1176 3381 1381 3436 ‘desecandum
1407 3377 1430 3430 R

289 3469 396 3523 Sacris
423 3487 471 3522 om.
501 3470 539 3539 Op
594 3472 626 3524 10
644 3469 767 3523 iustitiae
790 3470 814 3523 V
866 3474 895 3523 et
921 3486 956 3522 ne
983 3467 1147 3522 tradatnrne
1180 3469 1205 3522 V
1253 3484 1284 3521 se
1300 3470 1384 3536 rogat
1399 3491 1431 3502 -

290 3555 453 3610 nocentibus
480 3573 528 3609 cm.
554 3557 578 3609 V
628 3559 658 3610 ll
679 3555 778 3610 inflent
795 3557 846 3610 RC
899 3558 931 3609 12
949 3572 1012 3610 cum
1036 3555 1106 3609 iram
1127 3557 1150 3608 C
1199 3557 1369 3609 exacerusnt
1391 3551 1434 3602 VC
1524 3586 1525 3629 l

941 3653 983 3681 uo

292 3696 324 3747 13
342 3694 473 3748 inliciunt
492 3714 521 3748 cr
538 3694 669 3750 inliciunt
686 3694 818 3749 inliciunt
836 3697 862 3748 R
917 3699 1034 3764 rpogant
1048 3696 1071 3747 (¹
1122 3696 1155 3747 14
1173 3711 1220 3749 eos
1238 3694 1286 3763 qui
1304 3696 1433 3747 nocentes
1524 3682 1525 3685 '

292 3780 318 3832 R
335 3797 381 3834 eos
400 3782 448 3850 qui
466 3782 577 3836 nocenti
597 3782 681 3836 (loos
709 3799 778 3850 quos
796 3786 928 3838 nocentes
954 3783 975 3836 V
1027 3785 1093 3836 sunt
1110 3808 1144 3818 -
1162 3781 1208 3835 dei
1226 3780 1324 3834 traditi
1343 3776 1437 3832 cm.V

294 3874 326 3926 15
344 3889 394 3941 per
413 3873 536 3928 cessione
556 3875 579 3927 (l
594 3869 821 3939 pdceesionemp
877 3871 909 3924 16
926 3885 971 3923 me
989 3887 1037 3922 om.
1056 3865 1112 3939 Opb
1166 3871 1200 3922 17
1218 3871 1250 3922 ut
1267 3885 1326 3921 non
1345 3865 1434 3921 calon·

291 3959 439 4014 nienturO
484 3960 654 4033 proiecitOp
700 3962 730 4015 in
749 3978 816 4046 apag
831 3959 855 4029 (e
873 3964 965 4015 inrcr.
984 3959 1020 4026 R)
1038 3977 1102 4015 suas
1115 3961 1170 4014 RE
1222 3963 1256 4014 19
1273 3955 1438 4013 tradaturV

293 4069 324 4116 ut
350 4064 380 4116 in
406 4063 606 4132 proprietatem
632 4065 707 4119 serni
729 4066 781 4136 pE
802 4065 980 4134 proprietatis
1008 4064 1133 4119 saruoC
1182 4066 1215 4118 21
1235 4081 1302 4116 eum
1319 4063 1393 4117 bona
1415 4059 1437 4112 V

293 4149 461 4218 depraecans
476 4152 525 4206 VR
559 4153 594 4205 22
612 4153 815 4208 calumnientur
824 4153 908 4221 etqui
919 4156 985 4206 aunt
994 4151 1106 4221 superbi
1115 4150 1200 4203 omo
1231 4151 1267 4204 24
1285 4146 1438 4219 Ιοξ.1θω1’

293 4236 379 4290 eseias
401 4237 427 4292 V
475 4237 676 4293 introducatC
726 4239 832 4294 uirtute
851 4237 943 4310 Ophi)
997 4237 1181 4292 faoismzec
1198 4237 1232 4290 a
