3075 4967
384 329 563 394 tiectctus
582 341 616 392 in
635 342 807 410 psalmum
827 341 935 395 nxvtl.
1168 339 1230 407 293

114 530 238 594 ardens
261 539 356 595 ratu
381 531 481 594 eius:
506 530 656 595 slumeu
681 531 792 614 ignis
815 531 992 596 ducebat
1013 541 1106 597 ante
1129 552 1230 598 eum:

115 634 203 697 milia
225 634 378 699 milium
414 635 658 699 seruiebant
681 635 714 700 ei
746 641 783 700 et
814 637 916 700 dena
946 636 1057 700 milia
1088 636 1229 702 denum

113 725 244 802 milium
279 739 502 804 adstabant
536 738 579 804 ei.
625 747 717 822 atque
751 739 782 803 in
817 737 866 803 his
900 740 1038 822 quidem,
1072 742 1139 804 siue
1173 741 1230 805 snb

113 843 197 922 specie
218 829 293 908 talis
307 851 441 919 ornatus,
464 843 529 908 sine
553 841 609 906 snb
633 843 869 927 significationis
900 843 1048 924 exemplo,
1080 846 1168 908 nobis
1198 846 1230 908 iu

112 965 186 1010 nunu
206 947 303 1028 opinio
327 956 358 1012 et
382 966 490 1012 sensus
513 947 676 1012 comitatus
700 947 833 1012 caelestis
856 948 1002 1026 adfertur,
1027 957 1057 1013 ut
1078 949 1133 1012 sub
1158 968 1231 1013 con·
1269 975 1283 1013 a

112 1051 180 1114 cordi
202 1051 270 1135 iugo
287 1051 412 1115 milibus
429 1052 593 1116 laetantium
611 1050 821 1135 obsequellam
834 1051 989 1117 caelestem
1005 1052 1230 1137 intellegamus.

112 1162 136 1218 et
156 1154 206 1218 boc
228 1155 285 1220 illac
309 1157 338 1218 in
357 1155 431 1220 Sina
446 1156 592 1221 ardentes
609 1155 693 1220 faces
716 1155 975 1239 conlucentesque
1003 1157 1101 1241 ignea,
1126 1157 1230 1240 ingra-

110 1261 242 1324 uescentis
276 1260 409 1324 tonitrua
443 1267 474 1325 et
504 1260 596 1324 totius
631 1260 747 1324 domini
782 1260 931 1325 aduentus
961 1267 1059 1325 terror
1086 1262 1229 1335 ostendit,

110 1362 263 1428 ministeria·
281 1363 400 1429 scilicet
423 1363 602 1448 angelorum
631 1363 730 1446 legem
754 1365 785 1427 in
809 1384 903 1429 manu
927 1365 1103 1429 mediatoris
1128 1349 1229 1448 dispo·

110 1469 224 1532 nentium
248 1469 412 1534 adstitisse.
461 1467 510 1532 hic
527 1487 602 1552 ergo
621 1488 728 1534 currus
745 1468 793 1532 dei
811 1469 918 1534 decem
934 1469 1053 1533 milium
1069 1468 1230 1550 multiplex
1258 1495 1282 1528 ιο

109 1579 145 1634 eat
164 1572 303 1657 miliaque
326 1572 495 1639 laetantium
520 1580 598 1638 sunt.
643 1579 673 1638 et
688 1554 760 1656 qnia
776 1574 927 1637 mediator
943 1573 991 1637 dei
1009 1573 1229 1656 bominumque

108 1675 299 1756 sitdominus,
329 1679 361 1742 in
393 1678 478 1743 cuius
508 1697 602 1744 manu
632 1699 687 1758 per
716 1676 853 1762 angelos,
889 1687 921 1742 ut
951 1678 1144 1753 dictumest,
1168 1675 1228 1743 lata

109 1778 145 1843 lor
174 1780 270 1863 luerit,
305 1801 437 1866 sequeus
472 1803 574 1848 sermo
597 1782 741 1847 subiecit:
777 1781 961 1846 dominus
990 1782 1032 1861 ‚in
1068 1780 1156 1846 illis
1190 1782 1228 1844 in

108 1881 193 1960 Sina,
226 1887 256 1949 in
291 1886 352 1951 illis
376 1887 494 1952 scilicet
516 1886 689 1952 lactantibus
723 1885 863 1950 milibus:
898 1905 1066 1969 eurmsque
1100 1905 1229 1950 numero

107 1988 245 2069 multiplici
270 1992 378 2056 decem
413 1992 541 2071 milium,
574 1992 604 2056 id
636 1997 682 2056 est
713 1990 900 2055 infinitomm
931 1990 1140 2073 intellegentia
1171 1991 1229 2054 sub
1257 2013 1281 2049 1⁶

107 2091 195 2157 docem
219 2094 336 2160 milium
362 2095 614 2176 multiplicatione
636 2096 784 2160 subiecta.
830 2096 859 2159 in
884 2095 932 2159 bis
962 2096 1067 2177 itaque
1099 2096 1174 2158 dens
1196 2095 1227 2157 iu

106 2195 167 2261 Sina
187 2206 239 2264 est.

144 2301 184 2366 19.
208 2304 267 2368 Sed
291 2323 330 2368 ne
355 2303 432 2368 sorte
448 2302 611 2387 euangelia
626 2324 686 2368 nou
703 2302 918 2386 supplementa
934 2303 1013 2386 legis
1034 2302 1228 2386 aliquatenus

108 2403 274 2476 uiderentur.
310 2408 363 2490 qui
397 2409 429 2470 in
452 2407 512 2470 illis
535 2407 565 2470 in
591 2407 665 2471 Sina
698 2415 745 2472 est
779 2407 930 2486 dominae,
966 2407 1017 2472 hic
1047 2426 1173 2472 rursum
1196 2407 1228 2470 in

107 2516 197 2574 eructo
218 2512 356 2576 ascendit
378 2511 408 2574 in
434 2511 529 2576 altum
553 2511 771 2595 captiuamque
794 2512 873 2595 cepit
898 2511 1117 2592 captiuitatem.
1141 2511 1171 2574 in
1191 2531 1227 2576 eo
1256 2531 1280 2565 20

106 2612 207 2679 scilicet
229 2625 342 2685 sancta
367 2615 453 2680 cuius
476 2614 608 2680 sormam
632 2637 669 2680 ex
693 2615 792 2680 forma
815 2598 864 2679 dei
899 2624 1070 2680 euacuatus
1100 2615 1227 2695 accepit.

108 2719 177 2796 quod
206 2725 303 2785 antem
330 2726 456 2784 sauctus
487 2719 534 2796 sit,
568 2739 640 2784 cum
674 2719 780 2800 plures
809 2719 980 2801 prophetiae
1010 2727 1074 2784 tum
1101 2718 1228 2784 Gabriel

107 2821 220 2903 angelus
233 2826 270 2888 ad
285 2824 417 2889 Mariam
431 2831 559 2889 testatur
573 2823 693 2889 diceus:
719 2831 755 2889 et
778 2826 882 2908 quod
906 2844 950 2889 ex
977 2831 1014 2888 te
1034 2832 1228 2889 nascetur

141 2945 170 2996 aa
187 2945 250 3000 uuo.
270 2947 289 3014 1,
309 2949 350 3001 ee.

142 3049 152 3099 l
171 3055 243 3102 rotae
260 3051 318 3104 eius
340 3053 434 3122 scripsi
452 3047 490 3115 (οἱ
501 3051 595 3120 τροχοὶ
616 3052 702 3102 αὐτοῦ
721 3051 807 3116 LXX,
825 3050 858 3114 cs.
878 3053 954 3103 etiam
968 3053 1087 3104 Sabatier
1106 3051 1143 3115 II,
1163 3049 1223 3116 871,

107 3131 177 3196 Lucis.
202 3139 237 3188 ed.
265 3139 359 3191 Hurtcl
383 3157 409 3207 p.
430 3137 495 3204 274)
512 3142 588 3190 rotas
616 3135 657 3201 (ro
676 3139 703 3190 in
721 3155 775 3190 rat.
793 3137 831 3203 R)
859 3138 918 3190 eius
937 3137 989 3191 ΒΡ
1004 3144 1066 3189 rota
1084 3138 1143 3191 eiua
1167 3137 1228 3189 VTe

107 3215 194 3275 flumen
218 3224 288 3293 ignia
311 3227 405 3295 scripsi
431 3222 562 3290 (ποταμὸς
593 3223 688 3294 πυρόε,
716 3225 750 3294 cs·
779 3225 864 3292 anif.
892 3227 908 3278 t.
936 3223 969 3290 c.)
994 3224 1111 3278 flumen
1124 3225 1182 3278 eius
1207 3224 1231 3277 V

107 3301 195 3362 flumen
212 3311 420 3380 ingensRPTE
472 3313 610 3366 ducebant
625 3312 673 3365 VR
683 3312 752 3381 sort.
771 3311 883 3366 lucebat
900 3310 933 3374 cs.
953 3311 1044 3380 Lucis:
1091 3311 1152 3364 2ei
1167 3322 1227 3381 post

107 3394 243 3452 muniebant
260 3417 333 3469 rutpr.
350 3418 399 3452 scra
413 3399 439 3451 P
490 3403 517 3452 et
535 3417 584 3452 om.
604 3399 654 3452 PT
673 3397 837 3464 (inPcres.)
890 3399 1052 3452 &lactabant
1070 3416 1100 3451 ex
1118 3399 1227 3452 stabant

106 3477 275 3540 Padatabunt
300 3487 324 3540 V
375 3487 425 3540 sub
452 3486 578 3554 specialis
597 3487 622 3538 R
674 3485 789 3541 ⁴ibonis
816 3487 844 3539 in
873 3503 958 3539 curru
977 3486 1027 3538 PT
1078 3486 1227 3538 bcoucor·

105 3565 138 3619 dii
159 3569 182 3622 V
225 3573 434 3640 oobsequelam
463 3573 541 3625 PTE
592 3575 605 3622 7
626 3590 694 3642 syna
712 3573 764 3628 BT
816 3572 938 3628 ardentis
963 3571 1030 3626 facis
1055 3572 1080 3623 Τ
1131 3572 1227 3625 oculu·

106 3655 203 3726 oeutiaq.
237 3661 308 3728 iguis
346 3657 407 3712 P¹T
485 3660 762 3730 ingrauescentiaque
798 3660 851 3712 PE
893 3660 1166 3728 ingrauescentisque
1204 3658 1229 3710 Τ

106 3739 255 3800 taciturni
272 3747 297 3799 T
348 3746 497 3828 aduentum
516 3765 581 3800 corr.
595 3765 628 3800 m.
646 3747 701 3802 tV
751 3747 889 3815 illegeV
939 3763 1023 3799 manu
1041 3748 1100 3799 add.
1121 3764 1152 3799 m.
1172 3745 1232 3800 21¹

109 3845 135 3898 10
149 3848 248 3904 milium
265 3871 295 3904 aa
313 3852 430 3904 mulium
441 3851 500 3904 nal
516 3851 540 3904 V
591 3854 621 3904 11
633 3856 741 3920 etuupr.
754 3870 803 3904 scr.
816 3868 849 3904 m.
862 3851 876 3904 l
886 3851 912 3904 R
967 3853 999 3904 12
1013 3851 1138 3904 dominus
1152 3850 1188 3904 sit
1206 3850 1231 3901 V

107 3984 199 4041 nar
249 3995 282 4045 16
308 3989 395 4044 milib.
420 3947 696 4070 multiplicationibus
714 3989 777 4054 (sic)
796 4009 828 4042 m.
842 3989 862 4041 2
875 3989 901 4043 V
960 3990 993 4043 18
1011 3989 1178 4057 aliquatinus
1195 3986 1229 4041 V¹

9 4075 10 4082 ἵ
107 4089 136 4140 10
151 4095 332 4162 captiuamque
351 4111 380 4146 ex
399 4094 594 4162 captiuamque
604 4113 637 4148 m.
650 4094 709 4148 2V
759 4094 848 4162 coepit
865 4094 940 4148 VRP
990 4100 1019 4147 et
1037 4093 1228 4162 captiuitatem

111 4174 150 4226 ΡΤ
193 4183 222 4235 21
240 4183 328 4235 forma
346 4197 382 4234 ex
399 4179 535 4234 format]
585 4183 619 4236 22
637 4187 696 4235 tum
721 4181 847 4252 gabrihel
874 4183 898 4233 Τ
921 4179 955 4234 cr'r
979 4179 1107 4250 gabrihel
1126 4180 1152 4232 P
1167 4186 1228 4234 tum

108 4264 253 4379 gabrielquoq
263 4319 346 4388 (quoii
355 4322 450 4374 dinero
460 4323 582 4391 lipsopr.
593 4319 689 4386 nerlii
742 4323 777 4373 23
796 4321 830 4374 ed
840 4320 956 4374 Marium
966 4338 1015 4373 orn
1026 4319 1052 4372 R
1095 4325 1123 4371 et
1133 4336 1182 4370 ont.
1193 4317 1226 4371 R.
