3075 4967
415 262 598 312 tractatus
617 258 652 312 in
670 258 842 327 psalmum
861 258 958 313 LXIII.
1196 260 1258 326 227

132 452 260 531 prasenti
283 449 403 533 psalmo
425 449 585 516 ooutinsri.
629 449 711 514 inter
739 449 892 514 maximas
927 450 1008 515 enim
1044 449 1146 517 saeeuli
1182 457 1259 516 tem·

132 561 249 636 postulas
282 561 314 620 et
347 555 551 639 grauissimas
584 552 714 618 humaui
747 553 873 638 generis
907 555 938 618 iu
969 554 1062 620 deum
1085 554 1260 636 impietates

132 678 224 724 sumus
244 658 408 736 eonstituti
432 659 518 724 euius
540 655 667 724 fidelem
688 677 746 739 per
768 663 825 722 nos
849 663 879 722 at
900 678 1006 723 ueram
1034 657 1259 725 uonlessionem

131 783 200 828 uuuu
226 762 421 846 philosophia
448 764 593 840 inrideat
631 781 713 827 nuno
748 760 963 828 baeratieorum
998 761 1083 827 furor
1115 763 1260 842 incurset,

131 886 200 932 nuno
219 869 355 934 auaritiae
379 868 481 933 studia
503 867 719 941 saudemont,
743 885 825 931 nuno
847 865 1024 932 ambitionis
1040 867 1127 932 fauor
1142 867 1261 950 iuquie-
1301 889 1313 926 s

130 978 175 1036 tet
215 972 323 1056 quibus
345 971 491 1037 omuibus
513 968 754 1045 dissimulandis,
790 968 964 1050 tolerandis,
997 969 1140 1050 uitandia,
1174 991 1260 1038 eoar-

130 1076 248 1159 gueudis
270 1095 360 1142 mans
382 1081 488 1141 nostra
509 1076 570 1140 nisi
585 1094 642 1156 per
657 1075 751 1140 deum
767 1074 887 1141 erudita
902 1094 963 1140 non
980 1074 1102 1140 suffieit.
1137 1077 1261 1160 quantis

129 1179 201 1244 euim
223 1185 253 1245 at
273 1199 369 1264 quam
392 1178 531 1245 molesb's
554 1179 795 1260 disputationum
819 1177 934 1244 aouleis
957 1179 1006 1244 dai
1036 1179 1259 1260 prouidentiam

129 1291 156 1347 et
174 1283 369 1366 principalem
391 1290 484 1369 atque
505 1281 720 1348 ininitiabilem
743 1283 774 1347 in
797 1289 899 1349 orento
922 1282 961 1348 ab
982 1302 1017 1347 eo
1033 1284 1146 1348 mundo
1163 1283 1260 1348 domi·

129 1393 223 1452 natum
244 1389 308 1454 eius
330 1387 526 1469 philosophia
547 1387 718 1471 impugnat
740 1406 822 1452 nuno
838 1388 936 1470 aquis,
961 1405 1041 1452 nune
1057 1393 1155 1464 terra,
1177 1407 1259 1453 nune
1288 1411 1313 1444 10

128 1492 233 1570 atomis,
254 1512 336 1558 nuno
359 1491 433 1557 eaelo
456 1493 507 1558 dei
530 1511 646 1558 nomeu
669 1489 853 1572 indulgens!
899 1510 992 1575 quam
1009 1511 1084 1556 uero
1099 1491 1260 1576 ingenioso

128 1593 287 1662 calliditatis
321 1617 379 1662 usu
412 1595 485 1661 fidei
519 1596 693 1661 doctrinam
728 1593 892 1662 baeretious
926 1597 1088 1662 mentitur!
1144 1603 1259 1681 quanto

128 1697 226 1766 deiude
257 1701 448 1767 audientium
482 1699 619 1781 perloulo
653 1719 747 1781 opum
782 1698 913 1784 gloriam
955 1719 1066 1765 aumas
1100 1699 1259 1765 adfirmat!

129 1811 229 1885 quanto
250 1825 371 1890 quoque
394 1805 591 1871 oontiueutiae
614 1804 733 1869 excidio
756 1803 949 1886 uoluptatum
980 1803 1094 1888 gaudio
1123 1804 1259 1886 eorporis

127 1908 253 1974 adsertor
282 1910 474 1994 exsequitur!
518 1929 613 1994 quam
646 1908 795 1990 pestifera
827 1914 932 1973 autem
962 1907 1196 1974 ambitiosorum
1226 1909 1258 1973 in
1286 1929 1312 1966 1⁵

129 2009 239 2078 bonoria
268 2013 484 2080 adhortatione
518 2013 664 2079 facundia
693 2013 756 2078 est!
810 2012 922 2095 quibus
953 2011 1096 2078 omnibus
1126 2011 1259 2096 peruigil

129 2134 200 2194 tura,
219 2137 333 2198 pernox
364 2118 459 2183 oratio
490 2124 520 2183 ot
549 2124 667 2183 aeterna
696 2119 736 2182 ad
771 2117 865 2182 deum
889 2116 1042 2182 eonfessio
1065 2115 1258 2202 repugnabit.

130 2219 164 2284 ob
183 2219 245 2286 hae
266 2223 360 2306 igitur
381 2221 455 2288 fidei
478 2229 592 2288 nostrae
615 2231 646 2287 at
668 2227 792 2287 aetaruae
815 2219 923 2287 salutis
958 2221 1078 2287 excidia
1108 2219 1259 2302 propheta

130 2343 206 2391 orare
226 2326 422 2412 intellegetur
442 2327 474 2391 in
496 2325 626 2408 psalmo,
648 2345 685 2391 en
708 2345 842 2407 persona
864 2345 927 2401 sua,
943 2331 1093 2410 quatenus
1116 2326 1147 2390 iu
1165 2327 1259 2390 deum

131 2446 240 2507 sperare
261 2451 316 2496 nos
340 2432 510 2508 oonueniat
534 2430 709 2498 ostendeus
1284 2449 1309 2484 2⁰

168 2532 192 2596 6.
214 2535 386 2600 Aitenim:
420 2535 576 2611 exaudi,
611 2533 717 2612 dous,
750 2535 980 2599 orationem
1015 2553 1148 2612 meam,
1173 2552 1256 2599 eum

130 2637 517 2719 tribulor3atimore
554 2638 713 2704 inimioi
752 2640 867 2720 eripe
912 2639 1085 2703 animam
1123 2657 1256 2703 meam.

130 2741 328 2824 ingruentibus
362 2743 514 2828 hisquae
548 2743 690 2827 superius
722 2743 975 2821 memorauimus‚
1009 2763 1065 2824 por
1088 2762 1156 2827 quae
1178 2741 1257 2808 fidas

19 2874 20 2877 ¹
132 2851 222 2911 nostra
242 2855 272 2912 et
292 2867 366 2930 spes
388 2847 585 2929 pariebatur,
608 2848 651 2913 ad
674 2867 754 2927 oum,
778 2847 831 2932 qui
847 2846 930 2912 solus
947 2847 1065 2912 mederi
1082 2845 1132 2911 his
1148 2851 1258 2931 potest,

132 2947 264 3016 reseratur
284 2951 390 3017 oratio.
438 2958 537 3018 matus
560 2952 722 3030 satanin,
746 2971 786 3017 ne
809 2950 966 3016 infirmum
990 2971 1045 3032 per
1066 2955 1209 3016 naturam
1225 2957 1255 3016 at
1281 2971 1307 3010 as

169 3160 445 3227 lpreseutisalmoR
498 3161 678 3216 ooutiusreP
727 3159 1088 3230 bimpietateaindeuml'
1140 3158 1257 3214 addela

19 3314 20 3317 Ἰ
133 3258 208 3309 puos
223 3247 319 3318 Reper
336 3265 387 3302 nos
405 3246 516 3302 fidelem
535 3248 600 3301 ffb
653 3246 804 3301 4iilosofia
823 3248 849 3300 R
903 3246 1070 3300 ereticorum
1088 3246 1115 3300 R
1168 3250 1260 3302 dom·

133 3328 199 3386 nibus
215 3351 260 3388 om.
277 3335 328 3388 Pu
380 3335 533 3389 tolerandis
556 3353 605 3389 om.
624 3335 651 3388 R
703 3334 826 3388 uitandis
850 3339 878 3388 et
896 3333 1077 3401 coarguendis
1097 3333 1125 3386 E
1176 3334 1259 3388 biui-

131 3467 238 3526 tisbilem
254 3474 280 3527 R
333 3476 368 3529 10
379 3472 524 3542 filosophia
537 3474 563 3527 R
615 3431 673 3527 nuri
693 3473 834 3528 atomisR
888 3475 983 3544 ldpoet
1005 3471 1150 3540 glor-iuml
1172 3473 1259 3526 aelb

19 3656 20 3659 ,
131 3612 226 3665 aab
275 3619 362 3668 auaro
380 3613 407 3666 P
459 3615 491 3667 14
509 3613 651 3668 continere
675 3612 785 3667 excidio
804 3613 830 3665 P
881 3611 1057 3681 uoluptatum
1084 3561 1138 3680 (upt
1159 3614 1186 3663 in
1204 3629 1257 3664 roo.
1323 3623 1327 3632 ’

132 3710 157 3746 m.
167 3694 216 3752 312
231 3701 407 3754 uoluntatem
416 3700 452 3763 P)
469 3699 571 3769 gaudia
589 3699 714 3768 eorporis
724 3699 801 3754 RPT
817 3699 920 3768 gaudia
937 3698 1060 3768 eorporis
1079 3698 1257 3766 uoluptatum

19 3816 20 3899 ζ
131 3831 252 3892 (uolunta
268 3840 298 3902 a)
318 3840 347 3892 Ε
399 3841 431 3893 16
446 3786 554 3893 ¹¹enoris
573 3857 682 3893 certor.
697 3839 745 3892 IR
799 3837 972 3892 adortatione
985 3838 1011 3890 R
1065 3835 1164 3908 puigili
1178 3835 1218 3904 P(
1222 3835 1257 3902 10

133 3919 158 3973 ll
173 3938 233 3978 tura
249 3943 296 3981 om.
315 3927 343 3980 R
395 3927 562 3996 repuguauit
581 3926 609 3978 P
659 3929 693 3981 18
710 3927 746 3980 ob
763 3927 791 3978 in
804 3943 856 3980 roa.
871 3925 897 3979 R
951 3926 983 3979 19
1001 3923 1169 3992 intelligitur
1183 3923 1260 3976 ΡΤΕ

131 4038 290 4101 iuaalmoR
344 4053 534 4116 qaaztenua
553 4047 631 4116 (erus.
649 4045 733 4115 nllR
786 4047 816 4100 iu
835 4047 918 4100 om.R
972 4047 1006 4100 28
1025 4013 1258 4113 ἰηςηιοηὲὶὴιιε

134 4143 188 4182 war.
203 4133 260 4185 sal
278 4135 304 4188 R
358 4152 464 4204 pquas
483 4135 509 4187 P
558 4137 594 4189 24
611 4135 718 4190 mederi
737 4152 767 4189 ez
793 4134 893 4188 mediri
912 4134 937 4186 R
990 4133 1024 4186 25
1043 4131 1164 4186 refertur
1183 4131 1260 4184 Vsu·

136 4223 290 4306 ΞΞιιιοξιξι
308 4219 389 4287 (eras
408 4239 451 4290 ne,
468 4227 501 4276 tu
518 4224 546 4275 in
563 4222 631 4288 ros.)
652 4223 685 4276 R.

1057 4345 1104 4399 15*
