3075 4967
379 263 613 320 tractatus'in
632 267 803 334 psalmum
824 264 969 320 CXXXIV.
1185 266 1248 329 703
1358 335 1362 340 ⁷

108 461 214 526 ieiunia
236 459 357 536 exarsit,
381 459 443 522 iam
466 457 569 521 odium
593 456 625 520 iu
649 475 787 522 amorem
807 458 998 522 demutatum
1015 462 1070 534 est,
1093 456 1156 520 iam
1171 457 1248 521 uitia

108 565 137 628 iu
158 564 304 629 uirtutum
327 563 390 628 uita
412 569 574 643 perempta
596 566 675 625 sunt.
996 560 999 566 '

150 669 195 735 15.
221 668 311 734 Fecit
334 687 408 752 ergo
425 667 569 732 dominus
592 664 734 741 omnia,
759 682 841 747 qua
864 664 1002 740 uoluit,
1025 660 1065 729 i'n
1088 664 1185 730 calo
1209 670 1249 729 ot

107 772 141 836 iu
164 777 281 851 terra,
312 773 349 836 in
381 771 481 836 mari
505 775 543 835 et
564 769 603 833 in
626 768 800 852 abyssis.
845 768 924 834 nihil
947 770 1031 835 enim
1054 769 1087 834 in
1109 768 1159 834 his
1182 790 1248 834 orn-

106 877 191 942 uibus
213 877 298 960 prius
321 875 447 940 homine
472 893 527 938 suo
549 872 664 946 habuit,
688 873 726 938 ob
752 890 843 955 quem
867 873 960 938 etiarn
984 873 1163 958 unigenitus
1182 875 1248 940 eius
1287 898 1300 936 a

106 981 176 1045 deus
198 980 292 1045 homo
323 979 440 1060 extitit3
473 985 505 1043 et
539 976 613 1043 lecit
646 978 706 1041 ista
740 978 918 1042 educens
951 979 1078 1043 nubea
1109 979 1155 1043 ab
1187 999 1247 1043 er-

105 1090 227 1149 tremo
253 1090 380 1148 terrae.
427 1082 559 1146 nubibus
583 1080 727 1145 domiuus
743 1081 902 1161 pracepit,
926 1101 966 1146 ne
981 1101 1075 1164 super
1089 1083 1248 1163 spinosam

104 1197 132 1252 et
152 1187 354 1252 infecundam
378 1185 502 1252 niueam
524 1185 680 1267 pluerent:
707 1185 913 1263 mandabo,
935 1184 1043 1269 inquit,
1060 1187 1246 1263 nubibus,

103 1312 146 1357 ne
168 1291 310 1376 pluant
339 1310 461 1373 super
495 1309 587 1370 eam.
633 1289 764 1372 cognoui
788 1295 818 1354 et
839 1289 966 1366 nubem,
989 1290 1021 1353 in
1044 1309 1106 1374 qua
1128 1290 1247 1357 locutus

102 1398 252 1462 estdeus:
277 1397 315 1460 in
338 1395 534 1472 columna,
556 1393 665 1477 inquit.
690 1393 808 1458 nubis
832 1391 1078 1477 loquebatur
1100 1396 1245 1488 adens.
1274 1419 1299 1452 10

103 1507 132 1564 et
154 1505 286 1566 testatm
319 1499 397 1564 mibi
421 1497 534 1590 Paulus
556 1498 589 1562 in
622 1497 683 1563 hac
717 1497 798 1562 nube
832 1519 893 1562 non
922 1497 988 1573 'hoc
1021 1497 1129 1577 solum,
1163 1501 1246 1583 quod

101 1604 220 1687 legitur.
243 1601 486 1688 intellegendum
522 1602 644 1667 dicens:
679 1621 727 1666 an
760 1602 946 1680 nescitis,
982 1603 1076 1685 quia
1108 1609 1246 1686 patras

101 1707 229 1772 nostri
263 1707 334 1773 sub
367 1706 471 1772 nube
505 1705 672 1792 luerunt
702 1711 741 1769 et
774 1706 814 1770 in
845 1705 1013 1789 Moysen
1043 1706 1246 1788 baptizati
1308 1743 1314 1763 ·

101 1810 214 1877 suut?
257 1812 356 1878 nubes
390 1810 459 1876 haeo
496 1812 599 1894 itaque
637 1808 794 1894 significat
832 1810 1002 1876 doctrinam
1037 1811 1245 1895 apostolicam,

100 1936 165 1999 qua
195 1917 379 1982 inumbrans
410 1921 441 1982 et
463 1935 481 1978 a
504 1914 605 1980 calore
640 1915 813 1980 defendens
847 1919 957 1980 astum
991 1934 1118 1979 omnem
1152 1917 1244 1981 futuri
1273 1933 1297 1971 1⁵

99 2020 198 2085 iudicii
224 2019 365 2085 excludit.
410 2021 492 2103 quod
508 2023 612 2084 autem
636 2040 654 2083 a
677 2019 856 2102 nouissimis
882 2024 973 2083 terrae
989 2018 1058 2096 aiut,
1082 2020 1245 2084 audiamus

99 2123 270 2204 apostolum
295 2124 464 2188 dicentem:
499 2129 594 2207 puto
629 2127 763 2189 autem
798 2122 895 2188 deus
929 2143 999 2187 noa
1033 2122 1245 2203 apostolos

99 2236 302 2293 extremos
340 2228 525 2294 ostendit
562 2228 670 2293 sicut
708 2227 930 2292 abortiuos.
988 2228 1131 2292 dominus
1169 2228 1244 2308 ipse.

98 2351 163 2396 cum
200 2331 241 2397 de
274 2331 342 2397 loco
365 2337 396 2397 et
420 2332 572 2416 dignitate
606 2332 688 2397 inter
723 2329 889 2412 discipulos
923 2351 1026 2396 sermo
1061 2336 1152 2409 esset
1186 2333 1243 2396 ait:

98 2437 161 2518 qui
196 2435 378 2501 uoluerit
416 2436 454 2500 in
491 2437 607 2501 uobis
646 2456 738 2501 esse
776 2436 940 2518 primus,
979 2437 1033 2500 sit
1069 2435 1242 2500 omniurn
1271 2454 1296 2492 a

98 2539 357 2604 nouissimus.
401 2538 459 2605 has
482 2559 557 2624 ergo
580 2539 678 2606 nubes
699 2541 776 2605 deus
798 2540 912 2617 omnia,
936 2560 1004 2623 quae
1031 2538 1104 2618 uult,
1127 2540 1245 2605 faciens

97 2663 114 2706 a
135 2643 315 2709 nouissimis
331 2651 422 2709 terrae
439 2644 548 2724 educit,
573 2649 604 2709 et
621 2642 701 2708 hanc
716 2644 946 2709 inumbrantem
963 2645 1138 2709 doctrinam
1153 2650 1243 2710 terrae

98 2745 227 2812 humilia
250 2747 403 2812 exhalant.

140 2851 190 2916 16.
216 2851 394 2936 Fulgura
424 2853 463 2917 in
493 2851 655 2933 pluuias
686 2852 797 2918 lecit.
845 2852 947 2937 fulgur
971 2859 1018 2918 est
1040 2853 1163 2918 uirtutis
1186 2873 1243 2919 cae·
1309 2901 1313 2906 -

96 2954 180 3020 lestis
219 2957 344 3041 agnitio,
379 2962 409 3021 et
442 2956 500 3022 hoc
533 2957 600 3038 ipse
635 2957 777 3022 dominus
813 2962 944 3022 testatur
978 2957 1101 3023 dicens:
1135 2957 1244 3023 siout
1270 2973 1295 3010 2⁸

97 3060 200 3125 enim
239 3059 380 3145 fulgur
417 3062 501 3126 erit
537 3061 582 3126 ab
617 3061 779 3126 oriente
813 3069 851 3126 et
884 3071 1002 3143 paret
1034 3081 1161 3145 usque
1195 3063 1242 3127 ad

97 3164 361 3244 occidentem,
385 3165 442 3229 ita
466 3165 547 3230 erit
569 3165 769 3230 aduentus
793 3164 880 3230 filii
903 3164 1090 3230 hominis.
1136 3163 1240 3230 ethoo

97 3267 223 3351 quidem
257 3269 300 3334 ita
332 3269 364 3334 in
399 3270 532 3346 domino,
568 3270 620 3353 qui
655 3288 716 3334 non
745 3269 776 3333 in
808 3269 892 3347 locis,
922 3277 955 3334 ut
986 3268 1164 3349 corporalia,
1187 3269 1243 3335 aad

137 3460 245 3514 cusai.
265 3459 298 3527 u,
317 3463 341 3514 o.
379 3459 650 3526 loPs.Xcvl11,⁷.
687 3461 720 3514 ra
738 3461 750 3514 1
770 3460 831 3514 cor.
843 3462 884 3526 ιο,
902 3463 915 3513 1
935 3477 974 3528 aq.
1013 3460 1046 3514 17
1064 3434 1078 3513 1
1096 3459 1157 3513 cor.
1176 3460 1237 3527 ao

95 3547 129 3600 ao
146 3547 232 3601 rutro.
251 3547 284 3614 x,
302 3549 345 3601 44.
380 3549 415 3600 nu
433 3546 533 3600 Maean.
551 3547 652 3614 xxru
668 3549 709 3601 ar.

136 3719 230 3774 2uita
249 3721 289 3774 Ge
312 3720 399 3774 uitam
425 3717 488 3772 Pub
542 3720 653 3788 bprius
683 3720 707 3772 G
735 3719 825 3788 (prius
845 3741 875 3762 =
895 3720 987 3788 potius
1014 3721 1057 3773 ael
1084 3718 1176 3772 carius
1205 3720 1240 3787 cf.

96 3805 175 3860 dead.
189 3825 218 3878 p.
236 3805 289 3874 35)
309 3807 400 3861 carius
421 3807 499 3859 PTE
549 3807 638 3861 dista
658 3807 683 3859 G
700 3806 741 3860 ita
759 3807 838 3860 ΡΓΕ
890 3807 1062 3875 7praacipit
1083 3807 1107 3858 G
1161 3806 1239 3861 Sin·

96 3891 257 3948 foecundam
285 3895 311 3947 Τ
370 3893 468 3962 inquid
499 3893 524 3946 G
585 3895 704 3948 nubibus
738 3893 791 3946 GP
818 3893 938 3948 nubibus
967 3893 1036 3947 meis
1065 3893 1090 3946 T
1151 3895 1184 3948 la
1211 3893 1241 3945 in

96 3981 261 4048 moysizl’
285 3982 315 4036 in
341 3997 436 4050 moysa
464 3981 489 4034 T
514 3981 543 4034 in
569 3996 645 4034 mose
663 3999 682 4030 α
710 3981 745 4050 cs.
773 3982 894 4034 Sabeller
921 3980 975 4046 III,
1004 3979 1061 4034 691
1116 3981 1240 4034 ianuae

95 4065 163 4120 hano
183 4068 209 4120 P
258 4068 386 4123 doctrina
413 4067 565 4136 apostolica
592 4085 622 4120 er
648 4067 776 4121 doctrina
799 4067 952 4136 apostoliea
971 4067 997 4119 P
1049 4069 1083 4121 la
1101 4066 1142 4120 sid
1159 4082 1240 4120 auor·

96 4152 166 4207 tiuos
185 4155 211 4208 P
278 4156 308 4209 al
340 4155 431 4209 uoluit
459 4155 484 4206 Τ
551 4155 587 4208 98
613 4159 644 4208 ut
672 4154 828 4222 corporalia
853 4156 918 4208 coni.
937 4153 1035 4207 Bencd.
1063 4155 1089 4206 ia
1117 4156 1180 4206 adn.
1209 4159 1241 4208 nt

97 4241 230 4307 corporali
251 4243 276 4294 G
295 4246 327 4296 ut
346 4241 497 4310 corporalia
517 4240 567 4294 PT
584 4240 776 4310 corporalibus
796 4258 816 4294 e.
856 4267 859 4270 ·
