3075 4967
1524 106 1530 243 l

317 281 378 346 560
658 281 777 334 sancti
795 279 931 334 Hilarii
949 281 1112 350 episcopi

315 481 359 538 te.
395 490 522 555 neque
552 470 644 534 luna
675 491 744 552 per
767 479 933 536 noctem.
978 471 1128 553 inpletam
1159 474 1242 538 enim
1273 473 1355 539 hanc
1386 495 1444 558 pro

314 577 451 658 photium
475 595 511 640 eo
534 581 670 654 tempore
694 581 809 656 putant,
833 593 893 658 quo
916 575 947 639 in
970 576 1115 655 passione
1132 578 1251 642 domini
1266 577 1332 644 sole
1347 577 1443 644 obscu-

313 689 378 745 rato
414 700 473 743 um
506 679 688 745 intercessit.
745 680 800 743 scd
838 679 950 744 iudicio
988 678 1098 744 horum
1134 680 1212 745 niluil
1251 683 1442 763 decerpimus.

313 805 414 868 neque
439 785 522 849 enim
538 803 665 849 sensum
681 782 902 867 intellegentiae
918 782 1009 849 huius
1025 785 1192 869 arguimus,
1215 787 1443 869 uniuscuiusque

274 921 286 958 a
314 889 438 953 arbitrio
452 887 671 971 relinquentes,
681 887 755 971 quid
767 907 805 952 en
818 887 876 965 luis,
886 908 954 971 qnae
966 895 1018 952 aut
1030 887 1163 973 legerint
1174 897 1228 954 aut
1239 890 1442 967 intellexerint,

313 993 401 1076 sequi
417 993 517 1076 magis
533 991 636 1056 uelint.
681 1012 738 1056 nos
755 998 856 1057 tamen
873 1011 935 1055 non
951 992 1105 1072 potuimus
1121 1013 1299 1058 sermonem
1314 1003 1442 1059 nostrum

312 1097 372 1161 nisi
396 1096 454 1174 his,
478 1117 546 1180 quun
570 1095 836 1179 intellegebamus,
860 1104 975 1176 aptare.

357 1201 385 1264 2.
412 1200 561 1266 Leuaui
585 1199 724 1264 oculos
754 1219 863 1265 meos
893 1200 932 1263 iu
963 1207 1127 1266 montes.
1173 1199 1316 1267 humanae
1338 1203 1443 1267 mentis

312 1312 420 1370 nature
443 1325 479 1370 ea
502 1313 558 1382 est,
578 1312 618 1369 ut.
643 1306 667 1367 si
692 1304 881 1387 cogitatione
904 1303 1020 1387 aliquid
1043 1305 1294 1386 contemplemur,
1309 1306 1395 1371 talem
1410 1326 1442 1371 se

261 1441 285 1478 ιο
311 1408 401 1474 nobis
423 1427 616 1492 unaquaque
646 1409 766 1488 species
797 1406 953 1482 exhibent,
985 1408 1109 1491 qualem
1141 1429 1209 1474 eam
1233 1420 1264 1474 et
1288 1410 1442 1493 cogitando

311 1513 488 1578 formemus.
533 1531 654 1595 quoquo
686 1513 769 1576 enim
800 1511 914 1576 mentis
945 1518 1058 1576 nosne
1088 1512 1191 1577 oculos
1222 1513 1442 1587 intenderimus,

311 1617 343 1681 id
366 1617 475 1696 ipsum,
498 1616 529 1680 in
553 1635 613 1698 quo
637 1615 728 1680 defixi
746 1622 826 1692 sunt,
850 1615 989 1680 referunt
1003 1618 1042 1681 ad
1059 1636 1195 1682 sensum.
1239 1625 1271 1683 et
1286 1627 1317 1682 ut
1330 1616 1442 1698 planius

310 1719 449 1804 intellegi
473 1720 513 1789 id,
537 1721 619 1803 quod
643 1719 758 1784 dietum
782 1734 839 1799 est,
863 1720 968 1802 possit,
992 1720 1170 1785 adferemus
1193 1720 1376 1801 exemplum.
1417 1721 1439 1783 si

311 1825 379 1908 quis
414 1824 524 1888 hiemis
560 1824 609 1888 die
642 1843 696 1888 uer
730 1823 913 1906 cogitauerit
943 1830 974 1888 et
1003 1830 1218 1889 ornamentum
1249 1826 1313 1890 eius
1335 1824 1440 1889 lumine

260 1959 284 1996 uu
310 1929 425 1994 mentis
448 1928 623 2008 inspexerit,
647 1927 823 1992 oblitterata
853 1926 966 2002 hieme,
999 1928 1031 1992 in
1062 1947 1125 2011 qna
1154 1929 1195 1994 sit
1224 1936 1316 2012 atque
1338 1927 1440 2011 algeat.

310 2039 409 2097 totum
432 2032 459 2096 ei
482 2033 513 2095 in
538 2051 628 2096 sensu
652 2050 706 2094 suo
731 2051 786 2094 uer
807 2049 879 2095 cum
902 2029 1008 2095 habitu
1033 2052 1087 2096 suo
1109 2039 1280 2115 ornatuque
1295 2033 1440 2098 consistet.

309 2138 386 2201 adeo
410 2136 522 2200 mentis
545 2134 622 2200 oculi
654 2135 748 2199 oculis
780 2135 915 2214 eorporis
945 2141 1102 2214 praestant,
1137 2144 1170 2200 ut
1191 2137 1317 2202 ineunte
1340 2138 1369 2201 in
1391 2155 1441 2199 nus

309 2239 462 2304 obliuione
486 2239 685 2320 praeentiam
716 2244 795 2303 totos
826 2258 881 2302 nos
912 2239 1048 2304 obtinent
1077 2239 1202 2323 quidam
1235 2241 1323 2323 qnasi
1346 2241 1440 2305 animo

309 2349 514 2425 presuuoptus
547 2363 619 2408 usus
654 2342 837 2408 absentium.
894 2342 952 2406 hoe
987 2343 1082 2426 igitur
1115 2362 1175 2427 quo
1213 2352 1341 2425 spectet,
1376 2363 1439 2408 mor

258 2477 282 2516 πο
309 2448 492 2514 uidebimus.
1528 2436 1529 2461 ³

353 2552 382 2617 3.
414 2552 512 2616 Leuut
548 2551 580 2615 in
618 2558 740 2615 montes
778 2550 930 2632 prophete
967 2551 1078 2615 oculos.
1135 2571 1286 2634 quosnam
1324 2547 1441 2616 oculos?

309 2675 422 2736 nempe
446 2654 485 2719 de
509 2654 619 2738 quibus
643 2654 792 2734 scriptum
817 2661 880 2719 est:
914 2655 1053 2720 reucla
1087 2655 1225 2720 oculos
1260 2675 1376 2732 meos,
1407 2661 1441 2718 et
1527 2692 1528 2755 ἰ

309 2778 553 2842 cognoscam
590 2757 798 2822 mirabilia
834 2760 879 2823 de
909 2757 1001 2842 lege
1032 2767 1113 2837 tua;
1137 2773 1167 2823 et
1189 2779 1327 2824 rursum:
1358 2777 1442 2839 pru·

309 2871 468 2944 ceptum
495 2863 643 2926 donnini
675 2861 862 2940 lucidum,
892 2862 1143 2928 inluminans
1166 2863 1315 2929 oculos.
1358 2881 1442 2927 num·

256 2997 280 3032 a,
308 2967 383 3050 quid
406 2988 466 3030 non
490 2966 539 3030 isti
563 2966 640 3031 oculi
665 2967 760 3030 nostri
784 2965 935 3050 corporali
960 2966 1075 3032 lumine
1104 2967 1144 3031 ad
1175 2967 1442 3047 contemplandum
1526 2982 1527 3017 u

308 3071 428 3136 accensi
449 3059 557 3135 ¹sunt-⁶?
603 3071 751 3152 numquid
785 3090 848 3134 non
882 3076 1024 3134 naturam
1059 3071 1185 3135 uidendi
1220 3070 1318 3135 sortiti
1354 3069 1442 3134 sont?

308 3193 376 3257 quae
392 3173 582 3238 inluminatio
604 3173 652 3238 uel
676 3193 744 3257 quae
765 3173 912 3238 renelutio
928 3174 987 3238 erit
1002 3173 1198 3241 necessaria?
1244 3175 1358 3240 deinde
1380 3191 1443 3256 qna

307 3279 402 3343 uisuri
425 3277 578 3342 mirabilia
607 3278 637 3341 in
668 3275 762 3362 lege?
809 3279 867 3342 nisi
894 3278 972 3344 sorte
1001 3279 1032 3342 in
1063 3278 1145 3343 casis
1175 3277 1255 3343 festa
1285 3278 1443 3350 frondium,

307 3383 338 3446 iu
372 3382 487 3463 templo
520 3382 671 3466 pecudum
711 3382 907 3465 sanguinem,
944 3382 975 3447 in
1013 3381 1133 3463 pasche
1169 3384 1245 3467 agni
1281 3383 1443 3455 uictimam,

349 3515 383 3565 22
401 3513 446 3566 Ps.
466 3512 586 3580 CXVIII,
606 3515 645 3566 te.
681 3514 716 3566 tt
734 3513 777 3564 Ps.
796 3512 894 3580 XVIII,
913 3516 937 3566 9.

349 3627 365 3679 2
384 3642 438 3693 quo
449 3641 481 3668 -Ξ
492 3626 517 3678 Ρ
568 3627 585 3680 3
603 3624 706 3678 iudicio
723 3624 822 3678 horum
842 3625 869 3689 (o
885 3624 986 3678 horum
998 3626 1026 3678 in
1037 3642 1089 3678 raa.
1099 3643 1132 3678 m.
1145 3623 1173 3684 ll
1187 3624 1211 3675 R
1229 3625 1335 3680 iudicio
1353 3637 1444 3678 eorum

306 3713 356 3765 PT
372 3712 538 3766 iudiciorum
556 3731 575 3763 α
627 3715 762 3766 ductura
786 3728 818 3764 ea
843 3712 867 3764 l'
887 3717 987 3766 natura
1013 3729 1044 3764 ce
1070 3717 1187 3765 naturae
1213 3713 1240 3765 R
1265 3718 1383 3766 naturae
1400 3707 1447 3763 Vr

306 3800 525 3868 contemplemur
552 3817 582 3852 en
608 3798 891 3866 contemurmplemur
917 3817 950 3851 m.
978 3796 998 3851 2
1030 3798 1056 3852 V
1113 3798 1198 3852 talem
1226 3799 1306 3853 RPT
1332 3797 1396 3851 telis
1426 3793 1448 3844 l'

307 3888 338 3939 12
366 3887 395 3938 in
423 3902 477 3952 quo
495 3883 578 3938 defixi
597 3885 673 3938 RPT
690 3885 718 3936 in
738 3884 811 3952 qnod
829 3883 877 3937 fixi
897 3883 941 3948 (in
958 3886 1019 3938 add.
1037 3902 1070 3937 m.
1089 3881 1123 3950 2)
1147 3884 1173 3937 V
1223 3889 1289 3938 runt
1307 3898 1445 3938 acuamus

306 3970 377 4024 uu?
400 3971 424 4024 V
475 3973 507 4025 16
532 3977 621 4024 toturn
641 3969 664 4024 d
684 3971 708 4022 n
761 3988 863 4024 uer-
881 3987 931 4025 suo
949 3987 998 4024 om.
1017 3970 1043 4023 R
1094 3971 1129 4024 tt
1153 3969 1230 4024 leuat
1247 3971 1328 4024 121⁷?
1345 3966 1444 4023 leuauit

305 4075 370 4126 ergo
394 4058 420 4110 V
476 4059 511 4112 22
539 4059 673 4112 scribtum
701 4063 743 4112 est
776 4058 825 4110 VP
883 4059 917 4112 28
936 4057 970 4112 de
996 4057 1058 4126 lege
1084 4062 1134 4111 tua
1158 4058 1220 4111 VRe
1247 4057 1301 4122 (ito
1328 4059 1403 4112 etiam
1416 4073 1443 4126 p.
1522 4048 1523 4075 u

1013 4137 1021 4164 1

304 4175 368 4242 381,
397 4179 411 4230 7
444 4177 546 4248 VRI'p)
574 4193 608 4231 ex
635 4179 696 4247 lege
723 4184 772 4233 tue
798 4179 848 4231 PT
907 4182 942 4234 28
968 4178 1108 4232 mirabilia
1125 4179 1152 4232 n
1212 4179 1241 4231 in
1269 4179 1343 4232 casis
1370 4176 1443 4230 (illl

306 4265 334 4316 in
354 4264 443 4318 causis
462 4265 493 4318 P.
