3075 4967
577 266 774 335 Appendix,
1185 266 1249 331 879

104 468 247 530 cantatus
280 466 343 539 ost;
377 461 433 526 sed
464 460 536 542 quia
564 457 595 521 in
619 456 679 521 alia
701 456 857 521 dominica
879 456 930 522 die
952 456 1051 523 lectus
1073 462 1122 523 est
1144 466 1249 523 sextus

105 568 243 649 psalmus
266 572 297 631 et
320 584 375 630 nos
398 584 453 649 pro
476 561 677 646 aegrotatione
693 561 890 643 interpretari
905 580 967 625 non
982 558 1145 642 potuimus,
1169 582 1250 627 nunc

104 680 209 739 autem
224 671 322 736 lectus
339 676 386 734 est
408 667 559 748 septimus
576 664 714 749 psalmus
731 701 772 712 -
788 663 1004 731 hebetantem
1020 665 1141 731 titulum
1161 667 1250 732 istius

105 776 205 841 modi:
239 774 421 855 psalmus
454 771 583 848 Dauid,
618 789 736 853 quem
770 771 955 834 cantauit
990 771 1151 835 domino
1181 790 1250 851 pro

107 878 244 945 uerbis
276 875 399 943 Olrusi
430 874 514 940 lilii
544 872 700 939 lamini.
745 873 852 939 uidete
882 874 1037 957 mysteria.
1083 894 1144 938 non
1174 894 1250 958 ergo
1291 898 1303 935 r

106 986 167 1049 iste
189 985 256 1049 sine
278 1002 372 1047 eausa
394 980 510 1060 scripta
532 984 610 1045 sunt
656 979 687 1043 in
719 979 828 1061 quinto
862 978 989 1043 dicitur:
1019 998 1075 1059 pro
1105 998 1150 1056 ea,
1180 998 1251 1062 qum

107 1088 311 1154 hereditatem
328 1085 538 1169 consequitur3
562 1084 591 1148 in
610 1089 696 1148 serto
712 1082 840 1147 dicitur:
856 1102 911 1163 pro
928 1088 1051 1160 octaua3
1071 1084 1101 1147 in
1118 1084 1251 1164 septimo

104 1193 232 1257 dicitur:
257 1210 311 1271 pro
334 1188 437 1254 uerbis
462 1186 557 1253 Ghnsi
582 1186 636 1251 lilii
661 1186 782 1251 lemini.
828 1186 941 1252 uidetis
955 1206 1039 1270 ergo.
1059 1193 1176 1270 quanta
1190 1188 1253 1253 sint

105 1302 246 1362 contexta
281 1292 437 1378 mysteria.
490 1312 559 1373 pro
594 1310 644 1369 ea,
684 1310 767 1374 queo
802 1289 1078 1356 hereditatem
1114 1309 1251 1356 conse·

105 1402 259 1484 quitur:
284 1416 353 1483 qum
375 1398 407 1463 in
431 1397 536 1481 quinto
559 1394 680 1477 psalmo
704 1394 930 1475 disputauimus
947 1394 1197 1475 interpretantes,
1213 1415 1252 1460 ex
1279 1417 1304 1453 ιο

105 1523 238 1588 persons
273 1502 411 1568 ecclesiae
446 1499 600 1583 psalmum
634 1498 730 1565 luisse
754 1506 919 1567 cantatum.
951 1519 1020 1583 quae
1044 1498 1251 1565 hereditatem

106 1608 222 1674 Christi
257 1612 422 1672 consecuta
445 1611 502 1671 est.
548 1608 653 1669 sertus
683 1623 756 1669 uero
787 1603 910 1684 proprie
933 1605 972 1668 ad
996 1605 1252 1669 resurrectionem

106 1714 250 1794 pertinet,
285 1730 354 1795 quae
389 1710 440 1775 die
474 1713 584 1775 octeua
617 1720 672 1773 ost.
717 1726 773 1771 nos
808 1708 892 1772 enim
931 1713 962 1772 et
999 1708 1082 1773 diem
1118 1710 1251 1789 primum

107 1817 262 1881 habemus
296 1820 327 1879 et
360 1814 444 1879 diem
478 1818 627 1878 octauam.
674 1818 781 1877 octauo
811 1811 879 1877 dies
910 1819 957 1877 cst
986 1819 1055 1893 post
1077 1811 1252 1889 sabbatum,

106 1922 208 2004 prima
229 1918 261 1983 in
284 1918 444 1999 principio.
489 1916 617 2000 longum
641 1923 698 1989 est,
722 1916 748 1980 si
771 1934 854 1980 nunc
876 1915 1065 1981 uoluerimus
1086 1916 1190 1981 dicere
1212 1918 1252 1981 de
1279 1945 1304 1981 ro

109 2023 263 2089 octonario
286 2040 423 2089 numero.
454 2022 608 2104 quomodo
632 2025 701 2086 octo
724 2020 931 2086 beatitudines
952 2019 1016 2084 sint
1038 2020 1069 2083 in
1094 2020 1253 2098 Motthaeo‚

108 2126 263 2211 quomodo
296 2127 327 2190 in
361 2126 532 2190 centesimo
562 2136 669 2189 octauo
701 2124 823 2188 decimo
846 2122 967 2205 psalmo
989 2122 1121 2207 singule
1144 2123 1253 2189 litterae

107 2242 234 2296 octonos
247 2248 357 2295 uersus
370 2228 513 2305 habeant,
525 2230 679 2312 quomodo
697 2228 877 2312 quindecim
891 2226 1003 2309 psalmi
1013 2228 1077 2293 sint
1088 2230 1252 2312 graduum,

109 2336 262 2419 quomodo
297 2340 416 2415 septem
440 2338 472 2398 ot
494 2338 560 2398 octo
584 2332 646 2413 sint
676 2340 706 2397 st
736 2334 891 2415 quomodo
915 2331 1120 2397 Ecclesiastes
1154 2333 1253 2398 dicat:

109 2441 203 2505 date
240 2444 394 2520 partem
435 2441 600 2518 septem,
639 2437 730 2501 date
767 2441 923 2517 partem
961 2442 1058 2513 octo,
1097 2438 1305 2520 quomodote

107 2542 266 2609 orientalis
300 2548 387 2624 porta
420 2541 452 2605 in
487 2539 632 2606 Ezechiel
670 2539 782 2606 habeat
819 2548 939 2621 septem
973 2541 1088 2625 gradus
1123 2547 1153 2606 et
1186 2545 1252 2605 octo

108 2646 242 2731 gradus3
271 2646 398 2729 longum
422 2652 469 2711 est
492 2646 604 2722 dicere,
635 2646 789 2728 quomodo
813 2650 844 2709 et
876 2650 1003 2709 octauus
1034 2652 1082 2710 est
1112 2646 1151 2710 de
1180 2643 1253 2711 filiis

108 2751 196 2816 Iesse
220 2750 328 2827 Dauid,
351 2750 404 2834 qui
427 2750 546 2831 occepit
567 2768 709 2832 regnum.
756 2746 909 2830 niueam,
932 2750 1015 2832 quod
1038 2768 1120 2815 nunc
1143 2749 1255 2815 dicitur

107 2856 147 2919 de
171 2860 304 2932 octaua;'
317 2855 347 2917 in
372 2859 481 2919 octauo
503 2854 587 2918 enirn
611 2872 667 2917 nos
689 2853 866 2933 accepimus
882 2872 979 2936 regua
994 2853 1147 2931 caelorum,
1170 2855 1255 2919 unda

108 2958 198 3023 dicit:
223 2958 392 3035 dominc,
422 2977 469 3022 ne
492 2957 531 3022 in
555 2956 694 3023 furore
717 2963 783 3024 tuo
807 2977 956 3041 arguas
979 2979 1038 3024 me
1060 2978 1191 3043 nequo
1215 2961 1252 3024 in
1281 2984 1306 3021 rr

107 3063 169 3127 ira
203 3068 268 3127 tua
301 3061 505 3143 corripias
540 3080 607 3127 me.
653 3064 709 3127 sed
741 3062 888 3144 quoniam
912 3064 951 3127 de
975 3065 1094 3130 duobus
1124 3062 1254 3145 psalmis

107 3166 225 3247 paritor
247 3165 442 3247 interpretari
467 3184 526 3230 non
551 3184 723 3249 possumus,
748 3164 864 3230 sufficit
886 3166 976 3230 nobis
992 3167 1031 3231 de
1047 3167 1125 3231 serti
1141 3166 1253 3247 psalmi

107 3268 197 3334 titulo
220 3270 403 3349 disputasse.
449 3288 530 3334 nunc
558 3269 722 3333 ueniamus
754 3272 794 3334 ad
825 3269 949 3348 septimi
973 3270 1139 3347 exordium,
1171 3272 1253 3353 quod

108 3374 152 3437 ito
174 3373 296 3453 incipit:
332 3373 511 3454 psalmus
548 3371 688 3449 Dauid,
723 3391 839 3455 quem
875 3374 1059 3437 cantauit
1092 3374 1253 3439 domino

108 3497 179 3557 pro
216 3477 354 3543 uerbis
391 3476 517 3542 Ghusi
551 3476 634 3541 lilii
668 3476 823 3540 lemini.
868 3474 979 3540 multos
1012 3476 1076 3541 scio
1106 3484 1138 3543 et
1167 3468 1253 3544 corte
1279 3502 1305 3541 so

111 3582 335 3646 eruditissimos
365 3582 447 3645 uiros
482 3580 564 3646 hunc
599 3579 719 3645 titulum
751 3580 794 3643 ite
817 3580 1033 3660 interpretatos
1064 3580 1177 3647 fuisse:
1209 3602 1253 3660 eo,

111 3682 261 3766 inquiunt,
278 3692 425 3767 tempore,
441 3704 502 3768 quo
517 3684 682 3750 insurrexit
698 3682 874 3749 Abessalon
889 3690 997 3749 contra
1012 3684 1115 3750 Dauid
1131 3691 1254 3766 patrem

111 3806 202 3853 snum
225 3826 264 3835 -
289 3808 393 3873 quaeso
428 3808 492 3865 uos,
527 3797 560 3853 ut
593 3788 759 3870 patientius
795 3788 944 3854 audiatis:
978 3789 1146 3869 scripturas
1169 3790 1254 3855 enim

156 4010 270 4069 ldr'iioa
314 4015 522 4085 {legrotatione
544 3974 693 4101 ‘oneng
740 4016 769 4069 ll
791 4018 876 4103 ecclc
918 4020 949 4070 13
967 4017 1060 4085 primd
1106 4020 1139 4071 14
1156 4022 1254 4073 octaud

112 4154 145 4207 16
165 4110 246 4221 quomo]
300 4153 411 4208 matheo
465 4157 497 4209 19
516 4156 653 4242 coelestes
706 4158 741 4209 28
760 4154 852 4222 hiclll
866 4163 908 4212 est
960 4159 995 4211 33
1014 4175 1106 4225 queso,
1126 4160 1152 4209 iu
1170 4131 1253 4227 marq.

110 4259 146 4294 rn.
165 4240 181 4293 1
199 4244 275 4295 add„-
293 4240 456 4295 Parentesis.
