3075 4967
262 281 324 345 252
601 281 718 334 sanct-i
742 281 877 334 Hilarii
902 281 1064 349 episcopi

261 471 335 538 eius.
380 472 438 536 deo
460 472 565 554 itaque
588 470 778 536 iubilandum
804 477 858 550 eet,
893 471 966 554 quia
989 472 1128 536 debitum
1152 473 1181 536 ai
1205 493 1223 535 a
1246 472 1337 537 nobis
1360 481 1401 536 est

262 575 425 641 exultantis
448 576 532 640 uocis
554 574 701 640 cilicium.
745 573 939 655 psallendum
955 582 1073 640 -autem
1104 576 1221 640 nomini
1253 577 1318 641 eius
1348 581 1401 656 est,

262 680 342 763 quia,
365 685 399 744 ut
421 699 477 760 per
498 698 650 762 organum
674 679 813 761 psalmus
836 685 892 757 est
915 679 958 743 ita
982 684 1014 744 et
1035 683 1172 760 corporis
1196 681 1301 768 nostri,
1324 680 1402 763 quod

261 785 372 848 animae
396 791 428 850 et
450 783 633 848 adfectionis
657 788 690 848 et
711 782 905 864 negotiorum
928 783 1065 848 omnium
1077 803 1228 867 organum
1253 788 1308 861 est,
1330 783 1401 848 arti·

224 914 236 949 s
264 888 378 953 ficiosis
401 888 545 968 operibus
568 893 617 952 est
639 887 836 968 placendum.
882 887 977 970 digne
1001 906 1078 971 ergo
1094 888 1142 953 dei
1160 887 1286 953 nornine
1309 907 1401 971 agen·

261 993 334 1056 dum
359 999 413 1063 est.
436 998 470 1057 ut
491 993 522 1056 in
547 998 694 1074 quantum
713 991 796 1056 estici
815 989 893 1069 licet,
917 991 1009 1056 dictis
1025 992 1140 1056 domini
1156 992 1402 1058 obsecundemus

261 1097 406 1162 dicentis:
430 1097 489 1162 sic
511 1094 796 1161 luceatlumen
813 1103 994 1161 uestrum
1012 1115 1143 1161 coram
1160 1096 1403 1173 hominibus,

260 1209 301 1265 ut
322 1201 490 1266 uideant
513 1221 634 1282 opera
665 1205 805 1265 uestra
838 1201 942 1265 bona
973 1207 1010 1265 ot
1039 1201 1315 1284 magnificent
1343 1221 1402 1281 pa-

261 1314 359 1370 trem
396 1314 585 1381 uestrum,
624 1305 689 1387 qui
729 1305 767 1369 in
802 1304 914 1370 omlis
952 1311 1022 1369 est.
1067 1305 1138 1370 nita
1172 1305 1257 1372 enim
1291 1309 1402 1370 nostra

210 1431 234 1467 n
261 1408 408 1475 honestas
431 1410 471 1474 ad
494 1409 558 1474 eius
582 1408 704 1474 laudem
728 1409 787 1473 erit
810 1409 981 1487 reserenda,
1005 1409 1052 1474 cui
1082 1409 1223 1475 uiuimus.
1268 1409 1403 1492 denique

260 1513 394 1596 idipsum
418 1533 456 1578 ex
479 1513 625 1578 subiectis
649 1515 784 1578 docetur.
829 1512 967 1596 sequitur
1001 1513 1102 1578 enim:
1137 1511 1309 1594 psallite
1343 1531 1402 1577 no

260 1619 356 1682 mini
392 1617 485 1692 cius,
520 1618 612 1681 date
646 1616 825 1701 gloriam
859 1615 1091 1681 laudationi
1125 1617 1222 1692 eius,
1261 1617 1333 1699 quia
1368 1637 1403 1682 ex

260 1723 368 1804 organi
391 1721 487 1789 nostri
510 1721 662 1800 psalterio,
686 1721 718 1786 id
741 1729 789 1786 est·
811 1722 947 1801 corporis
971 1721 1082 1785 animae
1106 1719 1283 1786 famulantis
1311 1718 1403 1785 effec-

261 1825 341 1889 tibus
363 1826 518 1905 piabatur
540 1846 594 1905 per
617 1844 673 1889 nos
695 1827 754 1890 deo
781 1824 914 1910 gloriosa
929 1825 1071 1902 laudatio,
1096 1844 1167 1890 cum
1182 1831 1294 1908 gentes
1309 1843 1402 1904 opera

209 1949 233 1986 n
260 1936 365 1993 nostra
387 1934 565 1993 contuentes
588 1937 707 2009 patrem
723 1935 873 2004 nostrum,
898 1929 998 2012 quiin
1025 1929 1108 1994 caelis
1124 1937 1179 2006 est
1192 1926 1403 2011 magnificent

260 2042 291 2098 et
314 2033 436 2097 dabitur
465 2033 547 2098 laudi
570 2033 635 2098 eius
658 2034 764 2117 gloria,
796 2035 822 2098 si
853 2033 947 2116 digne
977 2033 1093 2098 nomini
1124 2035 1189 2098 eius
1219 2032 1336 2116 organi,
1372 2031 1403 2095 id

260 2144 308 2202 est
331 2139 466 2218 corporis
489 2139 595 2216 nostri,
618 2138 795 2217 operatione
818 2136 994 2218 psallamus.
1361 2124 1365 2132 ⁴

304 2259 331 2323 6.
357 2259 511 2324 Docamur
534 2259 628 2324 etiam
652 2259 911 2342 consequentibus
935 2259 1060 2324 innuitis
1082 2259 1121 2322 ad
1145 2259 1286 2323 ordinem
1310 2257 1402 2322 obse·

261 2363 370 2446 quella
409 2363 558 2444 propheta
587 2363 636 2428 uel
671 2363 778 2443 spiritu
814 2383 870 2442 per
903 2361 1087 2443 prophetam
1121 2363 1165 2426 ita
1199 2362 1404 2427 admonente:

207 2483 232 2519 ²⁰
260 2467 388 2532 dieite
418 2468 503 2532 dac:
535 2487 650 2550 quam
681 2465 895 2531 terribilia
924 2473 1017 2530 sunt
1050 2487 1171 2547 opera
1206 2466 1286 2530 tua!
1332 2466 1404 2548 quis

260 2573 343 2636 enim
366 2592 426 2634 non
452 2571 585 2652 trepidat
614 2572 653 2635 ad
677 2571 870 2636 maiestatem
902 2571 975 2646 eius,
1006 2571 1057 2653 qui
1088 2569 1201 2635 aaecula
1223 2569 1403 2644 instituerit,

260 2676 409 2739 mundum
433 2676 615 2751 condiderit,
646 2682 785 2754 tempora
815 2673 973 2739 reuolubili
1004 2673 1216 2739 uicissitudine
1246 2691 1403 2757 cursuque

260 2779 418 2844 dimensus
441 2780 488 2853 sit,
512 2778 621 2843 caelum
640 2779 731 2844 astris
746 2777 910 2854 ornauerit,
934 2785 1048 2842 terrem
1063 2778 1213 2842 fructibus
1226 2777 1404 2857 repleueritt

259 2904 344 2948 mare
368 2883 506 2948 obicibus
536 2883 727 2953 concluserit.
761 2882 919 2947 hominem
953 2891 986 2947 ut
1018 2881 1067 2946 his
1102 2888 1154 2946 aut
1183 2888 1320 2946 uteretur
1350 2889 1406 2946 aut

206 3001 232 3039 π
259 2989 468 3052 dominaretur
491 2987 643 3071 elegerit?
677 3008 733 3068 per
747 2987 817 3052 heac
832 2988 915 3051 anim
932 2986 1035 3050 omnia
1050 2985 1172 3050 uirtutis
1187 3005 1223 3050 uc
1239 2985 1404 3066 potestatis

258 3091 322 3156 eius
345 3092 501 3156 aetemitas
524 3093 668 3168 noscitur,
691 3090 827 3172 apostolo
851 3091 987 3155 dicente:
1022 3109 1105 3172 quse
1129 3090 1234 3154 enim
1258 3089 1404 3154 inuisi-

258 3194 1005 3275 biliaeius‚acreaturamundiipsius
1029 3195 1156 3258 luctis
1179 3192 1402 3260 intellecta

300 3391 316 3438 7
335 3387 432 3440 Matth.
451 3387 483 3452 V,
503 3390 543 3441 16.
579 3388 613 3440 26
632 3387 710 3441 Rom.
730 3387 749 3452 l,
768 3389 811 3441 20.

300 3582 314 3633 l
333 3579 398 3646 quia
417 3578 470 3630 PE
485 3578 783 3647 quiazuti-ssinfine
794 3575 844 3638 sol.
859 3577 884 3628 R
903 3573 960 3640 (ubi
969 3577 1038 3628 locus
1048 3578 1125 3628 etiam
1138 3577 1224 3644 insen.
1234 3575 1403 3628 admotione

255 3665 405 3736 corruptae)
459 3682 476 3716 a
493 3665 572 3718 nobis
590 3665 605 3717 ὃ
625 3663 776 3716 exultantia
795 3663 834 3715 Re
852 3679 868 3716 a
886 3661 965 3716 nobis
984 3661 1135 3716 exultantis
1148 3661 1188 3714 Pb
1239 3663 1257 3714 2
1275 3661 1404 3716 officium

256 3753 295 3805 Re
312 3751 435 3805 oliicium
447 3759 489 3804 est
499 3752 539 3804 Pb
591 3749 767 3820 psallendum
785 3749 1057 3817 autem—psalmus
1071 3749 1209 3802 ostenuit
1264 3752 1296 3803 16
1314 3747 1403 3817 digne

257 3838 309 3890 PE
330 3839 408 3906 digni
432 3839 457 3890 R
511 3841 544 3892 la
570 3837 656 3891 etiam
679 3838 732 3889 PE
754 3852 821 3904 ergo
847 3837 872 3888 Jt
897 3837 929 3898 cs.
955 3837 1062 3905 Epirem.
1087 3837 1175 3888 Austr.
1201 3833 1275 3890 1889
1294 3855 1324 3906 p.
1342 3833 1402 3888 984

257 3924 503 4043 ¹:consequentibus
514 3975 557 4040 (in
565 3994 636 4044 supr.
645 3993 694 4029 sor.
704 3993 737 4028 m,
747 3973 780 4041 2)
792 3975 818 4027 P
873 3973 1049 4061 obsequellee
1057 3975 1085 4036 (θ
1094 3975 1122 4026 in
1130 3972 1197 4038 rua.)
1208 3974 1235 4027 R
1243 3921 1403 4042 obseqnllle

256 4078 318 4143 (sic)
338 4080 365 4132 P
417 4082 448 4132 19
467 4082 506 4133 ita
523 4097 571 4133 om.
590 4080 616 4133 R
667 4083 701 4133 21
720 4079 796 4132 enim
814 4081 874 4131 cdd.
892 4095 926 4131 m,
945 4077 965 4130 2
982 4079 1007 4131 V
1056 4079 1090 4131 22
1108 4083 1235 4146 tempora
1253 4080 1402 4146 persicas

255 4164 395 4220 dimensus
406 4166 441 4219 sit
457 4167 482 4218 V
530 4168 565 4221 26
582 4167 757 4220 enimomV
808 4165 921 4218 uirtutis
935 4165 1211 4234 signapotestatisV
1259 4167 1294 4219 26
1307 4169 1402 4219 aetar-

255 4255 327 4306 nitas
345 4251 656 4306 acommodatum?
677 4252 705 4305 V
752 4254 787 4305 27
805 4252 886 4304 iactis
906 4252 1013 4305 Plauti
1033 4249 1077 4316 (aa
1093 4250 1161 4304 lacit
1182 4251 1218 4316 ll)
1240 4251 1292 4304 Rc.
