3075 4967
277 277 340 343 184
540 310 543 314 ι
614 278 730 331 sancti
754 243 889 330 Hilarii
914 277 1076 346 episcopi

276 469 361 535 enim
383 468 565 554 gloriabitur
586 475 708 533 castum
731 488 765 532 se
789 467 905 533 habere
927 487 980 532 cor
1003 487 1107 532 coram
1123 469 1181 532 dec
1203 487 1263 531 uec
1289 467 1314 532 si
1330 466 1420 530 unius

276 573 337 639 diei
359 572 452 638 fuerit
474 573 599 638 inians?
620 579 765 637 manente
787 571 818 635 in
843 571 932 636 nobis
947 572 1042 636 etiam
1058 571 1229 636 secundum
1247 571 1422 652 apostolum

277 687 308 742 et
329 678 450 762 origine
473 685 504 741 et
525 676 595 761 lege
618 676 743 756 peccati.
791 695 849 738 uon
875 695 950 759 ergo
974 675 1168 740 conscientiae
1193 675 1339 740 humane
1360 695 1424 740 uox

275 784 336 847 ista
356 782 529 847 conueniet.

237 931 250 966 e
320 904 350 968 5.
374 903 437 968 Sed
460 903 631 980 uideamus,
643 923 683 968 nc
706 903 785 967 forte
810 902 876 967 eius
899 898 1045 984 querellis
1068 900 1121 966 hic
1144 902 1308 986 abnegate
1330 902 1369 965 de
1387 923 1424 966 se

277 1008 447 1092 iniquitatis
471 1013 616 1090 conpetat
638 1028 750 1085 serino,
775 1007 827 1091 qui
849 1011 1011 1087 peccatum
1046 1025 1107 1071 nou
1142 1006 1217 1070 tecit
1247 1013 1277 1072 et
1306 1006 1335 1069 in
1360 1027 1427 1088 quo

277 1115 421 1178 inuentus
444 1111 533 1177 dolus
556 1133 617 1177 non
641 1119 695 1188 est,
719 1112 827 1193 quiet
857 1110 982 1176 dixerit:
1017 1131 1113 1176 ecce
1146 1111 1288 1175 ueniet
1315 1111 1427 1194 prin-

277 1237 374 1298 ceps
390 1217 525 1282 mundi
550 1223 588 1282 et
608 1236 684 1281 non
708 1217 897 1280 inueniet
919 1215 957 1279 in
978 1235 1036 1279 me
1053 1215 1287 1299 quicquam:
1303 1214 1427 1295 peccati

277 1320 396 1386 scilicet
417 1323 448 1386 in
472 1340 506 1386 se
529 1320 715 1386 calumniam
738 1340 801 1384 non
824 1319 1050 1401 reperiendam,
1066 1340 1123 1400 per
1146 1319 1228 1402 quod
1244 1320 1284 1382 de
1297 1327 1428 1399 peccato

226 1449 250 1485 ιο
278 1432 443 1510 peccatum
465 1426 727 1489 condemnaturus
743 1431 827 1489 esset
842 1423 872 1488 in
890 1443 991 1488 carne.
1037 1443 1112 1508 ergo
1128 1423 1179 1487 hic
1193 1421 1429 1506 intellegendus

277 1536 325 1594 est
346 1529 491 1612 conqueri
526 1536 680 1608 captatam
714 1529 853 1594 ιιιίιιιιιιιι
875 1546 965 1593 suam
988 1534 1019 1592 et
1041 1527 1174 1592 inruisse
1197 1526 1228 1590 in
1253 1547 1287 1592 se
1317 1525 1429 1592 sortes

278 1634 331 1717 qui
355 1641 386 1698 et
408 1632 514 1697 habuit
537 1631 618 1697 hanc
637 1631 783 1715 querellae
805 1633 1011 1708 securitatem,
1034 1638 1069 1695 ut
1091 1632 1122 1696 iu
1146 1653 1179 1695 se
1195 1650 1296 1715 neque
1311 1630 1430 1712 iniqui·

277 1742 375 1802 mmm
396 1756 499 1820 neque
522 1744 683 1818 peccatum
708 1756 779 1801 esse
802 1735 1006 1816 profiteretur,
1038 1742 1070 1800 et
1093 1735 1145 1819 qui
1169 1736 1237 1800 sine
1260 1734 1430 1816 iniquitate

278 1841 450 1906 cucurrisse
473 1861 507 1904 se
531 1840 642 1905 dixerit
664 1841 835 1904 secundum
862 1838 953 1904 illud:
985 1839 1188 1904 exultauit
1212 1846 1251 1903 ut
1274 1839 1430 1923 gigans

226 1968 250 2004 a
277 1946 324 2011 ed
347 1945 592 2009 currendam
616 1945 727 2010 uiam.
762 1965 954 2008 asummc
985 1944 1081 2009 ca‘lo
1115 1943 1305 2028 egressio
1336 1943 1431 2006 eius

278 2055 316 2113 et
337 2068 532 2113 occursus
556 2049 643 2113 eius
665 2067 794 2133 usque
817 2049 863 2112 ad
888 2068 1081 2112 summum
1104 2048 1201 2112 eius,

321 2178 349 2242 6.
373 2177 434 2243 Hic
456 2198 532 2263 ergo
566 2178 648 2243 solus
682 2198 809 2244 currens
843 2178 965 2258 direxit,
1000 2177 1052 2261 qui
1086 2177 1275 2241 infirmitatis
1309 2183 1432 2242 nostrae

278 2281 451 2347 humilitate
485 2290 629 2364 suscepta
662 2301 807 2367 egressus
841 2281 943 2362 ceelcs,
978 2300 1138 2366 regressus
1173 2281 1214 2346 ad
1236 2279 1338 2358 calos,
1373 2282 1430 2364 qui

279 2385 434 2451 reuehens
468 2407 523 2451 nos
557 2407 665 2452 secum
698 2386 918 2468 oblaturusque
950 2386 1007 2450 deo
1041 2406 1153 2450 munus
1188 2391 1334 2466 precatus
1371 2385 1431 2450 sit:

226 2511 251 2547 a»
280 2510 455 2574 exsurge
478 2491 517 2554 in
541 2511 748 2556 occursum
774 2491 875 2556 mihi
898 2497 937 2554 et
959 2491 1051 2555 uide
1073 2499 1118 2568 tu,
1135 2490 1305 2567 domine,
1324 2489 1432 2555 deus

277 2593 773 2668 uirtutumdeuslsrahel.
797 2595 967 2659 intende
984 2595 1027 2658 ad
1044 2594 1276 2658 uisitandas
1295 2613 1432 2658 omnes

279 2703 439 2782 gentes:
462 2719 509 2763 ne
532 2699 773 2764 miserearis
797 2699 992 2776 omnibus,
1016 2698 1082 2781 qui
1107 2704 1330 2778 operantur
1355 2699 1432 2763 ini-

279 2801 489 2884 quitatem.
534 2821 700 2887 exsurgere
724 2804 809 2868 enim
832 2802 893 2868 sibi
915 2803 945 2866 in
970 2822 1133 2868 occursum
1157 2802 1251 2867 deum
1273 2802 1433 2868 uirtutum

279 2905 319 2970 ad
341 2905 510 2970 uisitaudas
532 2926 641 2972 omnes
666 2913 774 2991 gentes
796 2915 956 2988 precatur:
980 2907 1012 2971 in
1035 2925 1071 2970 eo
1096 2927 1231 2989 namque
1247 2907 1433 2972 coexcitatm

227 3031 253 3068 a
279 3014 311 3073 et
332 3007 489 3074 collocata
504 3031 522 3074 a
538 3011 655 3076 dextris
674 3010 740 3076 eius
755 3012 788 3074 in
805 3010 978 3076 celestibus
993 3017 1102 3094 gentes
1119 3018 1199 3075 sunt.
1246 3016 1275 3074 ct
1291 3010 1433 3095 dignum

322 3201 413 3254 sloh.
432 3201 505 3267 XIV,
523 3204 566 3256 30.
606 3206 637 3256 14
654 3203 698 3256 Ps.
718 3202 817 3268 xviri,
835 3206 852 3256 6
872 3220 910 3270 sq.

323 3395 336 3445 1
365 3393 438 3446 enim
466 3411 515 3444 cm.
543 3393 569 3445 R
637 3395 655 3444 ‘d
682 3393 766 3445 fuerit
794 3411 824 3444 az
850 3392 940 3446 fuerat
967 3411 1000 3445 m.
1032 3393 1045 3444 1
1073 3393 1099 3446 R
1160 3394 1177 3445 ὁ
1204 3391 1355 3460 quaerellis
1383 3395 1434 3447 VR

279 3479 399 3546 querelis
426 3480 505 3531 m:
554 3479 690 3547 abnegate
725 3480 748 3531 V
768 3480 875 3546 abnega
887 3499 920 3528 ?:‘
930 3483 976 3532 tae
1002 3475 1032 3545 (ιι
1060 3475 1138 3542 erus.)
1166 3479 1192 3532 R
1245 3481 1336 3532 'tucn
1367 3485 1434 3536 cdd.

279 3565 350 3619 aa?
374 3566 411 3619 V'
447 3566 509 3619 ein
527 3582 572 3618 ma
589 3583 638 3618 ont.
663 3566 688 3618 V
736 3566 910 3620 ilcalumnia
929 3581 984 3618 non
1003 3565 1167 3634 reperienda
1192 3565 1264 3618 VPT
1299 3569 1336 3622 10
1355 3576 1434 3622 esset

278 3670 327 3706 om.
352 3654 374 3706 V
427 3657 457 3706 11
477 3652 626 3721 conquaeri
650 3652 699 3704 VR
750 3658 860 3720 captam
880 3654 905 3705 R
957 3653 1074 3706 inruisse
1102 3671 1132 3706 aa
1158 3653 1246 3706 inruis
1265 3669 1334 3706 cm.
1356 3656 1434 3709 aa?

286 3740 308 3792 V
359 3739 387 3792 in
400 3741 502 3792 eumR
555 3741 588 3792 12
606 3738 703 3792 hebuit
718 3757 767 3791 cun.
786 3739 821 3791 Vc
838 3738 967 3793 habuerit
981 3740 1006 3790 'I'
1058 3737 1235 3807 iniquitatem
1252 3754 1346 3806 neque
1368 3745 1432 3795 edd.

279 3825 351 3880 m.2
376 3826 398 3877 V
449 3828 595 3880 laetam,
620 3827 643 3878 V
695 3829 729 3880 14
745 3842 775 3879 se
795 3844 842 3878 om.
870 3827 892 3881 V
906 3845 976 3898 supr.
1002 3828 1062 3880 add.
1082 3826 1107 3878 R
1160 3823 1297 3879 exultabit
1318 3827 1347 3878 P
1401 3835 1434 3882 ut

278 3912 452 3965 uddmlW
500 3913 599 3982 gigans
620 3914 696 3967 VRP
712 3913 746 3977 qs.
764 3913 838 3966 Neue
854 3913 983 3966 For-ment.
1003 3911 1176 3982 L149gigas
1194 3913 1246 3964 ‘VR
1298 3915 1335 3966 15
1350 3916 1434 3970 caelo

284 3999 384 4052 VRPI'
406 3999 475 4053 caeli
495 4001 523 4052 E
575 4004 607 4054 rt
629 4000 676 4054 hio
698 4018 729 4054 cc
751 3999 798 4052 hir
822 4001 891 4054 Ver:
908 3999 973 4053 hinc
994 4001 1018 4052 R
1070 4016 1185 4054 cuneus
1209 4001 1270 4052 cdd.
1294 4017 1331 4054 m.
1357 4001 1380 4054 2
1413 4004 1438 4056 V

278 4085 417 4140 dixeritR
470 4087 804 4156 leregressusadcaelos
823 4105 872 4140 orn.
889 4089 911 4138 V
962 4089 995 4139 19
1013 4086 1190 4154 oblaturusq3
1209 4085 1276 4140 ditm
1294 4099 1434 4155 precatus

279 4172 317 4227 sit
334 4173 361 4225 P
375 4172 545 4241 oblatus-usq.
564 4176 615 4227 deo
634 4178 762 4242 precatus
772 4173 845 4227 sitT
896 4175 928 4227 21
950 4172 1064 4226 istrahel
1089 4173 1112 4226 V
1162 4175 1366 4240 aspiceretur
1384 4177 1434 4229 VR

278 4260 448 4313 coexcitatae
469 4261 519 4312 RV
535 4260 672 4314 excitatae
696 4262 720 4313 V
735 4261 912 4328 quoexagitat
933 4261 964 4312 P.
