3075 4967
247 244 310 310 350
583 243 701 296 saneti
725 244 859 297 Hilarii
883 245 1046 312 episcopi

291 438 318 499 6.
344 435 412 500 Sed·
442 435 541 518 surgit
575 432 625 498 hia
660 435 698 496 nd
721 432 833 510 uiolati,
866 441 901 497 ut
922 436 1078 514 putabant.
1113 434 1232 499 sabbati
1267 437 1413 519 grauior

247 540 425 625 indignatio,
450 541 532 622 quod
556 546 675 619 patrem
697 557 787 602 suum
804 539 896 602 deum
913 538 1031 612 dixerit,
1055 537 1207 620 aqualem
1224 559 1258 604 se
1274 539 1415 604 iaciens

247 645 315 709 deo.
360 645 416 708 sed
440 643 522 708 unde
546 642 597 707 hio
623 641 732 706 ludaeis
764 640 850 707 dolor
873 645 944 708 est?
988 661 1049 706 non
1083 643 1167 706 enim
1193 644 1243 707 'ita
1273 641 1414 708 loeutus

247 754 308 813 est:
333 749 408 812 deus
432 754 519 830 pater
542 767 630 811 meus
654 754 709 811 est.
755 745 809 810 sed
834 747 898 810 uim
921 745 1030 811 adtulit
1051 747 1175 824 ueritas,
1210 753 1241 812 et
1271 748 1415 813 confas-

207 885 219 921 a
248 853 364 916 sionem
388 852 491 916 inuitis
514 851 590 916 ratio
622 851 763 927 eruor-siu
799 851 856 914 deo
891 851 975 915 enim
1009 869 1077 915 esse
1110 849 1263 933 aequalem
1298 871 1414 934 opera

247 954 458 1040 loquebantur.
504 953 546 1018 illi
581 955 753 1018 irascuntur
787 973 856 1037 qnae
886 973 947 1017 θοθ
976 954 1111 1026 audiunt,
1146 961 1177 1019 et
1198 956 1260 1035 pati
1285 955 1415 1020 nolunt

246 1060 328 1143 quod
345 1061 486 1142 ignorare
503 1065 722 1138 nonpossunt:
747 1063 778 1122 et
800 1057 860 1122 hoo
883 1059 914 1121 in
938 1056 1060 1122 Christo
1077 1059 1215 1141 oderunt,
1239 1059 1327 1142 quod
1349 1081 1413 1125 eos

247 1162 428 1246 intellegere
452 1169 499 1228 est
522 1182 659 1228 neeesse.
705 1183 781 1243 opus
812 1181 887 1246 ergo
918 1163 1013 1242 patris
1044 1162 1075 1226 in
1099 1181 1159 1246 qno
1183 1161 1253 1227 est?
1301 1165 1339 1229 in
1369 1185 1412 1230 eo

247 1267 371 1344 seilicet,
395 1267 477 1351 quod
499 1268 564 1350 agit
587 1265 688 1343 filius3
711 1267 754 1330 ait
777 1266 877 1342 enim:
912 1286 986 1330 non
1021 1273 1157 1346 potest
1190 1266 1311 1332 lilius
1351 1269 1412 1332 sa·

195 1390 340 1438 100810
378 1393 396 1436 ο
432 1391 474 1436 εθ
511 1372 743 1455 quiequam,
782 1371 862 1435 nisi
900 1371 1003 1453 quod
1042 1371 1196 1436 uiderit
1233 1379 1411 1453 patrem

248 1475 479 1541 facientem.
525 1496 585 1540 non
616 1477 722 1558 utique
752 1475 810 1540 sibi
845 1475 990 1539 uirtutem
1013 1477 1137 1552 ademit,
1162 1477 1218 1540 sed
1240 1475 1412 1561 obsequio

247 1585 375 1660 paterno
398 1580 537 1645 deuinxit
559 1579 692 1644 arbitrio.
739 1599 799 1643 non
823 1580 908 1644 enim
932 1580 1013 1644 nudo
1043 1599 1186 1647 sermone
1217 1579 1411 1663 signifieat:

248 1701 321 1746 non
345 1691 481 1765 potest
504 1683 621 1748 filius
645 1683 792 1762 faeere,
815 1684 871 1749 sed
894 1684 1021 1748 adiecit:
1045 1703 1063 1747 a
1093 1703 1135 1748 se
1155 1685 1412 1767 quiequam,

248 1787 327 1852 nisi
351 1789 456 1872 quod
478 1788 633 1853 uiderit
655 1795 812 1868 patrem
836 1788 1065 1853 facientem.
1098 1807 1293 1870 ergoomne,
1311 1791 1413 1873 quod

194 1929 219 1964 n
247 1891 320 1956 t‘aeit
342 1891 403 1970 ille,
426 1891 591 1957 famulatus
615 1899 670 1968 est,
695 1892 766 1974 quia
789 1911 850 1955 θοθ
873 1912 891 1955 a
913 1911 948 1957 se
971 1893 1146 1976 quiequam,
1170 1893 1225 1957 sed
1241 1893 1284 1966 id,
1310 1896 1412 1975 quod

245 1995 365 2074 uiderit,
389 1995 478 2061 lauit:
501 1997 709 2061 ministerium
733 1997 862 2061 ueniens
886 1996 924 2060 de
948 1995 1090 2077 exemplo
1114 2015 1175 2060 non
1198 1996 1313 2076 operis.
1346 1999 1413 2063 sed

245 2099 416 2177 uoluntatis
440 2102 511 2184 quia
534 2120 611 2181 opus
634 2101 730 2180 patris
753 2101 784 2163 in
808 2099 964 2165 uoluntate
987 2107 1043 2164 est.
1089 2100 1120 2164 id
1145 2099 1228 2164 enim
1245 2098 1410 2168 dominus

245 2205 302 2269 ait:
338 2223 411 2268 non
446 2204 536 2268 ueni
562 2204 815 2268 uoluntatem
850 2224 976 2268 meam
1013 2204 1158 2281 faeere,
1189 2205 1258 2268 sed
1292 2206 1410 2282 eius,

245 2309 311 2391 qui
336 2327 393 2372 ιθθ
427 2309 547 2385 misit,
583 2310 697 2373 docens
720 2328 780 2372 non
805 2307 889 2373 aliud
911 2307 990 2373 uelle
1014 2328 1048 2374 sa
1071 2329 1166 2392 quarn
1190 2307 1272 2390 quod
1297 2309 1411 2376 uellet

197 2445 221 2483 ρο
248 2410 308 2489 111θ,
332 2413 384 2495 qui
407 2431 477 2476 eum
502 2414 637 2477 miserat.
686 2432 760 2495 ergo
790 2411 977 2476 uoluntatem
1002 2411 1097 2491 patris
1120 2410 1203 2476 filius
1227 2419 1409 2495 tamquam

246 2514 419 2595 exemplum
445 2517 631 2596 operationis
654 2517 834 2600 introspicit,
859 2518 931 2598 quia
953 2518 1057 2581 omniu
1079 2516 1159 2580 intra
1189 2523 1410 2596 paternarum

245 2619 465 2703 cogitationum
497 2621 720 2701 prouidentiam
746 2622 882 2702 quadam
906 2622 1075 2685 suturarum
1101 2639 1205 2683 rerum
1228 2621 1411 2699 predesti-

245 2724 368 2800 natione
402 2724 580 2788 formantur.
626 2723 799 2804 introspicit
828 2731 930 2788 autem
961 2744 1017 2804 per
1053 2730 1190 2787 mutuam
1226 2725 1408 2791 caritatem

246 2833 339 2909 atque
360 2835 517 2901 nuturam;
541 2829 584 2891 ait
607 2827 704 2892 enirn:
737 2835 850 2908 pater
873 2826 1018 2912 diligit
1041 2826 1173 2892 filium
1197 2834 1235 2892 et
1257 2832 1409 2895 omnia

194 2963 219 3002 aa
247 2931 501 2995 demonstret
523 2933 565 2999 ei.
591 2950 674 3014 quoe
704 2932 792 3012 ipse
816 2932 926 2996 lacit.
971 2932 1013 2995 ita
1036 2938 1066 2997 et
1089 2931 1160 2996 huie
1184 2931 1242 3007 dei,
1266 2951 1306 2995 ex
1334 2954 1408 3016 quo

246 3036 313 3115 ipse
347 3036 422 3100 deus
456 3043 544 3100 notus
579 3043 633 3110 est,
667 3035 857 3100 uoluntatem
894 3056 984 3101 nosse
1009 3037 1148 3116 peruium
1179 3042 1242 3111 θεῖς
1274 3044 1305 3099 et
1341 3039 1406 3113 illi,

246 3140 328 3223 quod
351 3139 513 3204 uoluntatis
529 3159 591 3204 suae
607 3141 816 3223 cognitionem
831 3139 894 3204 filio
910 3141 1120 3224 congenuerit,
1144 3147 1192 3205 est
1208 3139 1406 3223 benignum.

290 3242 317 3308 7.
342 3243 425 3328 Ergo
459 3245 498 3308 ad
537 3244 657 3309 sabbati
693 3245 784 3323 diem,
820 3267 857 3309 θιι
891 3266 952 3328 quo
984 3245 1089 3309 odium
1124 3243 1406 3324 commonebatur,

246 3367 429 3428 responsum
452 3355 514 3413 est:
545 3354 660 3428 poter
693 3369 803 3414 meus
833 3369 958 3432 usque
989 3351 1102 3414 modo
1125 3352 1329 3428 operatur.
1357 3358 1407 3416 θῖ

193 3484 218 3520 ιο
246 3471 317 3536 ego
340 3472 491 3534 operor.
538 3460 585 3518 est
608 3473 684 3536 ergo
707 3474 783 3533 opus
818 3454 867 3518 dei
901 3452 1052 3518 sabbato?
1098 3459 1145 3518 est
1174 3449 1284 3533 plone:
1317 3473 1405 3520 nam

289 3594 381 3650 sloh.
400 3595 432 3662 V,
453 3597 493 3648 19.
531 3595 637 3648 18101]Ι
657 3595 702 3660 Vl,
721 3598 762 3650 38.
800 3595 910 3648 241011.
929 3595 961 3661 V,
981 3598 1023 3649 20.

288 3707 370 3761 adn
388 3709 449 3760 add.
467 3727 499 3760 m.
513 3705 571 3761 2V
622 3709 638 3760 6
657 3709 842 3776 loquebantur
861 3727 892 3760 ex
908 3709 1068 3777 loquibutur
1087 3727 1118 3761 m.
1138 3707 1157 3759 ζ)
1176 3708 1200 3760 V
1250 3708 1406 3764 irascatur

245 3813 275 3847 eu
293 3794 540 3848 nasodturuu.?V
590 3794 663 3862 quod
683 3811 738 3848 non
756 3795 915 3849 audiuntrb
970 3797 1003 3848 10
1020 3811 1036 3847 a
1054 3812 1083 3848 se
1101 3794 1191 3848 facere
1211 3791 1405 3862 quidquamb

247 3884 275 3934 ll
298 3881 430 3934 uirtutem
450 3881 502 3934 eibi
521 3883 550 3933 rd
604 3881 735 3948 obsequio
762 3899 790 3934 se
818 3889 935 3949 paterno
952 3883 982 3934 rb
1037 3884 1070 3936 12
1087 3881 1190 3935 mundo
1217 3896 1350 3934 εθιθιοιιθ
1379 3885 1409 3937 V

248 3969 280 4020 13
299 3968 334 4020 ab
360 3985 388 4020 se
416 3967 566 4036 quidquam
586 3970 600 4020 o
655 3971 687 4022 14
705 3985 786 4022 omne
813 3986 862 4021 om.
890 3971 920 4021 rd
974 3971 1007 4022 19
1025 3985 1107 4036 quam
1134 3985 1183 4021 om.
1212 3966 1238 4018 V
1287 3969 1325 4020 20
1346 3971 1405 4038 qui

245 4053 358 4107 miserat
385 4073 415 4107 eu
441 4053 488 4122 qui
516 4072 559 4107 me
587 4055 700 4108 miserat
727 4073 759 4107 m.
788 4056 804 4106 1
830 4055 853 4106 V
902 4059 933 4109 21
954 4055 1047 4109 omnis
1065 4073 1147 4107 σοιν
1198 4054 1233 4107 111
1253 4053 1347 4121 adque
1378 4057 1407 4108 Γ

246 4141 280 4192 25
298 4139 337 4194 ita
356 4148 387 4194 ut
404 4141 468 4195 huie
486 4162 500 4192 ι·
553 4143 587 4196 26
605 4142 733 4210 peruium
758 4161 788 4195 ee
805 4159 922 4210 puerum
942 4162 974 4195 m.
994 4141 1014 4194 ἑ)
1031 4141 1056 4196 1’
1105 4143 1140 4194 28
1159 4156 1213 4208 quo
1231 4158 1263 4194 et
1280 4144 1403 4208 quomi-

246 4245 297 4280 nus
316 4245 349 4279 m.
369 4227 387 4279 ἑ)
411 4229 439 4282 1’.
