3075 4967
313 255 376 321 860
660 254 779 309 sancti
797 254 932 309 Hilarii
950 255 1114 324 episcopi

314 448 344 512 in
379 446 510 527 gloriam
548 446 647 510 beatae
684 446 865 510 aeternitatis
899 445 1071 527 adsumpta,
1109 465 1181 512 cnm
1216 448 1274 512 ait:
1309 447 1448 513 etenim

314 552 550 633 expectatio
570 550 700 630 ipsius
717 554 934 615 creaturae
950 548 1248 617 reuelationem
1272 550 1449 616 filiorum

314 656 378 721 dei
406 659 606 736 expectat.
642 653 822 719 nouitati
845 655 949 720 enim
973 659 1164 720 creatura
1186 655 1374 721 subiecta
1396 661 1450 720 est

313 779 388 824 non
411 758 561 836 uolens,
585 759 655 823 sed
678 765 849 839 propter
880 778 974 836 eum,
998 759 1064 842 qni
1095 759 1284 824 subdidit
1317 760 1448 841 inape,
1528 751 1529 782 ³

276 863 408 949 aquia
431 869 469 928 et
491 864 581 944 ipsa
616 866 806 927 creatura
836 862 1090 928 liberabitur
1112 883 1131 928 a
1153 864 1356 929 seruitute
1378 883 1449 929 cor·

314 942 521 1047 ruptionis
559 966 597 1031 in
636 965 875 1032 libertatem
913 965 1125 1032 claritatis
1163 967 1347 1033 filiorum
1385 969 1450 1032 dei.

313 1070 388 1136 hinc
411 1090 485 1154 ergo
509 1070 645 1155 hymnus
662 1077 710 1136 eet
724 1069 875 1136 libertatis
891 1069 1025 1149 indultae,
1049 1073 1132 1156 quod
1147 1072 1320 1137 officiorum
1335 1091 1450 1137 suorum

313 1176 499 1241 necessitate
521 1173 671 1251 absoluta,
702 1180 733 1239 et
755 1180 846 1239 antea
868 1175 900 1239 in
923 1194 997 1240 usus
1020 1174 1150 1240 humani
1171 1176 1313 1241 subiecta
1335 1176 1449 1251 comitii,

314 1280 376 1345 iam
400 1280 589 1344 conformata
620 1278 744 1344 tandem
775 1278 910 1343 liliorum
933 1278 984 1344 dei
1007 1278 1113 1364 gloriae
1136 1281 1167 1343 in
1190 1287 1341 1345 aternam
1365 1281 1449 1345 beati·

262 1413 287 1450 1⁰
314 1384 455 1449 tudinem
489 1384 677 1449 creationum
712 1381 866 1449 clementa
896 1384 1104 1466 requiescunt.
1149 1385 1236 1449 cuius
1259 1384 1449 1449 beatitudiuis

313 1486 406 1573 longo
441 1488 503 1552 iam
538 1487 589 1552 diu
624 1488 794 1552 secundum
816 1486 988 1567 apostolum
1012 1487 1139 1552 Petrum
1162 1488 1317 1554 desiderio
1344 1489 1448 1553 detine

313 1592 434 1671 bantur,
459 1611 529 1657 cum
552 1592 609 1656 ait:
641 1590 732 1669 haec,
764 1610 848 1676 quae
877 1592 992 1657 modo
1015 1591 1130 1657 nobis
1154 1593 1344 1658 nuntiata
1366 1601 1449 1656 sunt

314 1716 384 1777 per
407 1715 483 1773 eos,
500 1696 868 1779 quiuobiespiritn
891 1701 1034 1761 sancto
1057 1695 1449 1780 euangelizsnerunt

314 1820 397 1883 quse
434 1800 560 1865 missa
594 1806 687 1865 sunt
716 1818 735 1863 a
765 1797 872 1879 caelo,
905 1798 944 1863 in
979 1819 1054 1883 qua
1087 1820 1128 1865 re
1161 1801 1449 1882 concupiscunt

263 1930 288 1967 aa
315 1903 454 1988 angeli
477 1904 726 1985 prospicere.
751 1902 921 1983 expectatio
937 1903 1041 1987 itaque
1057 1902 1228 1969 caelestium
1244 1910 1293 1969 eet
1304 1904 1448 1971 beatitudo

314 2014 437 2073 terrens
459 2013 490 2072 et
523 2007 728 2088 corruptionis
765 2012 877 2072 nostrae
911 2008 1154 2073 demutationem
1178 2008 1355 2073 diuinarum
1376 2027 1449 2073 crea·

314 2113 430 2177 tionum
446 2119 535 2176 orant
550 2111 712 2189 elementa,
736 2110 915 2191 prospicere
932 2109 1013 2175 hanc
1028 2110 1218 2195 euangelica
1233 2112 1448 2193 predicationis

314 2236 403 2296 spem
425 2216 682 2296 concupiscentia,
714 2214 845 2298 gloriam
876 2233 964 2279 snam
994 2235 1032 2280 ex
1061 2213 1168 2299 gloria
1202 2222 1317 2281 nostrae
1340 2214 1448 2281 confor-

313 2320 449 2385 matione
483 2328 658 2400 sumptura:
693 2337 787 2402 quam
822 2317 885 2382 iarn
919 2318 1088 2384 secundum
1119 2318 1318 2401 prophetiam
1348 2318 1447 2400 psalmi

262 2448 287 2485 20
314 2425 425 2505 adepta
447 2423 478 2488 in
502 2442 670 2488 consonam
693 2421 817 2487 landem
851 2428 1004 2503 perceptae
1034 2422 1233 2488 beatitudinis
1263 2425 1448 2489 aduocantur.

358 2527 386 2613 3.
410 2528 590 2593 Laudato
629 2527 832 2592 dominum
867 2527 913 2591 de
944 2526 1063 2603 caelis
1102 2524 1266 2593 laudate
1300 2546 1383 2593 eum
1414 2528 1447 2589 iu

314 2632 502 2698 excelsis.
545 2630 712 2696 laudate
735 2651 821 2696 eum
845 2649 984 2695 omnes
1007 2630 1146 2715 angeli
1168 2631 1265 2697 eius.
1295 2630 1447 2696 landate

314 2756 399 2801 eum
424 2755 560 2801 omnes
583 2736 768 2801 uirtutes
792 2734 887 2799 eius.
923 2734 1087 2800 laudate
1106 2754 1191 2801 eum
1212 2735 1271 2801 eol
1290 2743 1330 2801 et
1350 2734 1447 2800 luna:

314 2839 482 2931 landate
515 2860 598 2905 eum
623 2858 758 2905 ornnes
782 2838 915 2905 stellae
938 2844 976 2904 et
998 2837 1139 2905 lumen.
1185 2838 1350 2905 laudate
1371 2857 1447 2903 eum

262 2965 287 3005 aa
314 2942 401 3008 caeli
425 2943 628 3009 calorum:
652 2949 689 3008 et
712 2962 822 3027 aqna
842 2961 925 3026 quae
948 2962 1070 3024 super
1091 2942 1211 3009 caelos
1234 2950 1302 3022 est
1320 2942 1447 3007 laudet

314 3067 455 3113 nomen
477 3049 639 3113 domini.
674 3048 767 3132 qaia
789 3048 876 3128 ipse
900 3048 1330 3123 mandauitetcreata
1351 3052 1446 3121 sunt;

314 3152 401 3233 ipse
424 3151 536 3229 dixit,
572 3157 609 3216 et
632 3151 742 3216 lacta
765 3157 876 3229 sunt;
910 3156 948 3215 et
970 3151 1119 3216 statuit
1142 3171 1185 3216 ea
1207 3152 1246 3215 in
1270 3148 1444 3216 saeculum

314 3264 351 3321 et
383 3256 421 3320 in
457 3254 645 3321 saeculum
680 3254 835 3321 saeculi:
871 3260 1117 3336 praeceptum
1152 3256 1299 3335 posuit,
1323 3262 1444 3322 etuon

314 3358 551 3441 praeteribit.
612 3359 750 3425 absoluto
791 3360 918 3443 quidem
956 3360 996 3423 ad
1033 3358 1277 3443 intellegentiam
1315 3376 1445 3424 sermone

262 3489 287 3529 aa
314 3462 466 3545 propheta
498 3482 607 3529 omnes
642 3462 781 3529 caelestee
815 3464 945 3527 uirtutes
969 3462 1152 3529 adhortatur
1173 3464 1214 3528 ad
1236 3461 1367 3541 landem,
1397 3460 1444 3525 sed

314 3587 374 3632 non
408 3568 475 3633 siue
509 3567 647 3648 perfecte
680 3568 798 3632 ratione
832 3566 987 3632 doctrine.
1032 3568 1169 3648 primum
1202 3569 1288 3632 enim
1322 3583 1442 3632 errorem

358 3743 371 3795 1
392 3742 469 3797 Rom,
490 3742 561 3811 VlII,
583 3746 614 3797 19
633 3759 672 3811 sq.
710 3743 867 3795 121Petr.
889 3747 911 3809 1,
931 3744 972 3796 12.

356 3880 559 3936 4aubdiditR
585 3882 620 3951 cs.
641 3882 761 3935 Sobotier
779 3880 834 3949 III,
852 3878 913 3934 623
930 3882 990 3933 oda.
1010 3880 1128 3934 subiecit
1147 3880 1176 3932 Ε
1234 3881 1264 3933 in
1283 3898 1331 3949 spe
1349 3878 1443 3932 atam

313 3966 341 4020 in
361 3983 440 4035 epee
492 3967 633 4036 9gloriae
652 3968 678 4021 ll
695 3968 774 4038 cf.p.
794 3965 860 4034 862,
885 3964 938 4031 13,·
962 3964 1030 4035 336,
1055 3965 1144 4035 resq.
1161 3965 1254 4045 ¹gloria
1272 3967 1302 4019 E
1342 3967 1405 4035 fort
1419 3962 1443 4014 in

313 4057 426 4107 aeterna
443 4054 616 4108 beatitudine
687 4057 720 4108 14
744 4071 760 4107 a
779 4055 805 4108 R
822 4071 838 4107 e
857 4054 886 4106 Ε
954 4056 987 4109 16
1010 4053 1198 4107 demutatione
1218 4052 1243 4106 R
1261 4052 1406 4107 demutatio
1423 4048 1444 4099 Ε

314 4142 347 4195 l'l
365 4144 447 4193 orant
464 4141 490 4193 R
507 4141 667 4195 demoretur
686 4141 715 4193 E
767 4140 800 4194 19
818 4145 933 4208 sdptura
952 4140 978 4193 R
995 4144 1157 4208 susceptura
1176 4140 1205 4191 E
1255 4144 1311 4207 qud
1323 4141 1348 4193 R
1363 4134 1444 4206 quali

314 4228 348 4280 28
366 4226 489 4280 seculum
509 4238 531 4280 ct
549 4230 585 4281 eie
603 4229 630 4279 ia
648 4245 698 4296 seq.
719 4228 751 4280 R.
