3075 4967
391 310 572 359 tractatus
591 306 626 359 in
645 305 817 374 psalmum
836 307 980 361 CXLl'lll.
1195 308 1258 373 863

158 494 186 560 6.
210 496 285 561 Post
315 516 382 580 quaa
412 514 535 559 mrsum
566 500 687 559 terrena
717 502 822 559 cetera
854 496 1042 561 aduocantor
1064 497 1104 561 ad
1128 497 1258 579 laudern,

113 620 192 684 quae,
217 601 273 665 etsi
289 620 351 665 non
366 600 473 665 omnia
488 604 560 663 sunt
577 598 685 664 borum
703 598 872 665 caelestium
887 606 918 665 et
933 600 1093 666 beatorum
1109 602 1259 667 bonomm

113 705 269 769 consortia
291 704 403 786 partim
427 724 482 784 per
504 702 753 768 inrationabilem
777 722 912 781 sensum,
934 706 1046 786 partim
1077 726 1132 787 per
1161 706 1258 772 inani·

113 808 196 875 mala
219 816 344 886 natura,
368 809 479 891 partim
505 828 560 888 per
583 808 750 889 impietatis
773 806 934 886 offensam,
961 816 1065 875 tamen
1089 811 1181 875 deum
1204 832 1260 892 per

114 914 154 985 id,
190 915 272 997 quod
306 912 381 978 tolia
413 918 485 977 sunt
518 912 665 987 instituta
701 914 768 993 ipsa
801 912 1002 979 institutionis
1025 915 1056 979 in
1079 934 1114 980 sa
1147 914 1260 980 habita
1300 936 1312 972 ο

113 1019 307 1099 prouidentia
330 1017 506 1101 pradicant,
551 1017 594 1081 ait
616 1017 700 1083 anim
721 1018 781 1082 ita:
804 1016 969 1083 laudate
993 1019 1191 1083 dominum
1214 1020 1261 1084 de

114 1132 227 1189 terra
265 1124 466 1187 dracones
501 1127 538 1186 et
571 1142 708 1187 omncs
746 1122 894 1205 abyssi.
940 1123 1060 1206 ignis,
1097 1125 1260 1207 grando,

114 1229 188 1303 nix,
226 1225 477 1310 crystallum,
515 1226 689 1307 spiritus
726 1225 927 1306 proacllae,
973 1246 1058 1310 quea
1102 1227 1259 1294 iaciunt

113 1331 278 1397 uerbum
302 1332 396 1409 eius,
421 1342 577 1396 montes
601 1338 639 1395 et
661 1349 798 1395 omues
821 1330 961 1409 colles,
982 1331 1098 1415 ligna
1120 1332 1259 1398 fructi·

114 1437 202 1501 fara
235 1444 273 1500 et
305 1454 442 1501 omnes
476 1436 598 1511 cedri,
633 1434 776 1500 bestia
811 1441 849 1499 et
881 1436 1073 1502 uniuersa
1105 1456 1260 1518 pecore,
1287 1462 1313 1500 ιο

114 1550 332 1621 serpentes
370 1547 407 1605 at
442 1539 633 1605 uolucres
671 1540 863 1620 pinnatae,
907 1559 1027 1624 reges
1065 1548 1185 1607 terrae
1223 1548 1260 1607 et

114 1664 250 1709 omnes
283 1644 429 1726 populi,
465 1644 677 1726 principes
712 1651 751 1709 et
781 1663 919 1709 omnes
949 1644 1109 1711 iudices
1132 1650 1260 1720 terrae,

114 1749 286 1814 iuuenes
310 1754 348 1814 et
369 1750 567 1832 uirgines,
599 1749 787 1813 seniores
817 1768 901 1813 cum
928 1749 1160 1814 iunioribus
1183 1748 1261 1814 lan·

115 1853 210 1917 dent
244 1872 385 1945 nomen
420 1852 582 1918 domini.
628 1851 885 1947 omnia-landem
910 1853 959 1916 dei
983 1854 1156 1921 concinunt.
1190 1852 1262 1919 licat

114 1957 257 2041 quaedam
281 1976 373 2023 sensu
390 1956 488 2022 laudis
505 1957 643 2022 carentia
658 1956 735 2035 sint;
759 1957 815 2021 sed
831 1976 887 2037 par
903 1957 1101 2021 institutionis
1119 1958 1261 2022 ordinem
1289 1981 1315 2017 ιι

115 2046 366 2145 qualitatemque
381 2062 532 2145 giguendi
555 2060 741 2140 preconium
768 2061 915 2125 creatoris
939 2060 1111 2125 ostendunt.
1147 2062 1261 2127 detenti

114 2166 146 2229 in
170 2173 253 2230 terre
276 2167 425 2231 dracones
449 2184 618 2248 eorumque
641 2164 745 2245 plures
768 2166 799 2229 in
824 2164 946 2248 abyssis
969 2166 1113 2247 demersi,
1148 2174 1183 2231 ut
1206 2186 1261 2232 nos

114 2272 197 2335 intra
220 2276 334 2335 metum
361 2278 390 2335 et
412 2268 603 2354 religionem,
628 2270 703 2334 durn
727 2269 786 2349 ipsi
808 2269 890 2334 intra
912 2270 1059 2353 abyssum
1083 2276 1261 2353 terramque

114 2374 238 2457 religati
261 2373 430 2457 impietatis
446 2385 558 2438 nostrae
575 2374 675 2454 poenis
691 2378 912 2454 praeparantur,
936 2380 1121 2438 coercerent.
1152 2380 1261 2439 natum

114 2479 207 2562 ignis,
231 2478 311 2542 niuis
336 2478 459 2553 candor,
482 2476 617 2561 crystalli
640 2477 765 2561 glacies,
790 2475 931 2557 procellae
951 2478 1085 2558 spiritus,
1109 2478 1260 2543 montium
1288 2506 1313 2543 ao

115 2581 247 2659 celsitas,
271 2582 425 2647 distinctio
448 2581 581 2658 collium,
605 2583 747 2647 arborum
773 2581 897 2660 imatus,
926 2582 1094 2646 bestiarum
1119 2584 1259 2658 uarietas,

115 2706 261 2768 pecomm
291 2685 414 2763 utilitas,
449 2686 637 2767 serpentium
673 2685 766 2761 nisus,
799 2684 958 2750 uolucrum
993 2684 1119 2763 uolatus,
1149 2706 1259 2771 regum

115 2796 260 2870 potestas,
299 2787 477 2870 populomm
517 2788 690 2867 famulatus,
730 2790 902 2870 principum
941 2789 1085 2873 dignitas,
1122 2790 1260 2856 indicum

115 2894 252 2978 equitas,
287 2900 412 2959 atatam
447 2894 587 2959 omnium
617 2899 648 2959 et
678 2914 807 2959 sexuum
842 2914 953 2971 moras,
983 2895 1092 2972 studia,
1121 2895 1259 2975 uirtutes,

90 2998 184 3063 bac
225 2997 329 3082 imque
358 2999 464 3064 omnia
497 3000 529 3063 in
564 2999 703 3064 diuersos
744 2988 979 3083 ineffabilesque
1010 3019 1085 3065 usus
1119 3000 1260 3076 formata,
1287 3026 1313 3062 ee

115 3102 272 3179 distincta
296 3102 439 3181 animata,
462 3104 608 3184 perlecta,
632 3104 779 3169 creatoris
801 3103 1028 3184 prouidentiam
1050 3103 1184 3168 laudant.
1230 3116 1261 3170 et

116 3226 232 3282 eorum,
255 3225 324 3289 quae
348 3214 401 3272 aut
423 3206 559 3271 inanima
582 3214 635 3271 ant
657 3207 884 3271 inrationabilia
902 3214 981 3283 sunt,
1005 3206 1105 3291 qualis
1127 3205 1259 3272 laudatio

115 3318 206 3388 esset
231 3311 366 3377 ostendit
388 3311 511 3377 dicens:
543 3330 625 3395 qua
657 3310 818 3375 faciunt
847 3311 1013 3375 uerbum
1044 3311 1145 3376 eins:
1169 3318 1202 3376 ut
1223 3332 1261 3376 err

116 3436 160 3491 eo,
185 3415 268 3498 quod
291 3415 321 3479 in
346 3414 428 3480 bunc
462 3415 631 3481 officiorum
668 3434 792 3481 suorum
827 3414 889 3479 sint
910 3414 1051 3479 ordinem
1085 3415 1259 3494 constituta,

115 3520 300 3600 praeconium
326 3520 401 3597 eius,
425 3538 443 3583 a
466 3538 527 3602 quo
550 3521 592 3585 ita
615 3520 677 3585 sint
698 3519 846 3595 instituta,
871 3525 1029 3584 testentur.
1287 3545 1312 3581 eo

162 3624 189 3687 7.
216 3622 354 3707 Regibus
371 3644 442 3688 uero
466 3632 495 3689 et
510 3625 620 3690 ceteris
637 3624 714 3700 aliis,
738 3632 897 3707 tamqnam
916 3622 1042 3687 mtionis
1058 3624 1259 3700 consortibus,

162 3800 174 3851 l
194 3802 275 3867 postq
294 3798 320 3850 R
372 3800 389 3851 3
407 3798 556 3852 inanimale
575 3804 690 3852 naturae
709 3798 735 3851 ll
754 3797 932 3852 inanimalem
952 3785 1080 3851 naturam
1099 3798 1128 3850 E
1178 3797 1260 3851 'lba-

114 3884 226 3940 bissill
279 3888 296 3939 9
320 3886 451 3939 uerbilli
477 3886 512 3950 cs.
538 3886 658 3939 Sabotier
684 3886 723 3954 II,
750 3884 808 3938 285
837 3884 954 3938 uerbab
982 3884 1019 3949 (in
1046 3903 1059 3937 e
1082 3896 1141 3956 poet
1168 3886 1259 3953 abyssi

115 3974 209 4041 rapitur
227 3976 255 4025 at
273 3972 382 4040 reliqua
400 3974 498 4025 omissis
516 3972 674 4041 sequentibus
693 3990 771 4041 usqae
783 3974 820 4025 od
830 3988 930 4025 nomen
943 3970 1058 4038 dominil
1114 3974 1144 4024 ll
1162 3972 1260 4039 pinna·

115 4066 160 4113 tea
180 4058 217 4112 R¹
236 4064 370 4127 pennatae
389 4056 442 4111 R’d
498 4060 530 4111 17
547 4058 665 4113 habissis
684 4060 709 4111 R
735 4070 758 4112 et
785 4061 822 4112 sic
846 4060 872 4110 in
889 4077 939 4127 sep.
991 4059 1027 4109 22
1045 4057 1215 4126 serpentium
1234 4058 1260 4110 R

116 4149 276 4215 serpentum
296 4146 324 4198 Ε
374 4162 472 4215 regum
492 4172 524 4183 -
544 4146 691 4199 famulatus
719 4164 767 4197 om.
788 4148 813 4199 R
830 4149 876 4199 sed
892 4144 926 4209 cf.
945 4164 1016 4215 supr.
1035 4154 1057 4198 et
1076 4146 1157 4198 Acori.
1173 4164 1201 4215 p.
1219 4144 1260 4199 32

114 4286 149 4339 24
168 4242 248 4339 rossxn¹¹
273 4284 297 4336 R
350 4286 384 4338 25
402 4284 511 4338 firmata
531 4286 554 4338 Ι,
573 4286 607 4354 rs.
628 4287 708 4337 alred.
726 4303 752 4353 p.
774 4285 811 4337 46·
864 4286 898 4337 26
917 4242 1034 4337 cultoris
1052 4285 1085 4337 R.
