3075 4967
313 276 376 343 812
662 278 780 331 sancti
798 278 934 331 Hilarii
953 277 1117 346 episcopi

314 470 344 534 id
368 488 423 549 pro
447 466 678 551 magnificentie
701 466 750 532 dei
773 466 874 547 potius
889 504 930 513 —
946 468 1021 551 quia
1043 468 1101 533 deo
1123 467 1214 531 beata
1235 478 1268 531 et
1289 474 1444 533 aetemaet

313 574 393 637 bona
417 572 552 637 tribuere
576 572 617 636 sit
638 570 771 659 digpum
792 608 844 649 -‚
876 590 971 655 quam
993 592 1049 651 pro
1083 572 1193 636 merito
1226 591 1282 636 suo
1316 570 1444 652 postulet.
1518 639 1519 642 Ἴ

312 679 368 743 sed
391 684 493 742 tamen
524 676 693 756 praeferens
724 673 875 740 honorem
905 686 936 740 et
966 676 1210 741 misericordiam
1239 676 1290 741 dei
1320 676 1445 740 merendi

312 800 434 865 quoque
457 780 488 845 id
511 800 568 861 per
590 800 624 846 se
646 799 707 845 non
731 778 862 845 exclusit
883 778 1030 845 officium.
1075 799 1149 843 nam
1164 799 1235 845 cum
1253 779 1445 845 uiuideaudus

273 908 285 945 a
312 885 360 964 sit,
383 885 587 951 uiuifioandus
610 892 716 949 tamen
739 884 840 949 estin
864 883 1016 967 aequitate,
1051 884 1124 967 quia
1145 904 1269 967 aequum
1300 884 1341 948 sit
1361 884 1446 948 uitam

312 988 440 1055 retribui
475 989 639 1069 stipendiis
674 988 854 1054 sanctitatis.
899 994 1021 1054 etcum
1052 1008 1109 1069 per
1139 988 1383 1053 misericordiam
1403 989 1444 1052 dei

312 1095 422 1159 educto
445 1115 481 1159 eo
505 1095 544 1158 de
568 1092 765 1159 tribulatione
788 1092 988 1173 disperdendi
1004 1092 1068 1155 siut
1081 1092 1149 1157 eius
1163 1092 1290 1166 inimici,
1312 1093 1374 1156 iam
1392 1111 1445 1157 uon

312 1206 359 1264 est
381 1196 595 1262 misericordie
617 1198 777 1262 indiscreti
793 1195 976 1280 confusique
991 1196 1104 1273 iudicii,
1126 1216 1206 1274 curu,
1229 1214 1300 1279 quae
1322 1216 1342 1261 a
1361 1197 1443 1261 tribu·
1520 1251 1521 1291 ἐ

312 1302 426 1367 latione
449 1300 560 1378 educit,
595 1303 705 1367 eadem
741 1302 902 1382 dIsperdat
930 1300 1085 1365 inimicos:
1120 1301 1194 1384 quia
1215 1320 1254 1365 ex
1277 1301 1443 1366 meritorum

259 1428 283 1465 ιο
311 1406 488 1471 diuersitate
510 1404 560 1470 uel
583 1406 614 1470 in
637 1424 760 1486 poenam
783 1405 835 1471 uel
858 1408 888 1470 iu
912 1405 1045 1471 salutem
1060 1403 1284 1470 misericordius
1306 1406 1441 1470 iudicium

311 1516 509 1591 temperetur.

356 1720 404 1783 14.
427 1718 499 1784 Nou
522 1718 608 1783 leues
632 1726 735 1784 autem
759 1719 818 1783 sibi
841 1738 912 1784 esse
933 1718 1076 1783 inimicos
1091 1717 1243 1798 propheta
1257 1718 1441 1793 demonstret

310 1826 365 1889 sed
389 1844 450 1901 eos,
475 1825 527 1906 qui
551 1826 644 1889 etiam
668 1824 804 1887 animam
823 1829 1040 1906 persecuntur:
1064 1842 1126 1886 uon
1142 1823 1312 1907 quodcum
1326 1841 1440 1903 corpore

310 1929 407 2009 possit
429 1928 534 2003 occidi,
558 1930 613 1994 sed
637 1931 718 2012 quod
741 1930 786 1993 ita
809 1927 967 1992 diabolicis
990 1926 1238 1993 infestationibus
1261 1927 1440 2011 fatigeturet

259 2056 283 2094 a
311 2032 515 2098 subiectorum
533 2032 592 2097 sibi
608 2033 752 2098 uitiorum
768 2032 931 2098 incentiuis
946 2037 1066 2117 agatur,
1081 2039 1142 2098 ute
1157 2032 1284 2097 domiuo
1299 2038 1440 2097 mercetur

310 2138 415 2203 occidi.
461 2157 567 2202 uerum
592 2150 626 2203 ut
649 2138 740 2203 etiam
769 2137 888 2203 inimici
911 2137 959 2202 sui
981 2142 1119 2220 pereant,
1143 2156 1334 2220 quamquam
1356 2134 1437 2201 adid

312 2240 505 2322 potissimum
529 2248 559 2306 et
582 2260 694 2307 nomen
719 2247 750 2306 et
773 2241 986 2307 misericordia
1008 2241 1059 2307 dei
1075 2247 1131 2312 est,
1153 2246 1258 2306 tamen
1274 2260 1344 2305 cum
1359 2240 1438 2304 etiam

310 2368 346 2412 ca
369 2353 543 2422 causaest,
568 2348 651 2431 quod
675 2365 784 2411 seruus
807 2346 857 2411 dei
880 2354 937 2423 est,
960 2347 1046 2411 euius
1069 2346 1205 2409 animam
1221 2349 1438 2428 persequantur.

311 2464 342 2517 et
364 2451 533 2518 liberalitas
557 2452 745 2517 admiscetur
767 2457 798 2515 et
821 2450 963 2516 meritum
996 2457 1087 2534 atque
1116 2452 1157 2515 ad
1187 2450 1305 2516 domini
1334 2447 1437 2513 miseri·

257 2576 268 2613 2
309 2557 444 2622 cordiam
467 2556 548 2621 serui
573 2574 695 2640 quoque
718 2562 749 2621 et
770 2554 850 2621 fides
873 2566 904 2621 et
926 2573 1039 2620 nomeu
1064 2554 1256 2638 adiungitur:
1278 2560 1312 2617 ut
1332 2552 1437 2617 miseri·

309 2662 411 2726 cordio
436 2661 495 2737 dei,
518 2680 708 2745 quamquam
743 2660 888 2725 omnibus
921 2665 1065 2740 prompta
1093 2659 1142 2735 sit,
1179 2657 1228 2723 his
1258 2665 1366 2733 nmen,
1393 2655 1436 2739 qui

309 2764 390 2831 serui
414 2766 480 2829 eius
504 2771 584 2841 suut,
608 2764 806 2848 intellegatur
827 2764 979 2829 adsistere
1013 2784 1069 2845 per
1102 2782 1174 2828 euru
1208 2770 1239 2827 et
1272 2762 1303 2826 in
1326 2782 1367 2839 eo,
1394 2760 1437 2843 qui

308 2868 363 2934 ait:
399 2888 471 2953 ego
506 2888 589 2933 sum
624 2868 832 2934 uobiscum
868 2868 1053 2933 omnibus
1087 2867 1233 2932 diebus
1262 2865 1437 2951 usquein

351 3105 385 3158 28
404 3104 501 3158 Matth.
521 3104 646 3168 XXVIII,
665 3106 707 3159 20.

349 3321 498 3389 &postulet
509 3320 731 3389 GRexpostulat
740 3338 806 3374 corr.
814 3339 835 3391 p
869 3321 1178 3389 baccumGequumR
1213 3316 1438 3392 'isintGpsuutli

305 3462 322 3514 8
340 3460 489 3514 indesoreti
510 3460 535 3513 G
588 3476 652 3513 cum
670 3477 723 3527 que
741 3477 757 3513 a
775 3461 956 3514 tribulatione
974 3461 1026 3515 GR
1038 3418 1056 3529 ui
1068 3462 1093 3515 dt
1104 3468 1139 3514 ed
1151 3478 1167 3514 a
1179 3461 1357 3515 tribulatione
1370 3454 1436 3529 plui)

978 3556 993 3585 Ι

305 3603 322 3653 9
349 3600 445 3654 eodem
467 3600 518 3652 GR
536 3598 561 3651 ἅ
578 3600 674 3653 eadem
690 3596 764 3670 pol)
819 3600 884 3667 quia
905 3600 956 3652 GR
975 3617 992 3668 q
1001 3597 1021 3668 ll
1039 3602 1081 3663 (a
1099 3594 1174 3671 qllp
1235 3602 1268 3656 10
1286 3600 1315 3654 in
1332 3598 1437 3654 salutem

305 3686 510 3741 misericordiae
528 3686 663 3740 iudioium
675 3687 700 3739 G
711 3686 741 3740 in
754 3687 976 3741 misesericordiae
994 3686 1128 3741 iudicium
1139 3688 1178 3741 rte
1189 3688 1219 3741 iu
1231 3683 1435 3742 misericordiam

305 3772 438 3827 iudicium
453 3775 490 3843 pb
553 3775 583 3827 ll
611 3778 784 3841 temperetur
804 3775 842 3826 Ge
860 3779 1031 3843 temperatur
1049 3775 1109 3845 pr
1164 3776 1196 3829 18
1221 3768 1435 3843 persecunturG

305 3866 506 3928 persequentur
519 3860 592 3931 Rpla'
643 3878 706 3914 curn
724 3878 841 3929 corpore
852 3862 925 3932 GpE
941 3878 1057 3929 corpore
1068 3862 1094 3915 R
1147 3864 1180 3916 15
1197 3862 1379 3915 subiectorum
1389 3854 1434 3910 Gll

305 3947 355 4000 sub
382 3948 547 4001 iniectorum
566 3948 616 4018 pn
665 3948 887 4002 inaenzzuis
912 3955 1014 4017 agaim
1033 3949 1058 4001 G
1085 3948 1233 4003 incentiuis
1263 3952 1388 4017 arguatur
1410 3942 1433 3995 R

305 4032 453 4087 incentiuis
472 4033 605 4088 aduratur
623 4052 636 4088 e
654 4034 790 4089 incendiis
809 4036 942 4089 aduretur
957 4034 1048 4108 p(,l)t
1066 4036 1194 4105 ςΜσαᾱ.
1209 4054 1237 4106 p.
1250 4034 1288 4089 43
1336 4028 1432 4087 aridii

306 4174 453 4225 teucrum
473 4172 525 4226 GR
542 4190 628 4244 om.p
683 4175 715 4228 l'l
733 4190 796 4228 cum
815 4194 863 4229 om.
883 4176 908 4229 Ii
963 4178 995 4229 19
1013 4130 1163 4229 admiseeti·
1182 4175 1209 4227 G
1260 4177 1294 4229 93
1310 4188 1388 4240 usque
1402 4169 1428 4221 iu

306 4259 347 4326 Rp
366 4274 452 4325 usqua
470 4258 505 4311 ad
524 4260 557 4311 Ε.
