3075 4967
300 260 363 325 828
434 304 436 307 -
644 264 757 315 serrati
779 263 914 315 llilarii
933 264 1094 331 episcopi

300 452 405 527 ultani,
430 472 497 533 qua·
522 459 619 515 morte
641 453 864 533 intercipiendo
887 460 977 527 esset,
1000 451 1187 534 adquirent‘?
1231 461 1259 514 et
1288 450 1368 526 ideo,
1393 449 1438 531 qui
1520 481 1521 492 κ

299 555 429 638 populus
469 556 576 621 beatus
614 563 705 623 esset.
743 556 878 621 ostendit
916 556 1037 621 diceus:
1080 557 1224 619 beot-ns
1261 552 1438 634 populus,

299 660 414 725 cuius
447 660 632 724 dominus
663 661 760 725 deus
791 660 887 725 eius.
933 662 1010 725 deus
1033 660 1084 724 ille
1108 660 1259 725 dominus.
1284 658 1347 742 qui.
1372 677 1436 721 cum

299 763 457 845 superiora
487 764 554 828 liaeo
585 770 616 828 et
638 772 760 829 terrene
790 764 974 844 praestiterit,
1006 764 1206 830 aeteruitatem
1238 770 1342 827 temen
1374 761 1437 825 illis.

260 894 272 928 a
299 868 352 951 qui
375 868 424 933 his
447 876 531 933 recte
554 875 688 943 utentur,
712 868 871 947 inpertiet;
896 869 948 952 qui
971 868 1142 934 coheredes
1176 884 1232 931 uos
1262 866 1316 930 tilii
1340 867 1388 931 sui
1411 868 1435 929 iu

299 973 366 1055 ipso
390 979 461 1036 ante
484 971 731 1037 constitutionem
762 972 867 1037 saeculi
897 972 998 1057 elegit,
1029 973 1082 1056 qui
1105 972 1162 1036 erit
1184 972 1260 1035 deus
1284 970 1390 1036 omnia
1411 971 1435 1032 in

298 1076 455 1141 omnibns:
480 1076 538 1155 ipsi
556 1076 661 1159 gloria,
685 1076 760 1153 lane,
786 1077 891 1151 honor,
914 1076 1020 1153 uirtus
1036 1077 1210 1157 imperinm.
1229 1074 1309 1157 patri
1324 1076 1355 1139 iu
1371 1074 1435 1138 filia.

300 1179 362 1243 filio
396 1180 426 1243 in
462 1187 548 1260 patre
579 1188 609 1245 et
639 1181 669 1244 in
701 1193 807 1245 sancto
838 1181 946 1260 spiritu
977 1188 1007 1245 et
1037 1200 1119 1245 nune
1151 1194 1181 1244 et
1210 1199 1335 1259 semper
1359 1188 1387 1243 et
1410 1180 1433 1240 in

298 1284 402 1348 omnia
425 1283 539 1348 secula
561 1282 752 1348 saeculorum.
799 1305 899 1348 alneu.

248 1484 271 1517 ιο
693 1438 878 1521 Pslllltls
907 1438 1041 1520 txllv.

342 1577 605 1653 llxnltnbote,
630 1579 1179 1655 dousmeusetrexmeus,et
1199 1577 1431 1641 benedicam

299 1702 440 1746 nomen
465 1690 572 1747 tuum
600 1682 637 1745 in
661 1681 848 1747 saeoulnm
873 1694 911 1747 ot
933 1683 971 1747 in
995 1682 1354 1767 saeculum'saeculi.

344 1787 371 1850 1.
395 1786 566 1851 Absolutus
601 1792 648 1850 est
681 1787 828 1866 psalmus.
863 1788 913 1851 dei
948 1794 1068 1851 tantum
1097 1786 1238 1852 laudibus
1266 1800 1430 1865 occupatus.

301 1892 355 1955 sed
380 1902 410 1955 et
433 1889 535 1954 titulus
559 1890 624 1971 ipse
648 1890 744 1954 solem
768 1892 918 1955 contineri
934 1892 964 1954 in
981 1891 1101 1973 psalmo
1125 1891 1374 1971 predicationem
1388 1888 1429 1952 dei

248 2018 271 2055 1⁵
300 1994 414 2059 edocet.
459 1994 578 2058 adiecto
601 2000 705 2058 eutem
721 1996 893 2059 secundum
910 1996 1077 2079 graecitatis
1093 1994 1345 2059 consuetudinem
1361 2012 1430 2056 nunt·

299 2119 429 2182 quoqne,
463 2104 497 2162 nt
527 2098 557 2162 in
588 2098 699 2163 ceteris
733 2098 812 2171 eliis,
849 2100 1029 2180 pronomine
1062 2100 1198 2163 ostendit
1230 2098 1316 2163 illum
1343 2097 1427 2161 llauid

298 2204 356 2268 isto
379 2202 523 2267 laudante
545 2202 671 2267 laudari.
716 2210 747 2267 et
770 2203 840 2287 quis
864 2204 914 2267 hic
930 2206 977 2279 sit,
1001 2223 1095 2287 quem
1110 2203 1248 2284 psalmus
1264 2202 1315 2267 hic
1332 2202 1428 2265 laudet.

300 2308 436 2372 clamant
458 2308 597 2372 omnium
620 2315 797 2388 temporum
821 2328 930 2373 omnes
952 2307 1132 2388 prophetiae,
1155 2316 1187 2370 ut
1212 2307 1262 2371 hic
1286 2308 1350 2386 ipse
1368 2324 1426 2389 pro·

299 2412 394 2493 plretu
417 2432 500 2492 saepe
524 2412 562 2476 de
585 2431 620 2475 eo
644 2410 685 2475 ita
708 2418 899 2477 contestatus
930 2419 991 2477 est:
1026 2414 1145 2477 sedes
1168 2418 1241 2487 tua,
1272 2412 1374 2475 deus.
1395 2410 1425 2471 in

247 2536 272 2574 aa
300 2514 487 2581 saeculum
512 2513 666 2579 saeculi:
697 2516 820 2598 uirga
849 2516 1060 2599 equitatis
1095 2516 1212 2600 uirga
1242 2515 1355 2598 regni
1376 2512 1425 2577 tui

299 2619 485 2683 dilexisti
526 2618 725 2683 iustitiam
773 2626 811 2683 et
844 2620 971 2684 odisti
1009 2620 1293 2703 iniquitatem3
1328 2638 1424 2698 prop·

298 2734 410 2787 terea
432 2724 547 2787 unxit
570 2735 607 2787 te
632 2723 736 2799 deus,
767 2724 866 2788 deus
890 2730 990 2788 tuus,
1036 2732 1065 2788 et
1080 2744 1219 2788 rursum:
1243 2732 1281 2789 et
1302 2724 1424 2787 adora·

299 2826 396 2889 bunt
426 2847 511 2891 eum
543 2846 679 2891 omnes
714 2846 843 2910 reges
867 2836 905 2892 et
927 2848 1064 2893 omnes
1087 2836 1232 2911 gentes
1256 2828 1423 2893 seruient

298 2930 342 2994 ei.
389 2931 468 2995 erit
502 2952 642 2995 nomen
675 2934 761 2996 eius
797 2932 1060 2997 benedictum
1096 2933 1133 2996 in
1165 2930 1422 3002 saeculaunte

245 3056 270 3093 as
298 3033 423 3099 solem
458 3042 670 3115 permanet
704 3056 844 3100 nomen
880 3036 976 3101 eius.
1021 3043 1058 3100 et
1081 3032 1420 3100 benedicenturin

298 3159 339 3203 eo
363 3158 500 3202 omnes
526 3140 656 3204 tribus
688 3148 815 3217 terrae,
850 3160 988 3205 omnes
1022 3154 1170 3223 gentes
1201 3137 1421 3223 magnilica·

298 3244 394 3307 liunt
417 3263 511 3307 eum.
560 3242 649 3309 huius
674 3244 766 3326 igitur
790 3243 855 3308 laus
879 3250 1017 3307 cantatur
1042 3243 1099 3308 hoc
1130 3242 1257 3324 psalmo,
1287 3264 1321 3307 en
1348 3241 1420 3304 cuius

298 3366 430 3427 persona
453 3347 568 3411 dictum
592 3347 804 3411 meminimus:
829 3368 902 3431 ego
925 3355 1055 3412 autem
1080 3348 1330 3413 constitutus
1350 3360 1419 3407 suut

297 3472 365 3515 rea
388 3451 432 3514 ab
457 3472 500 3515 eo
523 3470 643 3530 super
667 3451 759 3515 Sion
787 3458 959 3516 montem
984 3458 1168 3516 sanctum
1193 3452 1289 3516 eius.
1318 3445 1419 3513 domi·

244 3576 270 3613 aa
298 3574 367 3619 nus
391 3554 496 3619 dixit
519 3556 564 3617 ud
589 3574 659 3619 me:
684 3554 798 3620 lilius
821 3574 931 3620 meus
955 3575 995 3620 es
1020 3562 1069 3637 tn,
1094 3576 1164 3638 ego
1181 3548 1417 3638 trodiegenni

342 3714 374 3765 19
392 3712 434 3764 Pu.
453 3712 547 3776 XLIV,
567 3716 581 3765 7
602 3729 640 3779 sq.
677 3714 711 3764 22
729 3712 773 3764 Ps.
792 3711 889 3780 LXXI,
910 3715 956 3778 ll;
976 3714 1017 3765 17.
1069 3716 1105 3765 28
1123 3712 1166 3765 Ps.
1185 3713 1255 3779 11,t
1274 3730 1311 3779 sq.

1376 3839 1388 3866 u

341 3888 499 3940 lessentt‘
544 3886 690 3953 adquireut
701 3888 740 3939 ltt
750 3886 931 3953 adquirerent
942 3890 981 3939 (ie
1025 3888 1260 3955 quiGREquisr
1301 3881 1416 3938 nemeti

295 3974 401 4024 aaut}
453 3974 556 4026 cnseo
575 3978 603 4026 et
621 3980 731 4026 terrena
751 3976 777 4025 t·
795 3974 862 4026 haec
890 3982 999 4027 terrena
1018 3975 1073 4026 nl}
1123 3974 1207 4041 thui
1230 3974 1286 4027 erit
1303 3966 1415 4035 anquis

296 4058 350 4111 erit
363 4060 388 4111 R
401 4060 447 4126 qui
462 4066 503 4112 est
516 4080 530 4111 r
583 4062 600 4114 8
617 4060 647 4112 in
666 4064 761 4112 canoto
780 4060 881 4127 spiritu
900 4070 958 4122 tarra.
978 4066 1015 4121 etl
1038 4062 1077 4112 llr
1095 4060 1169 4113 etin
1188 4060 1289 4128 spiritu
1306 4052 1416 4110 mucul

296 4144 421 4213 Explicit
439 4146 561 4213 psalmus
575 4146 684 4198 CXLlll
698 4146 763 4212 inttp
777 4146 901 4200 CXLllli
915 4147 940 4198 R
952 4148 1052 4214 Explid
1071 4148 1123 4200 lib.
1147 4166 1157 4202 ς
1179 4146 1270 4213 ylurii.
1288 4146 1321 4198 do
1336 4146 1414 4210 [tritt

299 4233 330 4284 16
348 4232 511 4298 pronomine
532 4234 558 4283 ll
573 4234 750 4299 praenomine
771 4234 795 4285 R
850 4236 880 4283 17
901 4234 1005 4285 landari
1025 4252 1055 4285 er·
1073 4234 1186 4286 laudare
1205 4254 1236 4285 na.
1258 4235 1273 4285 1
1292 4233 1321 4285 lt.
