3075 4967
386 307 567 356 tractatus
591 303 626 356 in
652 303 825 372 psalmum
850 301 970 357 CXVIII.
1185 301 1248 366 377

119 513 179 575 qua
201 512 253 556 nos
274 494 314 558 ad
336 493 563 558 obseruantiam
588 499 680 577 atque
703 515 780 575 opus
803 495 986 560 innocentiae
1016 494 1186 569 instituunt,
1218 500 1250 558 ut

118 595 184 660 illud
205 603 263 662 est:
297 617 359 662 non
382 598 512 670 occides,
536 617 597 662 non
622 597 828 664 moechaberis
859 605 890 663 et
919 607 1023 664 cetera
1052 597 1102 663 his
1125 597 1247 664 similia.

118 698 179 766 hac
199 719 270 785 ergo
293 707 481 780 exercentur,
505 703 579 785 quia
600 702 632 766 iu
656 701 705 767 his
728 702 915 784 operationis
931 709 980 768 est
993 723 1069 767 usus
1091 723 1148 783 per
1169 722 1247 784 prae-

7 819 9 826 ’
117 805 238 868 sentium
260 825 294 870 se
317 805 566 870 exercitationem
589 808 629 871 ad
654 806 754 871 futura
773 805 969 872 confirmans.
1017 805 1247 872 iustificationes

116 915 207 972 autem
229 914 306 987 sunt,
330 908 442 992 quibus
466 910 617 976 Hebraeus
647 931 723 991 puer
751 911 899 976 sexennio
922 931 1029 976 seruus
1059 910 1138 976 liber
1160 911 1247 976 dein·
1287 936 1300 974 a

117 1031 179 1092 ceps
200 1033 278 1076 anno
301 1015 435 1095 septimo
457 1013 519 1091 fiet,
542 1021 572 1080 et
587 1021 657 1096 post
671 1035 725 1080 sex
740 1035 891 1080 annorum
907 1015 1025 1081 fructus
1039 1035 1116 1099 ager
1131 1016 1246 1080 otiosus

114 1115 321 1199 relinquendus
360 1123 417 1194 est,
455 1123 485 1182 et
523 1124 624 1184 cetera
661 1119 692 1183 in
730 1117 978 1184 iustificationum
1018 1120 1244 1185 obseruantiam

116 1221 272 1298 constituta,
296 1241 366 1304 quae
390 1223 547 1306 ingentem
571 1223 602 1287 iu
626 1243 660 1288 se
675 1221 793 1288 babent
808 1225 916 1289 futurae
929 1224 994 1305 spei
1010 1224 1246 1289 meditationem

116 1341 162 1403 per
181 1325 295 1409 negotii
318 1325 479 1407 praesentis
502 1325 654 1392 effectum.
699 1332 794 1411 abque
823 1327 893 1393 ideo
922 1327 954 1391 in
985 1327 1034 1393 bis
1068 1327 1245 1405 meditatur,

115 1433 142 1490 ut
159 1429 186 1492 iu
209 1430 364 1494 mandeba
387 1435 561 1496 exercetur:
596 1431 669 1514 quia
703 1432 878 1497 exercitatio
907 1452 998 1496 usum
1028 1432 1142 1497 retinet
1174 1451 1245 1497 con·
1272 1455 1297 1492 ιο

114 1532 269 1598 suetudinis
292 1535 448 1612 institutae,
481 1535 639 1600 meditatio
669 1540 772 1600 autem
803 1555 838 1600 se
868 1536 900 1599 in
929 1535 970 1613 id,
1001 1536 1084 1619 quod
1106 1537 1243 1601 nondum

116 1635 235 1715 obtinuit,
262 1639 409 1715 extendit,
432 1644 467 1703 ut
489 1659 545 1719 per
564 1640 798 1704 meditationem
821 1640 861 1718 id,
885 1639 968 1724 quod
991 1639 1113 1724 expetit,
1136 1659 1244 1705 conse·

116 1745 223 1822 quator;
260 1762 329 1825 quea
364 1743 522 1807 meditatio
557 1743 780 1809 iustificationis
813 1745 846 1808 id
877 1744 1082 1828 consequitur,
1117 1765 1156 1810 ne
1179 1764 1244 1809 eer-

113 1861 220 1908 nonum
243 1851 277 1911 et
299 1845 539 1927 promissionum
563 1848 712 1929 subrepat
733 1847 856 1914 obliuio.
966 1859 973 1868 ’

604 1983 737 2066 orror.
1271 2026 1295 2064 a
1328 1943 1334 1956 '

146 2117 339 2188 Retribue
377 2143 495 2190 seruo
534 2132 606 2202 tuo,
641 2125 790 2190 uiuam:
826 2134 864 2190 et
897 2125 1128 2191 custodiam
1164 2147 1241 2192 ser·

112 2241 229 2291 nones
255 2234 344 2292 tuos
368 2227 546 2311 etreliqua.

147 2345 171 2410 1.
192 2347 311 2429 Quibus
346 2369 407 2414 non
441 2355 489 2414 est
526 2357 671 2416 conatam
707 2352 865 2417 emundati
904 2351 1007 2416 cordis
1044 2353 1240 2429 conscientia,

112 2453 215 2526 precari
249 2451 310 2518 isba
343 2452 502 2537 prophetae
525 2475 600 2520 uoce
634 2474 695 2520 non
729 2463 872 2536 possunt:
907 2456 1091 2520 retribue
1122 2475 1241 2521 seruo

111 2559 171 2619 tuo.
213 2559 239 2623 si
263 2557 347 2623 enim
371 2557 466 2642 digna
488 2560 656 2625 secuudum
688 2580 784 2641 opera
812 2568 917 2625 nostra
939 2561 1098 2624 retributio
1131 2561 1239 2639 aderit,
1266 2578 1292 2616 ὀ

112 2655 137 2718 in
165 2667 357 2738 peccatorum
395 2681 431 2726 ac
469 2661 649 2728 delictorum
688 2669 864 2729 nostrorum
902 2664 1002 2745 poenis
1037 2665 1239 2731 manebimus.

113 2760 176 2824 satis
201 2771 302 2830 autem
333 2771 388 2840 est
412 2767 510 2831 sicui
533 2765 673 2832 uelhaec
706 2767 810 2832 saltim
844 2768 958 2834 fiducia
990 2766 1166 2852 gratulandi
1200 2770 1241 2834 ad

112 2861 253 2932 dominum
276 2868 385 2934 luerit:
415 2889 491 2934 non
516 2873 736 2936 secundum
767 2883 937 2952 peccata
967 2880 1109 2939 nostre
1139 2874 1240 2938 fecit

112 2967 602 3056 nobis,nequeseoundum
626 2976 1241 3043 iniustitiasnostrasreddidit

146 3091 176 3145 ld
191 3093 231 3148 Pa.
251 3095 307 3164 cll,
329 3097 374 3162 103
395 3098 504 3163 113123
527 3099 567 3152 14.

148 3189 225 3299 lquIe
242 3253 310 3288 corr.
329 3253 361 3288 or.
376 3233 396 3288 2
410 3235 436 3288 V
451 3253 505 3304 que
525 3237 548 3290 C
564 3254 618 3305 quo
637 3256 650 3290 e
669 3239 734 3306 quia
750 3239 785 3310 pb
838 3237 937 3292 ailina
958 3239 983 3291 V
1032 3238 1157 3322 occidere
1172 3257 1239 3292 corr.

109 3369 203 3422 arv
250 3320 326 3461 dle-o
354 3391 419 3427 corr.
447 3393 479 3426 ru.
509 3374 524 3425 1
548 3375 573 3428 R
599 3375 628 3428 in
653 3375 696 3430 his
711 3373 748 3446 pb
801 3381 949 3431 exercetur
962 3378 1000 3448 pb
1053 3382 1095 3430 est
1121 3394 1193 3431 unus
1217 3379 1242 3430 V

107 3470 357 3531 texereitationum
376 3477 421 3531 Vc
470 3477 623 3533 dhebreus
639 3477 687 3533 VR
742 3481 848 3534 sexenii
864 3482 943 3535 Vsex
961 3479 1041 3534 anuis
1060 3481 1088 3532 E
1139 3497 1238 3535 seruus

108 3623 134 3660 ez
149 3614 259 3668 seruili
312 3565 387 3671 eslt
404 3634 470 3670 corr.
489 3636 521 3670 m.
542 3617 557 3670 l
582 3619 607 3671 V
657 3618 782 3686 lladque
808 3619 856 3672 VR
911 3624 942 3675 10
960 3615 1098 3705 exercffpt‘
1119 3615 1185 3684 (eatL
1209 3623 1237 3673 ia

1211 3717 1222 3745 Ι

105 3763 150 3800 rac.
167 3769 198 3804 m.
214 3752 245 3819 3)
273 3755 299 3808 R
325 3760 520 3810 exerceature
573 3757 621 3824 qui
651 3757 850 3812 exercitatione
877 3759 1023 3813 retinetC
1074 3762 1105 3813 ll
1125 3758 1154 3811 in
1181 3758 1210 3812 id

106 3849 163 3886 corr.
188 3857 219 3892 nu
243 3839 307 3895 3R
362 3843 394 3895 ld
413 3859 483 3910 quae
502 3843 734 3912 *consequitur
760 3861 810 3898 om.
837 3846 918 3915 RCpe
945 3845 1071 3914 Explicit
1097 3845 1192 3899 littera
1210 3845 1237 3899 II

106 3918 196 3991 incipit
216 3926 308 3981 littera
332 3928 372 3984 III
396 3929 516 3982 feliciter
540 3929 564 3983 V
580 3930 656 3984 Finit
675 3931 701 3983 R
718 3931 796 3985 Finit
822 3931 893 3985 Beth
919 3931 961 3985 lit.
989 3932 1110 3985 secunda
1136 3933 1238 4000 incipit

106 4003 186 4062 Gimel
211 4012 248 4067 lit.
275 4016 314 4069 ΙΠ
344 4013 436 4086 θρζΑ)
492 4018 524 4070 16
544 4020 571 4069 et
598 4016 692 4070 uiuam
711 4018 765 4070 RE
820 4020 853 4072 le
871 4016 995 4072 emr'rdati
1018 4037 1049 4072 er
1073 4023 1101 4072 et
1127 4017 1236 4072 mirdati

106 4093 169 4146 tn?
192 4097 214 4149 V
263 4104 295 4156 19
312 4103 437 4171 praecari
462 4103 487 4157 V
532 4112 593 4173 port
620 4119 701 4157 seruo
728 4109 778 4157 tuo
806 4104 832 4157 R
855 4107 915 4157 odd.
941 4102 1050 4158 deuiud
1102 4107 1133 4160 21
1156 4121 1188 4158 ac
1206 4124 1236 4159 er

106 4175 192 4234 hacR
239 4189 334 4255 poenis
352 4207 424 4259 capr.
442 4206 493 4243 eor.
509 4207 543 4242 or.
561 4187 625 4243 3R
678 4191 712 4244 22
730 4196 774 4245 cst
792 4195 885 4243 autem
899 4184 984 4245 Eeni
1001 4198 1045 4245 est
1060 4194 1098 4263 Cp
1151 4192 1236 4246 sicuti

111 4264 132 4316 V
140 4268 218 4324 ouiR
267 4275 364 4328 saltem
380 4276 447 4346 Ops
498 4277 532 4330 23
550 4275 597 4329 dm
616 4277 641 4329 V
641 4277 663 4329 O
712 4277 747 4330 ab
765 4277 888 4330 reddidit
907 4296 938 4331 cc
954 4277 1047 4333 reddit
1058 4279 1186 4350 preddit
1207 4279 1234 4332 Ο.
