3075 4967
389 274 572 324 tractatus
596 269 632 323 in
656 270 828 339 psalmum
853 268 928 323 Xlll.
1191 267 1233 332 79

110 461 198 543 populi
209 463 360 528 deducens
372 473 460 527 curat
482 459 649 544 diligenter
671 472 702 525 et
724 467 811 526 caute
832 479 888 540 per
910 457 1005 524 officii
1026 459 1233 525 reuerentiam

109 567 179 650 ragis
200 565 374 632 satisfacere
399 563 550 649 dignitati,
580 573 613 628 ut
643 583 715 628 cum
745 563 862 628 honore
892 583 928 630 ac
955 563 1106 647 religione
1129 565 1234 628 omnia

109 677 135 733 et
152 667 316 754 relegantur
339 677 370 734 et
392 669 568 734 audiantur:
592 675 706 752 quanto
729 668 832 752 magIs
855 669 1001 734 conuenit
1031 667 1081 734 dei
1111 667 1234 751 eloquia

109 773 140 836 ad
160 775 357 858 cognitionem
380 773 551 838 humanam
573 779 777 838 retractantes
812 773 924 856 dignos
953 792 1010 836 uos
1040 771 1100 836 boc
1129 771 1232 838 officio

109 877 259 956 prestare?
302 897 409 942 sumus
433 878 515 942 euim
539 876 696 960 quoddam
719 877 818 941 sancti
840 876 967 960 spiritus
993 895 1154 959 organum,
1176 897 1233 958 por
1272 902 1285 938 s

110 981 176 1064 quod
196 981 275 1047 uocis
307 983 442 1046 uarietas
466 993 496 1046 et
519 982 664 1045 doctnnae
688 981 851 1045 diuersitas
874 979 1027 1046 audienda
1050 986 1106 1045 ost.
1151 981 1231 1065 uigi-

109 1083 216 1150 landum
239 1105 311 1170 ergo
335 1092 366 1150 et
387 1085 558 1150 curandum
582 1091 638 1162 est,
660 1095 695 1149 ut
708 1083 787 1148 nibil
802 1082 917 1148 humile
932 1085 1070 1149 dicamus
1092 1095 1232 1150 metuon-

109 1195 147 1254 tas
173 1187 257 1254 huius
286 1190 448 1255 sententiaa
477 1188 596 1274 legem:
633 1187 882 1254 maledictus
913 1189 1043 1252 omnis
1073 1188 1233 1255 iaciens

109 1312 212 1373 opera
234 1294 297 1359 dei
319 1292 609 1376 neglegenter;
638 1293 795 1373 proposito
817 1297 926 1357 contra
948 1292 1075 1373 proemio
1097 1311 1178 1358 curae
1200 1300 1233 1358 et

109 1395 257 1480 diligentiae
280 1417 396 1475 eorum,
421 1397 473 1480 qui
496 1416 567 1462 curn
590 1398 909 1462 reuerentiaacmetu
926 1398 1230 1476 sanctasscripturas
1260 1424 1283 1457 ro

109 1499 157 1564 sibi
183 1506 337 1585 tamquam
368 1501 418 1566 dei
447 1501 543 1566 uerba
577 1501 784 1566 conmsudent
806 1506 837 1565 et
859 1521 931 1565 cum
955 1499 1060 1565 debita
1081 1500 1231 1583 dignitate

108 1624 136 1668 eu
154 1606 302 1671 insinuent
325 1605 483 1671 mentibus
506 1605 703 1682 audientium,
727 1605 852 1669 domino
876 1605 1011 1670 dicente:
1043 1611 1082 1669 et
1111 1625 1231 1685 super

109 1728 204 1791 quem
233 1710 440 1790 aspiciam,
472 1709 551 1772 uisi
583 1727 703 1789 super
733 1707 927 1774 humilem
957 1722 997 1774 et
1026 1709 1163 1774 mitem
1195 1717 1232 1773 ct

109 1819 328 1878 trementem
362 1813 488 1878 uerba
521 1811 627 1876 rnea'?
672 1817 791 1892 oportet
829 1813 924 1896 igitur
961 1817 993 1876 et
1026 1813 1231 1893 praedicantes

108 1917 264 1983 existimare
299 1937 360 1982 nou
396 1917 573 1981 hominibus
607 1936 641 1980 se
675 1915 768 1999 loqui,
804 1926 834 1981 et
863 1917 1024 1981 audientes
1057 1917 1136 1981 scira
1170 1936 1230 1982 uou
1259 1943 1284 1976 a

109 2019 249 2086 bominum
272 2022 332 2087 sibi
355 2022 449 2086 uerba
471 2020 610 2101 proferri,
633 2020 690 2085 sed
713 2039 783 2084 esse
806 2020 857 2085 dei
880 2021 1043 2098 uocesdei
1058 2021 1231 2098 constituta

109 2123 148 2188 dei
167 2124 259 2208 leges,
283 2137 314 2191 et
337 2124 541 2190 reuerentiam
577 2125 746 2189 maximam
777 2125 899 2206 utrique
929 2123 1031 2189 officio
1060 2126 1230 2190 conuenire.

109 2228 217 2293 maximi
240 2231 323 2294 enim
347 2227 474 2309 periculi
496 2248 547 2292 res
570 2235 624 2306 est,
648 2229 687 2293 de
703 2226 877 2294 thensauris
892 2229 953 2306 dei,
976 2229 1016 2294 de
1030 2230 1232 2294 sacramentis

109 2333 271 2412 reconditis,
314 2333 354 2398 de
391 2339 574 2398 testamento
610 2338 726 2397 aeteruo
764 2331 883 2415 aliquid
918 2337 971 2397 aut
1007 2351 1232 2413 superuacuum

107 2434 234 2513 prolerre,
267 2443 321 2502 aut
359 2435 579 2520 neglegentem
609 2436 724 2501 audire.
769 2435 983 2519 consignanda
1019 2442 1091 2500 suut
1127 2438 1233 2502 omnia
1258 2461 1283 2498 oo

108 2539 208 2616 animis,
232 2540 480 2606 commendanda
507 2541 658 2618 sensibus,
690 2541 763 2624 quia
792 2539 872 2604 nihil
902 2548 950 2605 est
977 2540 1143 2605 uerborum
1173 2541 1233 2619 dei,

107 2643 174 2723 quod
201 2663 260 2708 non
290 2643 332 2708 sit
369 2642 564 2724 inplendum3
600 2655 630 2708 et
660 2663 760 2720 omne,
791 2645 873 2727 quod
905 2644 1024 2709 dicturm
1053 2651 1109 2722 est,
1139 2644 1233 2710 habat

108 2749 245 2826 quandam
259 2748 325 2813 iam
340 2747 497 2813 alliciendi
512 2748 737 2824 necessitatem,
754 2749 827 2831 quia
838 2748 887 2813 dai
903 2747 999 2813 uerba
1013 2749 1138 2814 decreto
1151 2754 1232 2814 sunt

142 2849 165 2914 2.
187 2853 242 2932 Qui
265 2851 362 2918 lectus
386 2859 433 2917 est
455 2850 601 2931 psalmus,
626 2851 663 2916 iu
695 2851 820 2916 finem
842 2852 1028 2919 inscribitur.
1073 2852 1100 2917 si
1122 2873 1231 2918 omnes

108 2951 141 3016 ita
158 2953 404 3031 inscriberentur,
428 2955 508 3020 nihil
531 2962 613 3021 esset
637 2955 827 3021 difficultatis
835 2979 842 3035 ;
867 2955 1045 3021 excluderet
1067 2957 1150 3020 euim
1167 2976 1232 3020 om·
1258 2980 1284 3016 a

108 3073 165 3120 uem
187 3059 372 3142 generalitas
403 3060 613 3142 quaestionem.
659 3059 715 3124 ssd
737 3079 808 3124 cum
831 3057 925 3124 aliam
948 3059 1025 3124 alius
1049 3059 1164 3124 babeat
1186 3060 1232 3124 iu-

108 3161 295 3242 scripdouem
320 3183 357 3227 er
381 3163 480 3228 causis
504 3163 636 3228 diuersis
666 3169 785 3229 tantum
815 3183 943 3229 necesse
966 3173 1015 3228 est
1037 3164 1231 3230 diuersitatas

107 3263 322 3348 inscriptionum
346 3267 492 3332 extitisse.
539 3266 650 3348 duplex
679 3273 782 3332 autem
811 3268 842 3331 in
865 3267 924 3344 his,
955 3268 1008 3350 qui
1038 3267 1077 3332 in
1107 3269 1232 3333 sinam

107 3372 287 3452 superscripti
311 3377 390 3448 suut,
414 3369 626 3455 intellegentia
648 3378 711 3437 est:
742 3379 795 3437 sut
825 3372 907 3437 euim
930 3391 975 3449 ea
1006 3391 1075 3454 quse
1105 3373 1137 3436 in
1160 3392 1232 3436 con·

108 3475 293 3540 summatibus
316 3479 414 3552 eruut
436 3475 645 3554 continebunt,
668 3481 855 3555 sulcorum,
877 3495 948 3559 quae
970 3475 1001 3538 iu
1026 3481 1087 3539 toto
1110 3474 1231 3554 psalmo
1258 3501 1283 3537 co

108 3584 181 3641 erunt
200 3579 290 3658 dicta,
314 3578 538 3644 absolutionem
561 3579 674 3659 psalmi
696 3580 768 3644 finis
790 3579 945 3660 inpertiet.
990 3590 1062 3643 sunt
1083 3585 1184 3643 autem
1198 3580 1232 3644 in

107 3680 207 3756 psalmo
243 3683 350 3747 omnia
380 3701 498 3764 aspera,
536 3682 699 3761 horrenda,
730 3689 871 3765 pertaesa,
901 3681 1104 3764 blasphemiis
1135 3681 1233 3763 plena,

140 3786 285 3842 bllier'em.
305 3785 431 3854 XLVIII,
450 3789 491 3841 10.
525 3789 561 3841 12
579 3787 651 3842 Esai.
671 3787 767 3854 LXVI,
786 3790 810 3842 2.

140 3908 259 3962 isumus
278 3927 309 3962 ex
327 3926 450 3962 summus
469 3927 501 3962 m.
521 3907 584 3963 2V
633 3908 754 3963 'lniohil
773 3920 795 3962 ct
813 3911 849 3963 sic
866 3927 944 3980 coepe
961 3929 977 3962 r
1032 3911 1064 3963 10
1082 3913 1190 3963 sanctas
1203 3927 1234 3963 cz

108 3998 202 4048 nudus
219 3993 289 4048 nn?
312 3995 339 4051 V
387 3995 540 4051 scribturas
564 3997 589 4050 V
640 3998 672 4050 17
700 3995 846 4064 utriusqus
872 4017 887 4049 r
940 3997 974 4051 18
995 3996 1137 4050 thesauris
1166 3993 1233 4050 V‘rb

108 4075 135 4128 ld
149 4082 319 4152 negligenter
330 4083 361 4135 rb
370 4082 440 4151 sort.
453 4093 518 4136 recte
571 4081 663 4136 omniu
681 4083 781 4136 animis
799 4101 830 4137 ex
847 4083 941 4137 omnis
958 4076 1005 4136 eni
1018 4083 1193 4136 animiscit?
1212 4083 1237 4135 V

108 4163 135 4216 bl
148 4165 175 4220 in
190 4165 242 4222 fine
265 4167 292 4222 V
341 4171 375 4222 ab
393 4167 462 4222 alius
482 4168 564 4222 aliam
582 4171 612 4222 rb
664 4169 876 4224 inscribtionem
899 4170 925 4222 V
972 4172 1008 4223 28
1026 4170 1056 4222 in
1074 4169 1128 4222 dne
1147 4170 1183 4223 Vr
1198 4169 1233 4232 cs.

110 4248 144 4304 Ps.
161 4253 203 4317 tr,
220 4273 275 4326 cap.
295 4255 313 4308 1
365 4257 400 4310 39
416 4255 567 4310 blasfemiis
591 4257 620 4310 V.
