3075 4967
403 327 582 376 tractatus
602 323 637 376 iu
657 323 828 391 psalmum
846 322 905 376 Lll.
1165 319 1224 384 131

101 532 217 576 omues
249 511 559 577 demutabimur.
606 513 661 577 sed
695 519 726 576 et
760 510 912 596 propheta
949 518 980 576 et
1017 510 1227 576 confusionem

102 616 314 682 rtrsurrectiouis
338 624 369 682 et
393 615 539 681 honorem
560 617 717 693 discernit,
742 616 784 681 ita
800 615 922 681 diceus:
946 623 984 680 et
1006 624 1228 697 resurgent

101 719 160 784 elii
181 721 339 804 quidem
363 721 403 786 in
425 719 647 796 uitam,·alii
669 721 707 785 in
724 720 1008 786 confusionem
1025 729 1226 784 aeternam.

100 824 308 890 eonfrmdenlur
332 845 415 911 ergo,
439 845 574 908 quorum
608 845 680 890 ossa
713 825 857 909 dispersa
891 832 972 902 saint,
1002 844 1080 908 quos
1110 824 1228 904 spreuit

100 929 172 1006 dens
193 949 266 1012 quos
289 937 450 1012 tamquam
474 929 629 1014 indignos,
654 950 692 994 ne
715 928 891 993 conformes
914 936 1019 994 essent
1040 927 1147 1010 gloriae
1163 948 1226 993 snm
1266 955 1278 990 e

15 1085 16 1088 ,
100 1041 121 1096 et
143 1033 375 1110 resurrectionis,
407 1033 533 1098 abiecit:
567 1033 771 1098 resurrecturi
806 1033 891 1110 adeo,
925 1040 960 1098 ut
991 1032 1227 1109 confundantur,

15 1175 17 1190 ι
101 1155 149 1199 non
168 1138 420 1202 -demutebuntur
452 1157 527 1202 uero
562 1145 592 1202 et
625 1158 662 1202 ex
692 1159 728 1201 eo
762 1136 997 1203 contundentur.
1044 1137 1113 1201 heac
1143 1137 1225 1202 enim

100 1241 314 1306 resurrectionis
339 1249 453 1307 statuta
476 1241 613 1307 condicio
637 1248 691 1318 cst,
714 1241 881 1306 etidcirco
901 1249 1063 1325 tamquam
1086 1260 1124 1306 ea
1148 1261 1226 1321 prae-

100 1344 172 1408 ten'to
193 1366 247 1425 pro
271 1346 386 1410 decreti
412 1345 588 1410 definitione
611 1345 646 1410 tit
669 1365 780 1422 sermo,
803 1344 877 1428 quia
909 1345 949 1424 id,
972 1353 1006 1410 ut
1027 1345 1070 1410 ita
1093 1351 1225 1421 maneat,

100 1448 129 1511 sit
148 1456 302 1513 statutum.
1029 1526 1032 1530 Α
1254 1475 1278 1510 ιο

135 1551 176 1616 18.
199 1551 456 1617 Commemoratis
479 1573 553 1618 uero
575 1552 721 1617 huma-uis
745 1561 776 1618 et
797 1552 967 1618 insolentiae
998 1560 1028 1618 et
1057 1552 1227 1636 iniqnitatis

100 1655 296 1736 impietatibus,
327 1667 361 1722 ut
383 1659 418 1734 is,
449 1657 500 1740 qui
532 1655 618 1722 titulo
653 1657 823 1738 praefertur,
858 1657 1031 1722 intellectus
1065 1658 1097 1722 in
1130 1656 1224 1723 finem

102 1759 180 1837 possit
200 1761 347 1846 intellegi,
373 1761 426 1826 tali
451 1760 600 1842 propheta
623 1780 709 1842 spem
733 1761 893 1826 beatorum
910 1759 982 1825 linis
997 1761 1096 1844 ipsius
1113 1761 1225 1826 adhor-

100 1864 196 1928 tatione
225 1865 386 1930 confirmat
421 1865 542 1930 dicens:
574 1865 667 1948 quis
697 1865 811 1930 dabit
840 1886 884 1932 ex
915 1865 1010 1930 Sion
1040 1865 1226 1932 salutare

102 1965 269 2033 israhel?
295 1971 382 2034 dum
406 1969 559 2034 auertit
582 1968 1223 2054 dominuscaptiuitatemplebis
1253 1993 1276 2028 u

101 2089 173 2149 aua,
194 2072 395 2138 exultabit
418 2073 538 2138 laceb
563 2081 600 2138 et
622 2072 834 2139 laetabitur
854 2073 1028 2139 Israhel.
1067 2074 1226 2140 unaenim

103 2172 157 2239 lac
177 2197 245 2260 spes
267 2175 388 2260 reliqua
412 2177 469 2242 luit
497 2176 643 2242 humanae
672 2176 844 2242 infirmitati
875 2185 906 2243 et
934 2177 1016 2255 fidei,
1048 2199 1103 2258 per
1132 2197 1225 2262 quam

102 2278 167 2344 inter
186 2290 284 2346 tantas
308 2282 470 2365 praesentis
492 2281 563 2348 uitae
586 2280 778 2347 calamitates
801 2288 984 2347 atemorum
1008 2283 1157 2347 bonomm
1173 2304 1226 2347 er-

102 2385 269 2460 suectetioue
304 2386 522 2469 requiesceret.
569 2393 600 2450 et
628 2386 742 2452 idcirco
772 2394 875 2452 certus
905 2386 997 2452 huius
1028 2387 1226 2453 beatitudinis

103 2487 241 2570 prophete,
264 2498 425 2573 tamquam
451 2509 489 2555 en
512 2498 601 2556 uasto
617 2490 824 2556 humanarum
843 2491 1039 2556 miseriarum
1056 2491 1226 2575 proclamat
1252 2511 1277 2546 πο

103 2591 242 2670 profundo,
265 2595 387 2660 dicens:
411 2594 502 2678 quis
526 2595 640 2659 dabit
663 2615 706 2660 er
723 2594 817 2660 Sion
841 2594 1022 2660 salutare
1039 2594 1226 2661 israhel?

104 2713 216 2779 namque
240 2699 410 2763 secundum
432 2697 526 2763 alium
551 2697 747 2782 prophetam:
776 2719 821 2766 ex
844 2699 938 2764 Sion
961 2700 1069 2765 exiet-
1093 2699 1165 2779 lex,
1188 2707 1226 2766 et

16 2845 17 2848 ,
104 2801 246 2866 uerbum
278 2801 429 2867 domini
460 2824 504 2867 ex
541 2802 811 2868 Hierusalem.
858 2802 916 2868 hoc
946 2803 1076 2868 uerbum
1108 2804 1224 2868 domini

104 2920 161 2966 caro
181 2903 290 2971 laetum
314 2916 371 2971 est,
417 2906 484 2972 lraec
507 2926 579 2972 caro
603 2913 632 2972 et
656 2906 729 2972 Sion
752 2916 783 2973 et
807 2906 1005 2973 Hierusalem
1028 2915 1082 2984 eat,
1113 2908 1225 2973 ciuitas

105 3006 176 3072 nobis
190 3010 270 3088 pacis
286 3019 316 3076 et
332 3010 569 3092 speculatorium
587 3018 736 3078 nostrum.
781 3011 855 3077 hinc
871 3010 1023 3090 salutaris,
1039 3010 1112 3076 hinc
1125 3011 1223 3077 Iesus.
1251 3024 1277 3064 ’ὁ

104 3106 177 3176 lesus
204 3114 289 3192 enim,
321 3121 355 3179 ut
384 3134 466 3195 saepe
497 3115 637 3214 diximus,
669 3116 736 3200 ipso
758 3116 883 3180 nomine
908 3115 1051 3180 saluteris
1074 3125 1131 3180 est.
1177 3115 1226 3180 lex

137 3269 228 3324 lDan.
247 3272 306 3338 xli,
326 3274 350 3325 2.
387 3273 421 3325 22
440 3271 512 3326 Esai.
532 3273 567 3340 ΙΙ,
586 3275 610 3326 3.

139 3461 360 3516 liumutabimur
379 3463 419 3515 Re
472 3461 671 3516 consessionem
696 3462 719 3515 V
769 3463 891 3517 Suitam
917 3463 964 3516 alii
983 3464 1012 3518 in
1029 3483 1078 3517 our.
1098 3465 1124 3517 It
1177 3464 1224 3518 alii

106 3543 196 3608 quidem
213 3549 266 3601 ine
283 3549 332 3602 alii
348 3554 439 3602 autern
458 3549 511 3603 inb
564 3549 765 3603 trauseat
816 3549 1010 3604 continuenl'¹
1063 3553 1188 3604 Satura.
1205 3553 1228 3605 l'

106 3629 369 3690 limmutabunturb
421 3635 677 3690 SaurrectionisV
727 3638 813 3704 9pro
832 3637 919 3690 ouaR
973 3639 1006 3690 12
1024 3637 1174 3706 impietatis
1190 3637 1225 3691 1⁷¹

106 3717 210 3773 alluit
260 3722 288 3774 in
299 3721 354 3775 fine
365 3721 442 3774 RPT
495 3723 620 3791 lssapell
675 3723 707 3776 16
717 3721 831 3776 istrahel
850 3723 873 3774 V
923 3723 1082 3777 aduertitll
1135 3725 1224 3792 pleuis

112 3800 134 3851 V'
179 3809 209 3860 18
226 3808 397 3862 calamitates
422 3827 451 3861 rx
474 3807 640 3862 calamitatis
665 3827 697 3861 m.
723 3809 738 3861 1
763 3809 788 3862 V
837 3811 1044 3882 exspectatione
1069 3828 1161 3864 rerum
1180 3829 1224 3865 rc·

108 3890 236 3953 quiesceret
272 3895 297 3948 V
365 3896 397 3950 le
425 3895 596 3949 beatitudins
633 3895 656 3948 V
717 3897 752 3951 20
781 3895 936 3964 proclamat
966 3897 1000 3949 de
1030 3895 1167 3966 profundo
1203 3900 1227 3951 V

107 3985 226 4087 iracunde
251 4051 317 4088 corr.
346 4053 379 4088 m.
398 4033 418 4086 2
440 4033 465 4088 V
514 4035 549 4088 23
567 4034 602 4088 de
629 4035 776 4089 ierusalem
795 4036 821 4089 R
874 4037 909 4090 24
927 4053 991 4089 caro
1015 3998 1080 4107 auri.¹
1099 4038 1145 4091 lin.
1162 4037 1223 4088 (add.

108 4167 161 4220 a?
181 4171 202 4224 V
247 4130 299 4227 h⁸ec
317 4173 434 4228 uerbum
453 4190 517 4228 caro
535 4189 601 4227 corr.
619 4191 652 4228 m.
671 4175 691 4226 2
707 4175 730 4228 V
779 4176 814 4229 25
832 4175 911 4229 nobis
930 4176 990 4227 cdd.
1008 4193 1041 4228 m.
1060 4175 1080 4228 2
1096 4175 1120 4228 V
1134 4191 1223 4228 nouae

108 4284 168 4342 Pla‘
206 4295 425 4350 nostrumcm.V
466 4283 669 4350 uinctiaenim
683 4296 753 4350 utV
793 4295 1221 4351 terestres-salutarisom.1'.

1034 4400 1066 4450 9*

1084 4565 1091 4596 l
