3075 4967
331 249 335 258 Ι
387 284 569 334 tractatus
587 281 813 350 inpselmurn
833 281 929 336 LXIV.
1136 285 1139 291 '
1168 282 1231 350 233

111 470 215 536 homo.
258 476 296 535 et
318 470 669 535 adnuntiauerunt
691 490 813 551 opera
836 472 899 538 dei
935 481 973 537 et
1003 471 1115 538 laeta
1144 475 1232 540 eius

110 574 394 640 intellexerunt
439 572 654 640 loetabitur
675 575 810 664 iustus
839 575 879 640 in
903 576 1064 642 domino
1087 583 1126 642 et
1148 599 1233 660 spo-

111 679 201 744 rabit
233 679 271 742 in
305 699 360 755 eo,
398 684 437 744 et
472 677 748 744 laudabuntur
784 699 921 746 omues
957 679 1066 746 reati
1102 683 1231 748 eorde.

110 785 236 848 aduersus
267 782 465 848 uoluerantes
494 784 627 867 sagittas
657 782 854 864 paruulorum
877 783 961 869 loqui
983 784 1100 869 aliquid
1121 787 1232 852 aduer-

110 889 224 952 santum
245 887 351 972 lingua
374 906 435 952 non
458 886 574 952 habuit.
619 892 652 952 et
674 888 727 971 qui
749 887 898 952 uidebant
919 887 1064 970 paruulos
1082 891 1232 974 eagu'ttan·
1272 917 1285 956 o

109 1001 154 1068 tea
175 992 393 1056 conturbantur
414 997 447 1056 et
479 996 630 1069 metuunt
653 1011 724 1056 eum
748 1011 782 1058 se
805 993 837 1056 in
860 1012 963 1058 errore
986 992 1061 1059 sitos
1083 1013 1233 1078 reeogno·

110 1084 280 1173 montaum
304 1097 390 1161 diem
412 1095 515 1160 iudicii
539 1103 571 1160 et
593 1095 828 1161 retributionem
850 1101 926 1162 aete
956 1097 989 1161 in
1011 1117 1139 1180 corpore
1160 1099 1232 1165 uitae

109 1207 268 1283 agnosemt,
301 1220 375 1265 eum
396 1219 490 1282 opere
512 1199 563 1264 dei
597 1199 727 1264 audiunt
760 1205 792 1264 et
825 1199 908 1265 loeta
941 1200 1006 1266 eius
1040 1200 1233 1286 intellegunt.

109 1302 196 1368 inhis
216 1310 263 1370 est
283 1304 392 1369 laetitio
414 1309 600 1379 sanctorum,
623 1304 655 1368 in
680 1302 728 1368 his
758 1323 832 1385 spes
862 1301 1052 1370 firmissima.
1096 1306 1135 1371 ob
1165 1305 1232 1372 hmo

109 1407 184 1472 deum
205 1408 256 1491 qni
278 1414 364 1473 reete
386 1408 479 1473 eorde
502 1415 574 1472 sunt·
603 1406 738 1483 laudant,
769 1408 902 1473 seientes
933 1428 1002 1474 esse
1032 1410 1233 1478 remissorem
1262 1439 1285 1474 ιο

108 1518 291 1591 peeeatemm,
314 1513 424 1576 mortis
446 1517 675 1592 peremptorem
706 1517 738 1575 et
760 1511 873 1576 dioboli
902 1511 1131 1591 debellatorem,
1154 1514 1233 1579 iudi·

108 1634 163 1679 cem
182 1614 291 1693 saeouli,
313 1615 494 1682 aeternitatis
516 1615 708 1699 largitorem,
732 1616 826 1680 deum
849 1623 880 1682 et
903 1616 1063 1681 dominum
1082 1623 1231 1697 noatmm,

108 1719 149 1800 qni
169 1724 213 1784 eet
233 1719 415 1784 benedictus
436 1720 469 1784 in
491 1717 604 1784 saeouln
626 1718 816 1784 serculorum.
864 1740 964 1786 amen.

501 1893 687 1978 Psentus
715 1893 823 1976 lxlv.

381 2033 424 2098 ln
448 2034 571 2101 linem
595 2034 775 2115 psalmus
799 2033 938 2100 Dauid.
1260 2060 1285 2098 rs

140 2169 316 2238 ledeoet
340 2172 538 2258 hymnum,
563 2174 670 2252 deos,
692 2174 731 2237 in
754 2173 850 2239 Sion
875 2179 911 2238 et
934 2174 1010 2239 tibi
1036 2175 1233 2240 reddetur

106 2284 225 2340 notum
246 2278 284 2341 in
306 2276 567 2342 Hierusalem
589 2276 771 2361 etreliqua

140 2414 164 2479 1.
184 2414 339 2495 Oportune
362 2417 552 2498 superiorem
568 2415 722 2498 psalmum
738 2417 800 2494 hio,
820 2417 871 2500 qui
889 2416 1035 2495 subiacet,
1051 2423 1232 2483 consecutus

19 2570 20 2609 ἒ
106 2525 151 2582 eet
191 2525 362 2585 astantem
387 2526 419 2585 et
440 2520 507 2602 ipse
529 2521 569 2585 iu
592 2519 717 2586 linem
741 2528 771 2585 et
794 2521 1067 2604 congregationem
1083 2523 1232 2606 gentium,

107 2639 163 2702 que
183 2624 339 2689 dominnm
362 2623 529 2689 laudaturae
553 2633 631 2693 sunt.
655 2627 792 2703 nuutint;
827 2635 858 2690 et
880 2626 946 2706 ipse
970 2624 1060 2690 huius
1082 2626 1232 2708 interpre-
1261 2651 1285 2688 eo

107 2727 212 2792 tetiouis
233 2737 346 2794 nostrae
368 2728 465 2793 fidem
487 2730 604 2794 reddet.

141 2845 221 2912 2.1n
255 2851 380 2915 exordio
414 2858 518 2916 autem
553 2851 618 2916 eius
653 2851 823 2916 seeundum
858 2849 1114 2916 consuetudinem
1144 2871 1233 2918 suam

107 2950 241 3032 prophete
262 2954 431 3020 orationem
453 2975 575 3020 omnem
599 2957 639 3020 ad
663 2957 757 3020 deum
780 2955 898 3038 erigit·
926 2955 1026 3020 omnis
1043 2955 1127 3020 enim
1143 2955 1232 3020 nobis

108 3073 148 3118 res
167 3063 254 3141 etque
275 3076 380 3124 sermo
403 3079 475 3125 eum
498 3058 691 3124 consessione
715 3058 765 3123 dei
787 3059 941 3124 ineundus
959 3065 1014 3125 eet
1059 3060 1115 3124 sed
1131 3060 1232 3125 seiens

19 3172 20 3175 ’
108 3159 248 3239 propheta
269 3161 374 3244 plures
390 3183 446 3244 pro
468 3163 648 3228 diuersitate
670 3163 843 3228 studiorum
859 3163 890 3227 in
906 3163 1103 3243 superuacuis
1127 3163 1232 3228 demo·
1260 3186 1285 3222 eo

19 3266 20 3329 J
107 3263 166 3339 reri,
203 3266 368 3347 specialem
401 3275 433 3332 et
465 3267 624 3349 proprium
659 3268 708 3332 dei
742 3288 760 3332 a
795 3267 883 3332 nobis
917 3265 1068 3331 honorem
1103 3267 1233 3351 requirit

140 3471 227 3526 2111111
243 3475 443 3529 intellexerunt
461 3492 527 3528 erae.
540 3493 596 3529 nou
609 3475 635 3528 R
687 3478 704 3530 d
722 3493 752 3528 se
769 3474 800 3528 in
819 3491 913 3530 errore
932 3475 999 3529 sitos
1014 3475 1078 3529 Pse
1096 3476 1126 3528 in
1138 3492 1232 3530 errore

106 3554 174 3611 sistes
190 3559 215 3612 R
231 3560 260 3614 in
277 3579 305 3615 se
323 3577 434 3615 errores
451 3562 550 3615 istose
604 3563 638 3616 10
656 3561 832 3615 remissorem
859 3559 901 3628 (aa
923 3561 1100 3615 remissorum
1119 3559 1155 3628 R)
1183 3562 1236 3616 RP

19 3652 20 3659 ’
106 3643 276 3701 remissionem
303 3668 323 3697 α
348 3646 403 3714 (V)
476 3650 507 3703 ll
534 3647 710 3717 peremptore
745 3647 790 3714 (io
818 3666 896 3702 1111111
923 3659 1021 3702 meunt.
1048 3647 1063 3702 ὃ
1091 3645 1178 3713 euan.)
1206 3649 1233 3702 R

105 3742 252 3803 annuam
272 3752 298 3804 n
311 3737 624 3821 Μυσίῳ-11111111
648 3752 714 3821 nee-p
736 3751 862 3820 psalmes
891 3750 953 3819 (en)
981 3751 1086 3807 nxun
1105 3753 1137 3821 n,
1163 3755 1190 3805 n
1208 3753 1236 3806 Ρ

19 3840 20 3843 ’
107 3831 162 3886 deest
184 3837 341 3909 subscriptio,
368 3840 401 3892 de
424 3839 449 3893 V
471 3839 506 3906 es.
531 3840 621 3910 praes.
693 3840 727 3892 15
752 3838 815 3907 psal
840 3840 866 3893 R
928 3843 962 3895 16
988 3839 1124 3908 hymnum
1148 3841 1171 3892 V
1196 3841 1232 3910 os.

107 3918 208 3975 Ssbatu'er
233 3923 347 3990 1L125
374 3925 494 3994 hymnus
514 3926 569 3979 RE
638 3928 671 3981 18
688 3931 843 3994 oportunae
866 3924 929 3980 RP¹
953 3931 1090 3995 oportune
1109 3923 1166 3979 P'a
1184 3945 1233 3997 op-

107 4009 237 4068 munnae
286 4011 397 4083 psalmis
414 4031 444 4067 ea
461 4014 584 4081 psalmus
602 4013 629 4067 R
681 4013 807 4067 subiacet
831 4032 861 4066 aa
885 4013 1010 4067 subiooet
1029 4014 1097 4067 dtR
1152 4017 1185 4069 19
1203 4015 1233 4068 in

108 4087 151 4144 fine
166 4095 191 4146 P
237 4100 273 4154 20
287 4101 401 4155 nuntiat
418 4107 447 4158 et
464 4101 502 4154 Pe
521 4099 668 4154 ’nuntiauit
686 4117 717 4154 ea
733 4099 876 4154 nuntiauit
895 4099 922 4153 R
972 4101 1008 4154 22
1026 4116 1104 4154 suam
1123 4118 1153 4154 en·
1170 4119 1232 4155 sou·

109 4181 184 4234 &mii
232 4186 375 4256 ilddirigit
385 4186 453 4252 PE(
456 4186 491 4253 V)
544 4189 580 4242 25
591 4186 748 4240 studiorum
761 4185 815 4239 RP
824 4201 918 4240 rernm
930 4186 1087 4240 studiorum
1106 4206 1125 4238 a
1137 4199 1231 4242 reram

109 4277 134 4314 ³0
148 4269 294 4327 studiorum
312 4293 333 4328 s.
