3075 4967
437 257 618 308 tractatus
636 253 669 306 in
688 253 861 321 psalmum
880 252 976 306 cxxi.
1215 249 1278 315 579

129 441 332 526 diligentibus
356 441 571 522 spoponderat,
601 441 753 522 propriam
780 461 848 506 esse
872 442 1015 525 grauium
1038 443 1168 506 turrium
1191 461 1275 507 eom-

128 553 300 626 memoret;
331 565 383 612 eos
406 565 519 629 graues
543 553 642 611 turres
666 545 848 630 significans
879 565 957 621 esse,
987 545 1176 630 quicumque
1207 545 1276 611 dili-

126 657 248 732 gerent.
293 671 350 731 per
379 652 461 734 quod
492 648 736 734 intellegendum
767 655 816 714 est
844 648 1065 714 abundantiam
1097 648 1178 714 bano
1213 670 1274 714 non

126 755 338 834 promissuram
369 773 438 821 esse
468 773 526 820 nea
556 753 650 818 totius
683 754 853 818 admodum
890 752 1031 832 ciuitatis,
1077 756 1132 819 sed
1167 773 1273 820 eorum

125 864 249 924 tantum
272 857 411 924 fidelium
427 865 457 923 et
472 864 647 924 sanctorum
670 857 817 933 uirorum,
840 857 891 941 qui
908 865 1019 922 deterso
1035 857 1167 922 ciuitatis
1184 856 1274 922 buius
1315 884 1328 920 a

124 961 323 1028 aeditieetioni
346 967 507 1046 tamquam
528 961 660 1027 torrium
682 960 830 1026 firmitate
852 961 1063 1044 praestiterint.

168 1118 222 1183 15.
247 1119 392 1202 Sequitur
414 1119 528 1184 deinde
551 1117 711 1200 propbetae
734 1138 867 1203 magnus
887 1116 1015 1184 affectus
1038 1127 1070 1183 et
1092 1119 1123 1182 in
1146 1139 1272 1185 ornnem

123 1222 288 1290 hominem
318 1225 499 1290 credentem
529 1222 701 1289 sollicitudo
732 1223 791 1303 pios
822 1223 1051 1288 admonitionis.
1097 1223 1139 1287 ait
1173 1223 1272 1287 enirn:

123 1334 296 1410 propter
319 1327 473 1393 iratres
507 1347 613 1393 meos
637 1334 675 1392 et
697 1328 902 1408 proximos
933 1346 1042 1392 meos
1073 1327 1273 1409 loquebar

122 1452 267 1512 paoem
290 1433 336 1499 de
359 1441 412 1498 te:
436 1446 609 1513 propter
632 1432 787 1497 domum
812 1431 965 1496 domini
989 1431 1053 1496 dei
1075 1431 1151 1495 mei
1174 1450 1272 1513 quae·
1300 1455 1325 1490 ιο

122 1536 205 1601 sini
228 1537 332 1602 bona
354 1537 439 1602 tibi.
484 1535 710 1602 multitudinem
736 1535 766 1600 in
791 1534 936 1600 fratribus
966 1536 1030 1600 sois
1059 1535 1271 1618 proximisque

121 1639 217 1706 huius
240 1641 372 1706 ciuitatis
395 1640 565 1726 signifieat3
589 1647 715 1722 propter
737 1659 814 1729 quos
834 1659 944 1720 paoem
967 1640 1006 1705 de
1030 1659 1067 1704 ea
1081 1638 1199 1704 locutus
1215 1645 1270 1715 est,

120 1751 153 1810 ut
178 1745 342 1812 audientes
373 1766 407 1812 se
437 1746 520 1825 ipses
552 1745 583 1809 in
617 1743 784 1810 aedilioium
807 1745 1060 1810 consummanda
1083 1741 1172 1808 buius
1196 1743 1270 1808 uiui·

120 1850 195 1914 tatis
225 1855 374 1930 aptarent.
420 1849 474 1916 sed
509 1849 561 1932 qui
595 1867 705 1930 paoem
736 1855 864 1929 propter
893 1848 1005 1913 fratres
1028 1852 1059 1912 et
1082 1848 1269 1931 propinquos

119 1973 195 2018 auos
219 1953 258 2018 de
282 1974 318 2019 ea
341 1952 483 2037 loquitur,
518 1953 632 2018 oimtuti
668 1952 771 2018 eidem
805 1959 931 2034 propter
964 1954 1091 2017 domum
1115 1952 1164 2016 dei
1188 1951 1268 2016 bona
1296 1972 1321 2010 a

121 2057 235 2140 quaerit
257 2057 378 2124 dicens:
410 2062 579 2138 propter
611 2057 765 2122 domurn
802 2056 953 2121 domini
981 2056 1046 2120 dei
1069 2058 1147 2121 mei
1170 2076 1269 2140 qure-

119 2161 202 2227 siui
224 2160 328 2226 bona
361 2161 447 2226 tibi.
493 2160 609 2226 ciuitati
634 2180 710 2246 ergo
734 2161 815 2226 bona
837 2167 963 2242 propter
992 2160 1122 2225 domum
1151 2160 1267 2224 domini

121 2266 251 2349 quaesita
274 2271 355 2330 sunt.
400 2265 579 2332 discernens
603 2266 686 2330 enirn
714 2263 848 2350 gloriam
879 2264 989 2330 domus
1019 2264 1069 2329 dei
1093 2284 1111 2329 a
1133 2264 1267 2329 ciuitatis

119 2368 331 2448 uniuersitate‚
356 2370 427 2453 quia
449 2388 578 2435 necessa
601 2375 648 2435 est
671 2377 813 2435 ornatum
835 2368 946 2434 domus
961 2369 1057 2454 regiae
1073 2367 1266 2434 aedilioationi

119 2473 253 2538 ciuitatis
277 2473 370 2538 totius
392 2474 548 2550 anteferri,
572 2473 715 2557 quaesiuit
738 2472 819 2539 bona
842 2473 944 2539 eidem
960 2472 1085 2538 ciuitati.
1130 2474 1265 2554 primum
1294 2489 1320 2529 20

119 2576 205 2641 enim
227 2575 341 2642 fratres
365 2583 397 2642 et
419 2577 582 2660 propinqui
615 2577 680 2642 eius
710 2597 766 2658 per
797 2577 1048 2659 praedioationem
1082 2579 1167 2658 pacis
1190 2576 1265 2642 faeti

118 2687 193 2745 sunt
214 2681 331 2746 domini
356 2680 472 2746 ciuitas.
519 2681 690 2746 seeundum
713 2701 786 2746 uero
809 2681 916 2746 oinitas
947 2681 1015 2762 ipsa
1045 2681 1108 2746 iarn
1137 2701 1173 2746 or
1196 2701 1265 2762 pro·

119 2785 242 2869 pinquis
266 2786 331 2852 eius
355 2794 386 2852 et
408 2785 555 2851 tratribus
578 2785 751 2864 constituta,
775 2785 903 2850 audiens
934 2785 1119 2870 dignitatern
1150 2787 1262 2850 domus

119 2888 178 2966 dei,
201 2890 310 2956 domus
333 2890 432 2955 omnis
456 2891 506 2956 dei
528 2891 596 2970 ipsa
619 2910 687 2956 asse
702 2890 887 2972 properauit.
932 2909 968 2954 aa
991 2890 1035 2955 sio
1051 2891 1167 2955 ciuitati
1191 2888 1262 2954 huie

161 3080 364 3148 2quioumque
384 3081 434 3133 PT
451 3087 594 3149 queoilqus
616 3083 640 3136 G
659 3081 706 3149 qui
733 3099 797 3135 eum
824 3099 854 3136 aa
878 3082 1011 3150 quionmq
1029 3100 1062 3134 m.
1081 3081 1144 3135 :tlt
1197 3081 1263 3134 dili·

118 3166 211 3234 gerint
234 3168 261 3220 R
313 3167 562 3240 dintelligendum
590 3173 632 3222 est
659 3169 736 3222 RPT
761 3169 936 3239 intellegitur
966 3169 991 3222 V
1039 3167 1262 3236 4promisouam

119 3253 196 3305 RPT
211 3254 395 3322 promiscuam
414 3255 516 3308 omnib.
533 3255 557 3306 V
607 3272 657 3309 neo
676 3256 761 3309 totius
772 3283 804 3293 -
815 3256 940 3310 ciuitatis
958 3273 1007 3310 om.
1024 3256 1048 3309 V
1099 3253 1148 3309 sed
1167 3271 1262 3308 eornm

118 3344 226 3394 tentum
243 3340 369 3396 fidelium
387 3341 411 3396 d
429 3339 509 3396 soorsr
528 3342 554 3395 R
572 3342 619 3396 ssd
647 3341 772 3396 fidelium
799 3348 907 3397 tantum
935 3348 964 3396 et
991 3347 1150 3396 sanctorum
1173 3341 1199 3394 V
1213 3341 1262 3395 sed

119 3443 213 3481 eorum
239 3433 349 3483 tantum
376 3433 535 3483 sanatorum
563 3433 591 3482 et
615 3427 739 3483 fidelium
759 3429 809 3482 PT
859 3431 1002 3484 eceterae
1021 3429 1101 3482 PTE
1116 3427 1216 3482 deteris
1235 3428 1261 3481 R

119 3515 308 3601 dprqstiterit
326 3515 353 3568 P
403 3517 418 3567 7
445 3515 571 3583 sequitur
596 3515 648 3578 ΒΤ
673 3521 806 3584 aequatur
824 3515 850 3568 P
899 3515 1051 3585 prophetae
1070 3516 1121 3568 RT
1143 3514 1262 3583 prophe·

118 3616 175 3671 tiae
200 3620 225 3671 P
283 3621 316 3674 10
334 3619 439 3674 domini
466 3637 514 3674 oar.
539 3619 590 3672 PT
644 3622 675 3674 ll
695 3620 747 3675 tibi
773 3621 845 3675 bona
872 3620 923 3673 PT
976 3621 1009 3674 12
1027 3619 1108 3674 huius
1136 3619 1260 3673 ciuitatis

119 3704 254 3772 signifieat
272 3707 298 3760 R
315 3706 397 3760 huius
422 3705 562 3776 signifieat
589 3707 711 3762 ciuitatis
740 3708 819 3760 PTE
869 3707 982 3776 loqutus
1010 3724 1071 3760 sum
1098 3705 1124 3758 R
1179 3708 1212 3760 13
1229 3711 1260 3759 nt

119 3809 167 3844 om.
188 3792 235 3846 PT
285 3793 428 3848 audientes
447 3793 500 3847 ΒΡ
515 3795 692 3848 audentesT
745 3797 779 3848 14
795 3798 891 3862 aptare
910 3793 960 3846 PT
1011 3793 1112 3848 fratres
1140 3797 1168 3845 et
1195 3809 1257 3861 pro·

118 3877 233 3946 pinques
259 3896 322 3934 euos
341 3881 367 3934 R
384 3879 485 3934 fratres
509 3885 538 3934 et
562 3881 732 3950 propinquos
743 3883 810 3934 saG
828 3880 930 3938 fratres
957 3896 1022 3934 suos
1041 3885 1069 3933 et
1086 3870 1259 3949 propinquos

121 3963 170 4016 PT
220 3967 251 4020 15
270 3966 379 4021 ciuitati
405 3966 450 4020 idr's
469 3967 495 4019 P
548 3969 580 4022 16
598 3967 704 4021 domini
731 3985 780 4021 om.
808 3968 859 4020 PT
911 3967 1035 4036 quaesiui
1061 3967 1135 4021 bona
1162 3967 1215 4020 tibi
1234 3966 1259 4018 Il

120 4050 241 4116 quaesiui
262 4053 400 4108 bosassG
417 4053 541 4121 quaesiui
569 4053 621 4108 tibi
645 4055 717 4109 bone
736 4055 787 4107 PT
839 4057 872 4110 la
890 4071 906 4108 a
925 4053 1047 4108 ciuitatis
1075 4053 1256 4108 uniuersitate

121 4137 173 4190 ΕΤ
194 4138 311 4194 oiuitatis
338 4139 519 4194 uniuersitatd
538 4141 565 4194 P
618 4144 649 4195 19
678 4141 775 4196 domus
794 4141 823 4195 di
848 4141 942 4209 regiae
961 4141 987 4194 a
1039 4143 1074 4195 22
1091 4139 1214 4194 seeundo
1233 4140 1259 4193 P

120 4225 282 4280 metandum
300 4227 463 4281 Resonndo
483 4227 536 4280 TE
586 4228 621 4281 24
638 4228 799 4296 properauit
818 4228 844 4280 P
859 4227 1020 4297 properabit
1039 4228 1097 4280 ΕΤ.

1052 4332 1102 4386 37*
