3075 4967
304 294 366 362 386
647 296 765 351 sancti
783 296 918 351 Hilarii
937 296 1098 366 episcopi

303 487 375 570 qnia
398 485 504 568 plures
524 506 581 568 per
603 486 870 570 superbiamque
891 484 1028 550 humana
1049 491 1255 561 contemnunt,
1273 488 1359 550 etiam
1376 488 1425 551 dcc

302 591 433 675 obsequi
455 595 610 672 spemunt

348 694 398 762 15.
426 694 489 760 Sed
512 696 575 760 sint
596 694 668 760 licet
697 693 845 775 praeclara
877 701 980 759 cetera
1012 692 1085 760 fidei
1119 714 1211 775 opera
1239 705 1270 761 et
1296 696 1327 759 in
1354 696 1428 759 omni

303 798 477 863 diuinorum
515 804 740 880 praeceptorum
778 798 917 864 custodio
954 798 1077 863 deuotio
1112 798 1290 879 inmoretur‚
1335 805 1428 863 tamen

263 930 276 970 s
303 903 490 987 subrepente
513 902 657 983 superbia
679 904 830 975 memoria
852 922 1052 987 eorumquae
1074 913 1158 968 recte
1181 922 1348 983 operamur,
1365 901 1428 967 abo
1519 929 1520 934 ¹

302 1006 425 1072 labitur.
472 1012 587 1090 quanto
610 1005 806 1091 euangelicos
835 1005 887 1071 ille
916 1005 1087 1088 phariseus
1116 1006 1221 1072 labore
1251 1027 1285 1072 se
1312 1008 1343 1073 in
1367 1007 1428 1071 uita
1519 1043 1520 1074 l

303 1110 387 1177 uiam
428 1112 543 1189 statuit,
578 1130 616 1176 ne
650 1109 757 1175 alienae
791 1110 837 1175 rei
869 1130 964 1192 rapax
998 1116 1088 1187 esset,
1122 1130 1162 1176 ne
1194 1112 1225 1176 iu
1257 1128 1429 1195 quemquem

304 1215 469 1281 iniuriosus
499 1215 650 1293 existeret,
679 1234 718 1280 ne
748 1213 906 1280 adulteriis
937 1214 1173 1280 dissoluereturl
1217 1214 1361 1280 laborauit
1388 1214 1428 1277 bis
1519 1213 1520 1228 ,

303 1319 335 1384 in
373 1318 502 1384 subbato
536 1318 676 1384 ieiunans
713 1338 865 1402 suumque
901 1337 1012 1399 corpus
1045 1338 1101 1401 per
1133 1318 1348 1384 abstinentiam
1379 1316 1429 1382 cibi

251 1450 276 1487 ιο
302 1422 441 1507 ingentis
487 1422 643 1504 patientia
687 1423 800 1488 uirtute
842 1422 981 1489 confecit.
1041 1428 1155 1506 quanto
1193 1423 1305 1488 deinde
1340 1420 1430 1485 labore
1519 1509 1520 1512 Ἴ

304 1527 440 1593 anaritiae
474 1526 634 1592 uincendae
672 1526 810 1592 decimas
847 1526 1026 1592 substantiae
1064 1547 1127 1591 suae
1160 1527 1192 1592 in
1227 1546 1316 1592 nsum
1348 1544 1429 1609 egen-

304 1632 381 1696 tium
404 1631 545 1696 contulit!
591 1631 665 1715 quid
689 1630 738 1695 his
768 1628 968 1713 preclarius?
1012 1629 1086 1714 quid
1121 1650 1227 1695 eorum
1251 1650 1342 1715 opere
1362 1626 1429 1693 diffi-

303 1733 415 1800 cilius?
461 1736 516 1800 sed
545 1735 653 1800 incidit
680 1736 711 1799 in
736 1734 888 1816 superbiae
919 1734 1063 1818 laqueum
1098 1734 1221 1801 dicens:
1257 1735 1429 1819 quianon

303 1858 388 1903 sum
427 1840 534 1905 sicut
571 1845 762 1923 peccator
807 1840 886 1904 iste
923 1844 961 1903 et
997 1837 1240 1920 publicanus
1278 1845 1307 1904 et
1342 1833 1429 1901 infelix

253 1970 278 2008 is
305 1942 363 2009 hoc
387 1943 462 2009 uitio
486 1962 523 2009 ex
545 1943 723 2027 ingentibus
745 1943 890 2026 operibus
921 1942 1034 2008 cecidit
1063 1943 1094 2006 in
1117 1944 1238 2008 crimen
1261 1952 1292 2008 et
1313 1940 1430 2006 insolens

304 2067 360 2129 per
390 2045 473 2113 hano
511 2048 658 2112 uirtutum
692 2066 815 2112 suarum
850 2046 983 2132 gloriam
1018 2046 1117 2111 factus
1150 2046 1316 2112 iustificato
1346 2042 1431 2127 magis

303 2151 466 2235 publicano
489 2152 625 2217 recessit.

350 2255 398 2321 16.
423 2256 485 2321 Sed
497 2256 572 2340 quid
585 2257 623 2321 ds
635 2253 788 2337 pharisaeo
800 2254 955 2321 dicimus?
978 2254 1133 2337 apostolus
1145 2274 1209 2319 non
1220 2256 1260 2322 ab
1272 2251 1431 2319 hominibus

303 2379 406 2444 neque
414 2380 469 2441 per
478 2359 645 2431 homiuem.
654 2361 710 2425 sed
721 2379 778 2439 per
788 2359 893 2424 Iesum
900 2357 1070 2437 Christum,
1078 2360 1230 2425 aduersus
1243 2380 1335 2444 quem
1343 2356 1433 2423 diabo

252 2486 277 2524 eo
305 2463 351 2528 lus
375 2465 460 2528 omni
482 2465 604 2529 uirtutis
628 2484 690 2529 suan
717 2470 783 2528 arte
812 2463 942 2529 luctetus
973 2469 1030 2545 est,
1064 2462 1256 2548 angelum
1291 2470 1433 2533 satana,

303 2569 371 2651 qni
402 2588 442 2633 se
473 2566 764 2649 colaphizaret,
781 2569 951 2649 accepit,
973 2573 1008 2632 ut
1029 2587 1085 2648 per
1107 2568 1288 2648 passionum
1310 2566 1432 2632 omnium

303 2671 476 2738 indefessas
493 2672 653 2737 molestias
670 2671 752 2736 nulla
768 2671 968 2752 superbiendi
983 2672 1102 2737 occasio
1117 2674 1287 2755 parotium
1303 2668 1432 2751 temporis

349 2798 381 2852 13
399 2798 467 2851 Luc.
487 2796 590 2865 XVIII,
610 2801 651 2852 11.
686 2798 764 2852 2011
784 2798 844 2851 Cor.
864 2800 949 2864 127.

349 2901 476 2970 lplures
494 2928 529 2939 -
548 2918 602 2970 qua
628 2904 688 2955 add.
716 2920 748 2955 ru.
778 2901 797 2953 2
826 2902 853 2955 V
901 2902 1075 2971 contepnunt
1102 2902 1169 2972 RCp
1224 2893 1434 2958 tremoretur't

903 2998 918 3027 u

304 3040 677 3110 6qusntaeaquantsem.2
693 3042 717 3095 Γ
761 3041 966 3121 euangelicisR
1017 3041 1133 3095 lariacus
1149 3042 1197 3096 ΓΕ
1253 3043 1345 3097 labore
1354 3038 1433 3103 labora

943 3128 951 3166 r

304 3181 332 3233 ia
350 3178 415 3247 ras.)
435 3181 462 3234 R
485 3180 654 3235 laboraret*
703 3180 827 3234 7uieC
877 3185 996 3261 statutae
1019 3199 1086 3234 corr.
1111 3180 1183 3233 aa?
1208 3182 1234 3235 Γ
1284 3180 1385 3234 alienae
1399 3173 1433 3227 rei

305 3302 335 3337 er·
353 3284 445 3339 aliena
471 3284 512 3337 rei
538 3302 571 3337 m.
590 3283 672 3337 1212
698 3283 727 3337 in
753 3282 873 3337 alienam
895 3302 955 3337 rem
976 3285 1013 3354 Cp
1066 3285 1242 3339 elaborauit
1260 3304 1292 3338 ex
1313 3278 1434 3337 laborabit

305 3390 337 3424 m.
356 3369 376 3423 3
395 3372 420 3425 R
473 3372 490 3425 9
508 3370 634 3425 ieiunans
653 3376 681 3424 et
698 3370 797 3424 infelix
822 3370 874 3425 hoo
901 3371 1088 3438 uitiosumque
1112 3388 1214 3439 corpus
1239 3372 1265 3424 V
1279 3371 1396 3425 ieiunans
1411 3367 1434 3417 et

304 3458 403 3511 infelix
429 3458 482 3511 hoc
510 3457 579 3511 uitio
607 3455 658 3510 eud
678 3456 706 3521 (1'1
724 3459 752 3510 in
769 3475 822 3510 ros.
841 3456 873 3522 3)
902 3474 1002 3526 corpus
1021 3456 1045 3506 R
1063 3457 1188 3512 ieiunans
1217 3464 1246 3512 et
1273 3458 1368 3511 infelix
1391 3453 1435 3506 hoc

305 3545 471 3613 uitiorumq:
491 3560 589 3613 corpus
610 3546 633 3597 C
647 3546 694 3598 sed
710 3546 788 3597 uerbo
805 3549 833 3598 et
847 3544 946 3598 infelix
959 3544 1012 3598 hoc
1028 3544 1097 3599 uitio
1112 3547 1167 3598 sine
1182 3538 1435 3611 dubioiafrulimt,

305 3632 349 3683 obi
376 3634 402 3684 ia
426 3628 501 3703 posti)
530 3632 654 3701 loquatur,
682 3649 755 3683 santa
784 3633 865 3685 locum
891 3633 982 3685 balreat
999 3650 1038 3697 ac,
1062 3650 1119 3684 cunr
1137 3634 1164 3685 in
1183 3634 1316 3702 arolrelypr'
1333 3629 1436 3697 rrrcrqiae

305 3728 385 3772 essent
404 3720 545 3787 adscripto,
564 3729 622 3771 noto
646 3719 691 3771 illo
710 3719 876 3771 librariorum
898 3736 993 3786 errore,
1012 3716 1046 3771 de⁴
1062 3736 1109 3787 qao
1128 3720 1212 3772 Acori.
1228 3738 1256 3789 p.
1271 3716 1311 3771 33
1322 3719 1380 3775 diri,
1396 3715 1437 3766 lou

305 3806 469 3874 inrepserant
522 3804 577 3858 cibi
596 3804 717 3873 ingentis
736 3823 765 3858 ex
784 3805 836 3859 sibi
853 3804 1048 3874 ingentium?
1066 3806 1090 3858 Γ
1105 3805 1327 3875 cibidingentis
1345 3822 1373 3858 ar
1389 3797 1437 3855 cibi

305 3890 433 3960 ingentes
446 3911 479 3945 m.
489 3890 544 3944 RR
559 3891 615 3945 cibi
626 3892 733 3960 ingenti
740 3893 791 3961 ΡΗ
841 3895 874 3946 10
891 3892 1051 3946 laborereC
1102 3894 1133 3946 ll
1152 3893 1322 3946 uicendaeF
1371 3886 1437 3942 deci·

305 3995 367 4031 mus
393 3979 418 4031 V
468 3980 501 4031 12
518 3978 614 4034 intulit
641 3978 736 4047 Repu
787 3978 855 4047 qnid
883 3994 914 4031 ea
940 3995 970 4032 re
998 3977 1140 4034 difficilius
1170 3979 1196 4029 Γ
1246 3982 1282 4033 14
1299 3994 1359 4033 sum
1384 3973 1436 4027 cdd.

306 4064 409 4119 muts
458 4066 527 4118 istae
546 4066 572 4117 R
590 4065 683 4133 ipset?
733 4070 761 4119 et
780 4065 877 4119 infelix
888 4065 940 4118 hoc
952 4066 1022 4120 uitio
1035 4068 1058 4119 i.
1068 4068 1085 4118 l.
1096 4084 1144 4119 om.
1160 4066 1236 4119 ΓΗ(Ἰ
1287 4067 1320 4118 16
1337 4076 1437 4117 suarum

305 4170 325 4204 a.
352 4170 372 4203 e.
399 4170 431 4204 m.
459 4152 475 4203 1
496 4152 519 4204 0
568 4150 722 4220 glorificato
750 4152 776 4204 R
830 4154 863 4205 18
881 4152 980 4205 fer-iseo
1010 4152 1060 4205 VR
1112 4152 1254 4222 apostolus
1281 4153 1321 4205 ait
1346 4166 1398 4203 non
1420 4144 1440 4195 Γ

306 4239 340 4293 ab
359 4238 541 4291 ominibusR
606 4241 639 4291 19
666 4238 813 4292 aduersum
838 4239 862 4292 Γ
922 4240 957 4293 20
975 4240 1082 4293 arceC
1143 4240 1175 4292 21
1200 4239 1356 4293 colafizeret
1378 4234 1437 4301 unp

306 4327 340 4379 22
359 4326 465 4379 occasio
484 4344 514 4378 eo
531 4326 658 4379 occasion
676 4342 708 4378 m.
727 4324 747 4377 2
771 4326 796 4378 V
810 4326 900 4379 ccasio
914 4344 942 4395 p.
