3075 4967
310 261 352 328 80
650 263 768 316 sancti
793 261 928 316 Hilarii
952 261 1117 329 episcopi

311 451 427 533 repleta
463 450 638 529 sceleribus,
677 451 878 534 querimoniis
912 451 1028 535 grauia
1073 470 1133 515 non
1164 459 1211 516 est
1240 450 1391 515 consessio
1419 450 1449 513 in

310 557 411 633 deum,
434 576 495 619 non
517 553 625 620 'laetitia
646 555 678 618 in
701 555 832 639 gaudiis,
854 573 915 619 non
943 554 974 618 in
998 553 1102 619 choris
1125 555 1295 632 canticum3
1325 554 1382 618 sed
1402 574 1449 618 ac·

310 660 427 724 cusatio
449 660 481 724 in
505 659 658 740 profanos,
681 659 736 724 sed
760 658 899 742 querella
920 659 952 722 in
983 666 1189 737 contumaces,
1220 659 1275 723 sed
1306 657 1392 722 dolor
1418 659 1447 722 in

310 763 460 829 adflictos,
505 764 548 827 ait
570 763 667 827 enim:
691 762 797 827 dixit
818 763 1027 844 insipiens
1051 762 1089 826 in
1112 763 1234 828 corde
1265 782 1349 826 suo:
1378 781 1448 826 non

272 875 373 934 aest
396 869 503 933 deus.
532 867 713 948 corrupti
738 873 831 931 sunt
853 874 891 931 et
912 865 1214 931 abominabiles
1238 865 1340 930 lecti
1364 873 1449 930 sunt

309 972 349 1036 in
379 970 662 1036 uoluntatibus
693 969 796 1048 suis;
833 990 909 1034 non
933 979 1002 1047 est,
1040 971 1108 1054 qui
1143 971 1271 1035 iaciat
1303 971 1448 1046 bonum,

310 1095 386 1139 non
425 1081 487 1140 est
516 1095 642 1158 usque
672 1075 719 1138 ad
749 1094 882 1152 unum,
914 1073 1101 1157 etreliqua.
1145 1074 1285 1157 sequitur
1315 1074 1346 1137 in
1377 1073 1449 1139 fine:

310 1179 401 1263 quis
425 1179 540 1243 dabit
563 1199 607 1244 ex
630 1178 724 1244 Sion
748 1178 932 1244 salutare
956 1176 1144 1243 Israhel?
1190 1178 1278 1242 dum
1303 1179 1451 1243 auertit

311 1283 494 1348 dominus
532 1283 818 1362 captiuitatem
847 1280 983 1362 plebis
1014 1301 1100 1357 suae,
1131 1281 1296 1346 laetetur
1326 1281 1451 1358 Iacob,

311 1393 351 1452 et
373 1385 531 1452 exultet
554 1385 726 1451 Israhel.

355 1507 383 1572 3.
407 1507 451 1573 Ut
474 1508 555 1572 enim
580 1507 631 1590 qui
655 1505 851 1586 pestilentem
875 1507 986 1572 urbem
1008 1507 1168 1591 ingressus
1190 1526 1300 1572 omnes
1329 1507 1450 1570 omnino

310 1610 520 1676 inhabitantes
544 1611 652 1674 morbo
676 1610 841 1676 dissolutos
864 1617 895 1676 et
916 1610 1054 1676 febribus
1077 1616 1244 1676 aestuantes
1274 1617 1306 1676 et
1333 1611 1449 1675 diuerso

311 1714 531 1799 egritudinum
554 1733 667 1798 genere
691 1715 845 1780 confectos
875 1715 1099 1795 contemplatus
1129 1715 1170 1779 sit
1192 1721 1223 1779 et
1245 1713 1363 1779 nullum
1393 1713 1451 1778 illic

312 1818 464 1884 medicum
496 1818 656 1883 inueniens
684 1819 878 1902 ingemescat
907 1825 938 1882 et
968 1818 1044 1883 nihil
1075 1819 1186 1895 auxilii,
1217 1818 1296 1882 nihil
1324 1816 1452 1883 remedii

278 1965 285 1987 ‚
312 1924 422 1988 adesse
460 1921 554 1987 tantis
592 1921 681 1986 malis
719 1922 821 1987 doleat
850 1929 882 1987 et
919 1923 1067 1987 desaeuire
1098 1923 1201 2006 magis
1242 1922 1451 1987 membromm

261 2989 286 3026 25

311 2033 432 2108 pestem
455 2026 566 2091 cotidie
589 2025 702 2090 sentiat
735 2026 873 2109 sciatque
897 2027 1052 2090 medicum
1076 2027 1107 2089 in
1130 2025 1299 2110 longinquo
1321 2026 1453 2107 positum

312 2131 429 2196 mederi
442 2150 543 2210 posse,
556 2131 582 2194 si
595 2131 727 2208 adesset,
737 2131 869 2213 —quod
882 2128 981 2194 solum
994 2135 1136 2211 superest
1147 2129 1302 2195 —dolore
1314 2130 1454 2211 despera·

312 2234 403 2299 tionis
427 2232 586 2310 exclamet,
610 2233 732 2298 dicens:
767 2233 837 2316 quis
860 2234 984 2316 estqui
1007 2254 1078 2299 eum
1105 2239 1293 2314 presentem
1322 2233 1455 2299 efficeret

313 2343 343 2402 et
373 2336 505 2402 salutare
535 2337 599 2402 eius
631 2337 799 2414 adferret?‚
834 2356 958 2401 omnem
994 2338 1112 2402 scilicet
1148 2323 1388 2402 sollicitudinem
1416 2337 1452 2400 ad

312 2447 383 2504 uota
406 2446 605 2506 conuertens:
628 2441 696 2522 pari
719 2441 811 2504 modo
835 2441 959 2521 spiritus
983 2447 1111 2506 sanctus
1141 2445 1288 2506 contuens
1318 2460 1452 2505 errorem

313 2544 437 2628 generis
460 2543 596 2623 humani,
626 2551 775 2610 contuens
798 2544 880 2609 mala
903 2544 1006 2610 saculi
1030 2545 1118 2609 huius
1142 2545 1393 2629 ingrauescentis
1425 2552 1454 2609 et

312 2648 454 2714 morbum
484 2647 693 2713 inmedicabili
724 2654 824 2713 morte
854 2655 1057 2734 grassantem,
1088 2649 1141 2713 ubi
1172 2650 1247 2714 deus
1277 2654 1453 2732 negatura

313 2751 416 2829 stulto,
439 2751 491 2815 ubi
514 2751 729 2817 abominandis
751 2752 940 2837 uoluptatum
965 2751 1095 2818 fallaciis
1118 2752 1252 2833 cormpti
1268 2753 1331 2817 sint
1347 2751 1453 2828 cunct,

312 2855 365 2920 ubi
389 2854 489 2920 nullus
512 2856 628 2920 bonum
649 2855 755 2922 uolens
790 2857 839 2934 sit,
875 2856 926 2921 ubi
957 2877 1063 2922 eorum
1093 2862 1218 2941 guttura
1246 2857 1451 2921 innocentium

313 2959 377 3024 sint
400 2950 571 3040 sepulchra,
594 2960 647 3025 ubi
670 2959 776 3045 lingua
797 2961 846 3025 usi
868 2961 930 3026 sint
951 2961 982 3024 in
1007 2960 1141 3026 officium
1157 2959 1382 3038 fraudulentia,
1404 2958 1454 3026 ubi

241 3111 254 3139 χ
311 3083 466 3130 uenenum
488 3063 631 3144 aspidum
653 3064 743 3129 labiis
766 3085 873 3130 eorum
895 3065 1062 3148 uerbisque
1091 3063 1239 3130 suffusum
1262 3063 1312 3143 sit,
1347 3063 1454 3129 ubios

314 3167 519 3232 amaritudine
543 3173 575 3233 et
596 3167 812 3233 maledictione
834 3169 875 3233 sit
897 3168 1031 3249 plenum,
1055 3169 1107 3234 ubi
1122 3169 1211 3234 uelox
1222 3169 1340 3249 pedum
1352 3185 1454 3234 eorum

360 3375 540 3430 lsaeleribus
553 3376 876 3432 erscaeleribusna2V
924 3377 1123 3446 quaerimoniis
1141 3379 1167 3432 V
1206 3375 1455 3445 dinprophanosr

313 3462 454 3530 quaerella
476 3463 502 3516 V
526 3463 671 3532 querelar
732 3463 879 3532 Vreliqua
905 3482 935 3517 aa
961 3465 1099 3532 reliquam
1116 3464 1186 3518 m.1
1208 3464 1235 3519 V
1283 3464 1411 3532 sequitur
1427 3479 1456 3514 er

313 3549 458 3618 sedquitur
484 3567 517 3603 m.
545 3550 566 3602 2
597 3549 623 3604 V
679 3551 696 3603 8
723 3566 759 3604 ex
785 3549 893 3619 Syonr
945 3550 1066 3606 Istrahel
1097 3550 1123 3605 V
1171 3550 1239 3605 dum
1264 3551 1402 3604 ademerit
1427 3549 1455 3602 rh

315 3638 344 3690 ll
374 3635 421 3703 qui
449 3637 475 3688 R
505 3635 567 3705 quis
600 3637 624 3692 V
647 3655 696 3691 om.
723 3657 738 3691 r
761 3637 786 3690 si
812 3637 874 3706 quis
900 3640 965 3692 cora.
992 3639 1090 3692 Bencd.
1168 3640 1201 3692 14
1231 3636 1399 3706 ingemiscat
1428 3635 1455 3687 rb

315 3759 347 3813 15
370 3723 562 3813 desero—{ff}
587 3775 654 3812 corr.
672 3777 706 3813 m.
725 3755 746 3811 2
768 3759 794 3812 V
814 3757 972 3814 deseuirer
1000 3779 1010 3806 ο
1033 3759 1122 3828 magis
1147 3771 1204 3829 rap.
1231 3761 1277 3813 lin.
1304 3776 1322 3812 α
1344 3757 1415 3813 aa?
1436 3755 1459 3810 V

315 3848 348 3900 1⁷
373 3846 446 3913 quod
465 3847 555 3900 solum
573 3849 665 3915 potest
682 3843 783 3899 dolorfi
801 3844 993 3914 desperatione
1011 3847 1038 3899 R
1091 3847 1124 3900 19
1142 3850 1171 3900 et
1187 3865 1260 3916 capr.
1277 3864 1327 3899 ror.
1345 3864 1379 3898 m.
1396 3843 1456 3897 31³

314 3930 422 3986 adferre
445 3933 471 3986 V
519 3935 555 3987 so
581 3943 603 3986 rr
630 3935 662 3986 21
691 3949 807 3986 cernens
834 3934 849 3985 b
910 3935 945 3987 28
971 3933 1028 3987 sint
1054 3951 1085 3986 ea
1111 3937 1176 3987 sunt
1203 3951 1236 3986 m.
1261 3931 1282 3985 2
1304 3932 1331 3987 V
1349 3930 1456 3985 suntrl

315 4017 408 4072 cuncti
425 4037 481 4088 sup.
500 4013 545 4072 lin'.
563 4039 595 4072 m.
615 4019 634 4072 2
657 4019 682 4073 V
731 4021 765 4074 25
792 4019 1133 4087 sepulchrumque&
1155 4021 1190 4087 V)
1209 4019 1337 4090 sepulcra
1354 4021 1378 4073 lr.
1397 4019 1413 4070 l.
1435 4013 1459 4068 V

314 4097 437 4191 lingui-3
464 4123 487 4176 si
500 4123 556 4178 sint
568 4121 609 4188 (in
620 4122 735 4187 rossoil
748 4121 778 4190 a)
791 4142 823 4176 m.
838 4124 854 4176 l
869 4125 894 4178 V
908 4123 1029 4192 linguosi
1041 4124 1099 4179 sint
1110 4144 1125 4178 r
1176 4126 1211 4180 26
1229 4124 1357 4194 aspidum
1372 4119 1455 4176 omli

314 4208 505 4298 szufzfusum
530 4245 555 4298 V
603 4245 637 4297 27
661 4247 690 4296 et
707 4244 903 4298 maledictione
922 4241 981 4310 (list.
997 4243 1113 4300 lediotio
1130 4248 1159 4299 ia
1175 4245 1242 4311 rae.)
1260 4245 1287 4298 R
1304 4261 1353 4298 om.
1376 4242 1421 4296 Vr.
