3075 4967
247 271 310 337 366
587 274 704 325 sancti
728 273 862 327 Hilarii
887 272 1050 341 episcopi

246 471 318 527 sunt
361 468 561 543 nuncupatae;
606 481 667 526 una
704 470 805 527 autem
851 461 903 526 illa
940 463 1116 546 margarita
1162 483 1231 548 quae
1269 471 1414 545 reperta

246 573 301 644 est,
326 567 432 650 magni
467 587 535 632 esse
570 566 659 647 pretii
686 567 814 645 dicitur;
847 568 891 632 ita
923 574 954 632 et
987 586 1058 632 cum
1093 569 1132 633 de
1161 569 1220 634 uiis
1250 567 1412 650 plurimis

245 669 453 754 prophetatur,
478 673 561 754 quod
585 680 616 736 et
638 673 756 737 domini
780 678 810 736 et
824 670 986 736 aeterneles
1008 673 1079 748 sint,
1095 671 1211 737 dictum
1233 678 1299 752 est;
1328 693 1412 740 cum

246 781 350 839 autem
372 774 404 838 in
427 773 477 839 his
499 775 558 840 uiis
582 776 735 858 quaeritur,
758 795 827 858 quae
850 774 891 840 sit
912 773 996 839 utilis
1017 774 1076 853 uie,
1108 796 1152 855 ea,
1177 796 1245 859 quae
1269 784 1414 858 reperta

206 902 220 940 a
247 884 300 956 est,
324 878 442 958 optima
463 880 658 958 predicatur.
704 898 788 962 ergo,
820 879 960 963 quamuis
989 878 1041 944 uel
1067 879 1128 945 illae
1150 881 1208 945 uiae
1230 881 1412 947 aeternales

247 987 319 1047 sunt
342 982 391 1047 uel
415 983 592 1066 margaritae
614 983 681 1064 ipso
698 1001 752 1048 suo
768 985 895 1048 nomine
914 982 1110 1049 honorabiles
1128 992 1208 1063 sunt,
1231 985 1264 1049 in
1291 986 1411 1052 multis

246 1086 305 1151 uiis
329 1087 474 1152 standum
498 1095 554 1164 est,
577 1093 610 1178 ut
632 1088 712 1152 bona
741 1089 793 1152 uia
814 1087 991 1168 reperiatu,
1021 1093 1053 1153 et
1081 1089 1253 1154 uendendae
1286 1109 1411 1156 omnes

247 1191 427 1272 margaritae
450 1197 528 1267 sunt,
550 1196 584 1256 ut
607 1212 656 1290 eq
674 1212 742 1274 quae
766 1191 854 1256 multi
883 1193 974 1273 pretii
997 1199 1043 1257 est
1065 1201 1194 1273 reperte,
1224 1204 1411 1258 coematur.

293 1293 342 1358 11.
367 1293 490 1360 Dehinc
513 1296 712 1378 consequitur
742 1294 793 1360 hic
817 1316 940 1361 uersus:
976 1304 1017 1360 tu
1050 1296 1255 1362 mandasti
1296 1317 1412 1362 man·

196 1399 342 1463 rodald
376 1405 443 1462 tua
476 1398 680 1464 custodiri
725 1400 853 1464 nimis.
898 1400 1040 1480 superius
1077 1403 1411 1468 commemorauimns

248 1500 329 1567 eliud
352 1501 531 1586 significare
562 1503 714 1578 mandata,
745 1502 827 1569 aliud
858 1502 969 1587 legem.
1014 1509 1042 1569 el
1066 1506 1106 1569 de
1128 1503 1208 1589 lege,
1243 1514 1411 1588 quantum

247 1605 390 1687 arbitror,
415 1606 570 1687 apostolus
593 1607 684 1672 nobis
707 1608 794 1673 testis
817 1606 884 1685 huit,
907 1609 979 1691 quia
1000 1609 1112 1673 umbra
1141 1609 1182 1673 sit
1211 1608 1411 1688 futurorum,

246 1709 278 1773 in
302 1729 363 1792 qua
385 1712 505 1789 species
529 1711 668 1776 ueritatis
691 1717 852 1794 tamquam
875 1731 985 1792 corpus
1007 1713 1040 1776 in
1069 1711 1180 1777 umbre
1201 1713 1410 1780 describitur.

247 1814 427 1878 mandatum
450 1834 524 1880 uero
548 1819 604 1892 est,
627 1816 710 1898 quod
731 1835 788 1895 per
812 1816 1040 1882 obseruantiam
1063 1815 1244 1897 inplendum
1269 1825 1341 1898 eat;
1375 1829 1411 1884 ut

196 1939 221 1978 ιε
248 1903 338 1982 illud:
369 1937 444 1982 non
476 1917 754 1994 moechaberis
789 1939 865 1984 non
888 1921 1062 1985 occides.
1110 1922 1280 1986 nonenim
1307 1921 1344 1986 in
1369 1945 1409 1990 eo

247 2022 366 2101 species
405 2021 513 2086 fiuhuae
550 2023 696 2106 imaginis
734 2023 915 2101 continetur,
967 2024 1024 2089 sed
1067 2030 1253 2107 presentem
1303 2025 1410 2091 habet

247 2125 433 2205 operationis
446 2123 605 2191 effectum:
628 2126 1408 2196 tumandastimandatatuacustodiri

247 2228 378 2295 ualde.
424 2228 502 2294 nihil
524 2230 620 2315 igilur
650 2230 798 2296 dissoluto
822 2231 933 2308 animo,
957 2230 1035 2296 nihil
1057 2232 1211 2298 incurioso
1234 2237 1409 2317 agendum

248 2340 303 2412 est,
327 2335 382 2398 sed
405 2333 552 2400 sollicitos
576 2343 668 2419 atque
692 2335 799 2400 anxios
823 2355 929 2400 curam
951 2337 1168 2401 mandatorum
1192 2337 1242 2402 dei
1265 2343 1410 2424 exsequi

195 2460 221 2498 aa
247 2457 304 2502 nos
327 2444 453 2518 oportet,
483 2444 518 2503 ut
540 2440 581 2518 id,
605 2439 688 2522 quod
712 2439 847 2523 agimus,
869 2439 901 2503 in
917 2439 1089 2520 proiectum
1103 2440 1176 2506 fidei
1191 2448 1311 2507 nostras
1330 2463 1409 2510 eum

247 2542 421 2606 reuerentia
455 2543 531 2622 eius,
554 2543 603 2609 cui
634 2544 766 2628 agimus,
802 2564 1019 2627 exsequemur.
1066 2552 1203 2610 ceterum
1224 2546 1251 2611 si
1276 2546 1409 2632 aliquid

248 2645 379 2710 remisse
401 2645 559 2712 uoluntate
583 2654 613 2711 et
635 2654 786 2728 occupata
807 2647 840 2712 in
862 2668 913 2713 res
933 2647 1009 2714 alias
1025 2649 1209 2732 cogitatione
1225 2652 1407 2734 egerimus

248 2747 350 2814 officia
373 2749 497 2833 quidem
522 2751 658 2832 corporis
681 2752 712 2816 in
737 2753 859 2836 agendo
882 2754 1123 2833 occupabuntur,
1148 2754 1204 2819 sed
1220 2755 1407 2822 deuotionis

249 2853 393 2918 meritum
417 2875 472 2934 per
495 2854 727 2939 neglegentiam
749 2875 812 2920 non
836 2876 1072 2940 consequemur.

195 2975 222 3015 aa
293 2955 341 3020 12.
366 2957 528 3023 Habemus
551 2979 633 3024 nunc
656 2967 725 3040 post
746 2961 964 3026 mandatorum
987 2962 1159 3027 custodiam
1182 2963 1278 3027 etiam
1309 2965 1405 3032 iusti·

248 3059 425 3126 ficationum
460 3063 699 3128 obseruantiam.
745 3065 1031 3130 etmandataiam
1055 3067 1301 3150 superiusque
1327 3091 1403 3136 esse

249 3164 505 3243 existimaremus
540 3168 741 3233 ostendimus.
786 3167 1017 3234 iustificationes
1052 3177 1156 3235 autern
1186 3176 1258 3236 sunt
1288 3172 1402 3253 plures

284 3365 316 3418 ιε
335 3363 422 3418 uxot.
442 3366 501 3434 mu,
521 3369 562 3421 re.

293 3540 380 3591 lund
398 3542 492 3592 autem
519 3537 567 3592 illd
594 3539 745 3608 margarita
766 3541 804 3609 Cp
857 3541 949 3610 2poet
975 3539 1078 3594 dicitur
1105 3539 1181 3593 2-3
1206 3543 1253 3594 litt.
1281 3561 1352 3597 erus.
1374 3546 1402 3598 R

248 3627 265 3677 3
284 3624 358 3692 quod
377 3623 480 3677 domini
498 3643 517 3692 p
570 3627 586 3679 5
605 3631 646 3679 est
663 3627 768 3679 obtima
782 3627 820 3696 Cp
838 3630 880 3679 est
899 3633 965 3680 sunt
982 3629 1087 3695 optima
1107 3626 1163 3693 (cst
1181 3630 1242 3682 odd.
1260 3647 1294 3682 m.
1313 3628 1351 3697 2)
1378 3633 1406 3684 V

248 3711 339 3763 duint
354 3711 427 3763 VCE
478 3711 533 3764 sint
554 3713 603 3766 GE
653 3713 1122 3782 'lrepperiaturexreperiuturm.
1142 3714 1162 3767 2
1179 3715 1403 3784 Vrepperictur

250 3797 301 3849 Rc
370 3799 386 3850 8
414 3813 447 3842 ι*-
469 3812 503 3842 Ξ
525 3805 634 3853 ematur
673 3798 719 3864 (co
749 3799 830 3865 crea)
861 3801 884 3854 ζ’
957 3803 989 3855 10
1016 3803 1340 3858 commememorauimus
1377 3805 1405 3856 V

251 3885 281 3935 ll
302 3883 411 3938 eliutV
464 3887 495 3940 15
514 3885 580 3940 illut
593 3886 640 3939 VC
684 3892 710 3939 et
722 3902 777 3939 non
786 3886 895 3940 occides
910 3887 936 3940 V
982 3890 1013 3940 17
1032 3888 1206 3942 custodiret*
1256 3891 1290 3943 le
1307 3889 1402 3945 disso-

249 3969 309 4024 luto
328 3973 466 4025 exsoluto
484 3991 516 4026 m.
531 3971 551 4024 2
565 3973 590 4026 V
605 3973 739 4027 dissoluto
758 3992 789 4026 ea
807 3974 949 4043 dissutop
1002 3974 1141 4029 incuriose
1162 3977 1185 4028 (ζ’
1235 3978 1268 4029 19
1286 3993 1356 4030 cura
1376 3978 1404 4031 V

249 4054 297 4137 die
320 4057 345 4110 V
394 4061 429 4113 20
448 4075 510 4112 cum
529 4061 695 4114 reuerdtiam
714 4061 739 4113 V
788 4063 821 4115 21
841 4060 983 4128 aliquitV
1032 4063 1067 4114 22
1084 4062 1229 4116 uoluntate
1247 4081 1277 4116 cc
1295 4064 1399 4118 uoluu-

249 4163 336 4214 tetem
369 4161 393 4215 V
442 4165 477 4216 24
503 4181 718 4232 consequeremur
745 4166 772 4218 R
798 4166 992 4233 consequimur
1021 4168 1044 4220 (¹
1093 4169 1127 4220 25
1151 4185 1252 4220 imaum
1275 4169 1396 4237 quintum

246 4249 375 4318 psalmila.
385 4249 639 4319 leupopleadumom.
649 4255 807 4319 umectabat,
817 4254 940 4322 θεάσῃ).
950 4253 1043 4315 3614
1094 4255 1129 4307 26
1142 4269 1200 4308 ease
1212 4255 1272 4307 odd.
1284 4253 1349 4307 aa?
1364 4256 1397 4308 V.
