3075 4967
295 291 356 355 732
628 289 747 342 saneti
771 285 912 340 Hilarii
936 285 1101 351 episcopi

293 482 396 547 diem
418 478 688 555 Hierusalem,
712 476 782 562 qui
804 476 961 542 dieunt:
984 477 1204 554 exinanite,
1228 477 1420 543 exinanite

293 586 422 671 quoad
444 603 570 667 usque
597 582 908 647 fundamentum
937 581 1050 646 inea
1095 581 1197 647 Edom
1220 583 1421 664 iuterpretatur
1525 654 1526 669 χ

291 696 461 755 terrenum.
504 689 579 754 uitia
609 688 713 771 itaque
743 685 859 751 terreni
888 686 1026 766 eorporis
1054 688 1159 754 nostri.
1194 707 1273 771 qua,
1309 687 1376 770 quia
1392 706 1422 751 ex

291 807 402 859 natura
424 793 563 874 eorporis
586 797 707 867 exeunt,
732 790 834 855 Edom
857 789 912 855 lilii
935 797 1159 872 nuncupantur,
1182 789 1231 856 his
1252 789 1423 876 Babyloniis

253 922 264 958 a
291 899 323 963 id
347 905 394 963 est
417 896 648 963 confusionibus
672 902 702 961 et
724 895 1007 976 perturbationibus
1030 914 1141 960 sensus
1156 896 1254 961 nostri
1274 897 1424 977 imperant

292 1009 324 1068 ut
341 1021 396 1068 nos
412 1022 449 1068 ex
465 1021 501 1067 ea
517 999 715 1082 plenitudiue,
739 1019 803 1083 qua
817 998 925 1079 repleti
941 1018 1059 1078 sumus,
1081 1007 1243 1065 euaeuent.
1288 999 1423 1080 seriptum
1525 1044 1526 1047 ,

292 1113 339 1172 est
361 1106 458 1172 enim:
483 1105 671 1189 quoniam
695 1105 742 1169 de
765 1103 1031 1185 plenitudine
1053 1103 1141 1168 eius
1168 1122 1306 1168 omues
1328 1121 1425 1168 aceo
1525 1180 1526 1191 2

292 1210 430 1291 pimus.
478 1209 612 1293 quisque
634 1209 719 1274 enim
742 1227 839 1288 eapax
870 1215 917 1273 est
951 1208 1077 1286 domiui,
1101 1207 1168 1288 ipse
1190 1215 1223 1273 et
1246 1208 1285 1272 de
1308 1206 1425 1289 plenitu-
1525 1194 1526 1215 l

292 1316 363 1380 dine
386 1315 453 1380 eius
474 1313 608 1394 inpletus
631 1319 688 1377 est.
734 1319 782 1377 est
803 1317 907 1377 autem
928 1311 998 1377 haeo
1029 1317 1138 1376 natura
1168 1311 1283 1378 turbidi
1306 1309 1426 1377 noumsi

241 1447 264 1482 n
292 1437 353 1503 que
388 1437 444 1500 per
476 1417 551 1483 uitia
585 1417 721 1498 eorporis
755 1435 874 1497 sensus,
907 1429 949 1487 ut.
983 1415 1011 1482 ai
1044 1416 1141 1482 semel
1172 1436 1228 1481 nos
1258 1415 1289 1480 in
1314 1435 1424 1482 omnen

292 1523 411 1607 peceati
444 1522 635 1587 uoluntatem
669 1527 701 1586 et
733 1520 989 1587 cousuetudinem
1026 1521 1163 1599 traxerit,
1199 1521 1345 1586 omnibus
1379 1539 1425 1585 nos

293 1627 443 1691 bonorum
464 1627 612 1692 uirtutum
637 1625 747 1691 studiis
769 1625 934 1690 exinaniat
981 1622 1048 1690 bate
1071 1643 1146 1710 ergo
1168 1625 1244 1690 uitia
1259 1624 1311 1691 his
1328 1644 1425 1692 seusus

292 1733 386 1796 nostri
411 1731 543 1796 turbidis
566 1729 799 1796 confusionibus
820 1730 982 1809 imperant,
1004 1729 1048 1794 uti
1071 1749 1128 1796 nos
1152 1729 1356 1796 fundamento
1369 1731 1426 1810 ipso

291 1835 477 1900 exinaniunt.
521 1833 654 1918 quisque
684 1834 769 1899 euim
799 1841 925 1898 sanctus
954 1838 1010 1911 est,
1040 1851 1096 1913 pro
1125 1839 1212 1914 parta
1242 1831 1424 1899 Hierusalem

241 1967 265 2004 a
292 1941 359 2020 ipse
383 1945 445 2015 est;
476 1939 548 2023 quin
577 1957 615 2003 ex
645 1944 800 2003 conuentu
818 1937 990 2004 ,beatorum
1013 1937 1151 2002 uirorum
1175 1945 1206 2002 et
1229 1937 1345 2003 calesti
1365 1955 1427 2002 oon·

292 2043 386 2110 sertio
421 2044 584 2128 dignorum
618 2041 814 2107 Hierusalem
841 2042 983 2106 uiuorum
1010 2048 1042 2105 et
1074 2042 1278 2122 pretiosorum
1302 2041 1424 2124 lapidum

291 2147 401 2213 ciuitas
434 2148 500 2225 erit,
535 2165 628 2229 quum
663 2144 731 2211 haee
765 2153 889 2210 terrena
919 2146 994 2210 uitia
1014 2165 1113 2228 usque
1137 2146 1176 2210 ad
1199 2143 1424 2211 fundamentum

292 2251 448 2316 exinanire
472 2251 620 2317 nituntur.
666 2256 698 2316 et
720 2251 804 2333 quod
827 2249 1061 2315 fundumentum
1085 2249 1117 2313 in
1140 2250 1230 2315 nobis
1246 2250 1297 2328 ait,
1319 2256 1425 2332 aposto

290 2356 338 2420 lus
373 2355 463 2421 donet
495 2355 618 2420 dieeus:
665 2353 970 2419 fundamentum
1004 2358 1134 2419 autem
1173 2353 1287 2418 aliud
1323 2373 1423 2418 nemo

240 2485 266 2522 ιο
293 2466 428 2540 potest
460 2479 610 2541 ponere
644 2464 794 2540 praeter
838 2456 952 2534 illud,
999 2458 1102 2542 quod
1139 2464 1202 2523 est
1236 2456 1424 2524 Christus.

290 2583 381 2628 omne
404 2563 499 2649 igitur
520 2563 680 2648 religionis
702 2561 832 2640 initium,
859 2581 952 2628 omne
974 2560 1211 2628 tundamentum
1235 2564 1303 2644 spei
1324 2567 1424 2626 nostra

291 2688 441 2734 enecuere
464 2674 625 2748 temptant,
651 2688 689 2731 ne
712 2685 775 2750 qua
796 2667 828 2730 in
851 2667 939 2732 nobie
965 2666 1117 2732 memoria
1138 2673 1170 2732 et
1190 2667 1363 2732 recordatio
1383 2663 1424 2729 dei

254 2759 256 2763 ’
290 2772 433 2854 resideat,
468 2791 507 2838 ne
542 2791 603 2855 qun
638 2791 709 2852 spes
740 2769 813 2834 boni
835 2769 966 2836 ulieuius
989 2768 1190 2854 relinquatur.
1237 2770 1425 2836 fundamento

290 2877 374 2941 euim
397 2875 480 2958 fidei,
505 2877 586 2960 quod
610 2883 656 2940 est
672 2873 823 2952 Obrietus,
847 2880 933 2939 eruto
950 2886 980 2939 et
995 2893 1105 2939 euerso
1127 2894 1167 2939 ne
1188 2875 1288 2955 ipsius
1310 2872 1424 2958 quidem

239 3004 263 3042 a
290 2979 482 3045 {edificanda
506 2980 594 3045 nobis
616 2999 673 3060 per
695 2979 906 3062 peonitentiam
929 2979 1028 3043 uenia
1051 2978 1220 3043 consolatio
1238 2978 1424 3062 relinquetur.
1524 3006 1525 3013 ¹

333 3139 349 3189 7
368 3136 424 3190 lob.
443 3137 464 3206 1,
483 3139 523 3191 16.
560 3139 593 3190 19
612 3138 625 3191 I
644 3137 705 3190 Cor.
723 3139 749 3205 3,
770 3138 812 3190 ll.

335 3276 476 3329 latiorum
503 3275 644 3329 exinanite
671 3277 698 3328 in
724 3293 778 3328 rus.
798 3275 824 3326 P
872 3273 983 3343 iquod
1009 3273 1044 3328 ad
1071 3290 1159 3343 usque
1178 3274 1205 3327 R
1223 3291 1364 3344 quousque
1380 3271 1425 3326 PT
1524 3228 1525 3279 i

288 3382 466 3433 Bterrenum
484 3379 564 3432 RPE
577 3357 650 3432 treu'
670 3379 695 3431 T
747 3396 818 3447 quae
845 3379 911 3447 quia
938 3377 1063 3431 aunan
1088 3377 1155 3447 quis
1182 3378 1233 3432 R’s
1284 3377 1361 3432 sui·
1380 3375 1425 3428 RE

289 3464 496 3572 hi=PhliiieT
548 3518 794 3587 baby-iloniisP
846 3519 1191 3573 dexeaReeanexT
1244 3517 1425 3586 ieeeepimus
1524 3546 1525 3565 i

407 3613 419 3644 θ

289 3657 341 3709 PE
357 3657 508 3726 aecipimus
528 3657 552 3710 T
569 3657 736 3726 recipiemus
755 3656 782 3710 R
834 3657 986 3726 8quiaque
1005 3657 1031 3710 P
1054 3657 1151 3725 quisq:
1179 3657 1206 3710 T
1231 3657 1314 3725 quisq
1339 3657 1364 3709 R
1385 3651 1425 3716 (q.

289 3745 370 3796 sicud.
385 3763 414 3814 p.
425 3741 476 3808 29)
496 3743 659 3812 quisquieE
709 3743 962 3814 enimnupr.acr.P
996 3759 1083 3812 capu
1093 3743 1173 3796 Fra
1186 3743 1279 3812 pust
1331 3739 1425 3796 domiui
1524 3730 1525 3807 l

288 3830 368 3882 RTE
385 3829 441 3884 duo
460 3831 486 3883 P
536 3831 570 3883 de
594 3849 665 3900 supr.
689 3848 738 3884 aer.
758 3831 785 3884 P
837 3832 867 3884 ll
893 3829 1069 3884 uoluntatem
1093 3827 1215 3883 awa*
1238 3830 1380 3899 uoluptstd
1395 3821 1427 3878 P
1524 3852 1525 3863 ,

290 3919 322 3969 12
339 3917 477 3971 bonorum
488 3917 540 3970 ΒΡ
593 3917 661 3971 haee
680 3901 746 3986 erqo
760 3917 815 3970 RE
830 3933 898 3985 ergo
917 3916 1046 3971 baeoPT
1099 3918 1133 3972 la
1150 3916 1193 3970 uti
1211 3933 1260 3970 nos
1274 3916 1340 3969 Pru
1356 3919 1386 3968 ut
1400 3913 1425 3965 in

288 4019 337 4056 nos
356 4003 381 4056 R
399 4009 429 4057 ut
448 4019 529 4057 nose
584 4006 614 4057 lt
632 4003 895 4073 qnisququuisq:
915 4003 1250 4072 Tuquiququisquiss
1306 4005 1339 4058 16
1354 4002 1421 4056 uiro·

287 4105 350 4144 rum
367 4095 396 4143 et
414 4090 616 4158 praetiosorum
626 4091 653 4142 P
702 4093 738 4146 20
754 4093 792 4143 ric
804 4089 1010 4159 RPP‚prseter
1026 4088 1099 4143 illud
1116 4087 1156 4158 (id
1168 4091 1199 4153 a)
1217 4089 1293 4159 quod
1309 4089 1421 4158 positum

288 4178 330 4228 est
356 4176 430 4244 quod
457 4183 499 4230 est
527 4177 652 4231 Christus
672 4178 700 4230 Ε
749 4178 785 4232 96
802 4195 854 4246 per
871 4195 921 4230 om.
941 4177 966 4229 P
1024 4175 1123 4231 ueniae
1140 4194 1189 4230 om.
1215 4177 1240 4230 R
1292 4175 1420 4243 relinque·

287 4265 365 4315 retur
385 4259 427 4315 P'.
