<?xml version="1.0" encoding="UTF-8"?>
<!DOCTYPE html PUBLIC "-//W3C//DTD XHTML 1.0 Transitional//EN"
    "http://www.w3.org/TR/xhtml1/DTD/xhtml1-transitional.dtd">
<html xmlns="http://www.w3.org/1999/xhtml" xml:lang="en" lang="en">
 <head>
  <title>
</title>
<meta http-equiv="Content-Type" content="text/html;charset=utf-8" />
  <meta name='ocr-system' content='tesseract 3.04.00' />
  <meta name='ocr-capabilities' content='ocr_page ocr_carea ocr_par ocr_line ocrx_word'/>
</head>
<body>
  <div class='ocr_page' id='page_1' title='image "./corpusscriptoru23wiengoog_0845.png"; bbox 0 0 3075 4967; ppageno 0'>
   <div class='ocr_carea' id='block_1_1' title="bbox 435 322 1288 391">
    <p class='ocr_par' dir='ltr' id='par_1_1' title="bbox 435 322 1288 391">
     <span class='ocr_line' id='line_1_1' title="bbox 435 322 1288 391; baseline 0.009 -16"><span class='ocrx_word' id='word_1_1' title='bbox 435 328 618 376; x_wconf 83' lang='lat' dir='ltr'><strong>tractatus</strong></span> <span class='ocrx_word' id='word_1_2' title='bbox 638 322 672 375; x_wconf 89' lang='lat' dir='ltr'><strong>in</strong></span> <span class='ocrx_word' id='word_1_3' title='bbox 691 323 864 391; x_wconf 85' lang='lat' dir='ltr'><strong>psalmum</strong></span> <span class='ocrx_word' id='word_1_4' title='bbox 884 323 991 378; x_wconf 84' lang='lat' dir='ltr'><strong>CXLII.</strong></span> <span class='ocrx_word' id='word_1_5' title='bbox 1225 325 1288 390; x_wconf 81' lang='grc'><strong>805</strong></span> 
     </span>
    </p>
   </div>
   <div class='ocr_carea' id='block_1_2' title="bbox 548 510 878 597">
    <p class='ocr_par' dir='ltr' id='par_1_2' title="bbox 548 510 878 597">
     <span class='ocr_line' id='line_1_2' title="bbox 548 510 878 597; baseline 0.003 -4"><span class='ocrx_word' id='word_1_6' title='bbox 548 510 733 597; x_wconf 81' lang='lat' dir='ltr'><strong>l&#39;SALllllS</strong></span> <span class='ocrx_word' id='word_1_7' title='bbox 761 512 878 594; x_wconf 78' lang='lat' dir='ltr'><strong>extu.</strong></span> 
     </span>
    </p>
   </div>
   <div class='ocr_carea' id='block_1_3' title="bbox 129 635 1396 3635">
    <p class='ocr_par' dir='ltr' id='par_1_3' title="bbox 245 635 1189 804">
     <span class='ocr_line' id='line_1_3' title="bbox 245 635 1189 721; baseline 0.001 -22"><span class='ocrx_word' id='word_1_8' title='bbox 245 635 381 716; x_wconf 85' lang='lat' dir='ltr'>Ipsius</span> <span class='ocrx_word' id='word_1_9' title='bbox 408 635 544 715; x_wconf 85' lang='lat' dir='ltr'><strong>Dauid,</strong></span> <span class='ocrx_word' id='word_1_10' title='bbox 568 638 728 719; x_wconf 90' lang='lat' dir='ltr'><strong>quando</strong></span> <span class='ocrx_word' id='word_1_11' title='bbox 752 636 1083 721; x_wconf 76' lang='lat' dir='ltr'><strong>persequebatur</strong></span> <span class='ocrx_word' id='word_1_12' title='bbox 1106 656 1189 701; x_wconf 91' lang='lat' dir='ltr'><strong>eum</strong></span> 
     </span>
     <span class='ocr_line' id='line_1_4' title="bbox 595 740 833 804; baseline 0 -1"><span class='ocrx_word' id='word_1_13' title='bbox 595 740 833 804; x_wconf 79' lang='lat' dir='ltr'><strong>Abessalon.</strong></span> 
     </span>
    </p>

    <p class='ocr_par' dir='ltr' id='par_1_4' title="bbox 134 843 1340 1135">
     <span class='ocr_line' id='line_1_5' title="bbox 188 843 1287 925; baseline 0.003 -18"><span class='ocrx_word' id='word_1_14' title='bbox 188 844 300 921; x_wconf 88' lang='lat' dir='ltr'><strong>Deus,</strong></span> <span class='ocrx_word' id='word_1_15' title='bbox 325 844 472 908; x_wconf 84' lang='lat' dir='ltr'><strong>exaudi</strong></span> <span class='ocrx_word' id='word_1_16' title='bbox 496 844 722 908; x_wconf 88' lang='lat' dir='ltr'><strong>orationem</strong></span> <span class='ocrx_word' id='word_1_17' title='bbox 757 864 892 921; x_wconf 88' lang='lat' dir='ltr'><strong>meam,</strong></span> <span class='ocrx_word' id='word_1_18' title='bbox 927 844 1095 909; x_wconf 91' lang='lat' dir='ltr'><strong>auribus</strong></span> <span class='ocrx_word' id='word_1_19' title='bbox 1119 843 1287 925; x_wconf 81' lang='lat' dir='ltr'><strong>percipe</strong></span> 
     </span>
     <span class='ocr_line' id='line_1_6' title="bbox 135 947 1340 1026; baseline 0.006 -15"><span class='ocrx_word' id='word_1_20' title='bbox 135 947 471 1013; x_wconf 89' lang='lat' dir='ltr'><strong>obsecrationem</strong></span> <span class='ocrx_word' id='word_1_21' title='bbox 506 967 647 1012; x_wconf 88' lang='lat' dir='ltr'><strong>meam:</strong></span> <span class='ocrx_word' id='word_1_22' title='bbox 683 948 721 1011; x_wconf 93' lang='lat' dir='ltr'><strong>in</strong></span> <span class='ocrx_word' id='word_1_23' title='bbox 751 949 932 1013; x_wconf 87' lang='lat' dir='ltr'><strong>ueritate</strong></span> <span class='ocrx_word' id='word_1_24' title='bbox 961 949 1286 1026; x_wconf 82' lang='lat' dir='ltr'><strong>tuaexaudime,</strong></span> <span class='ocrx_word' id='word_1_25' title='bbox 1326 982 1340 1018; x_wconf 77' lang='lat' dir='ltr'><strong>a</strong></span> 
     </span>
     <span class='ocr_line' id='line_1_7' title="bbox 134 1051 662 1135; baseline -0.002 -20"><span class='ocrx_word' id='word_1_26' title='bbox 134 1052 176 1115; x_wconf 93' lang='lat' dir='ltr'><strong>in</strong></span> <span class='ocrx_word' id='word_1_27' title='bbox 202 1058 268 1115; x_wconf 88' lang='lat' dir='ltr'><strong>tua</strong></span> <span class='ocrx_word' id='word_1_28' title='bbox 291 1051 458 1115; x_wconf 89' lang='lat' dir='ltr'><strong>institia</strong></span> <span class='ocrx_word' id='word_1_29' title='bbox 481 1058 511 1116; x_wconf 89' lang='lat' dir='ltr'><strong>et</strong></span> <span class='ocrx_word' id='word_1_30' title='bbox 533 1052 662 1135; x_wconf 89' lang='lat' dir='ltr'><strong>reliqua.</strong></span> 
     </span>
    </p>

    <p class='ocr_par' dir='ltr' id='par_1_5' title="bbox 184 1155 1285 1237">
     <span class='ocr_line' id='line_1_8' title="bbox 184 1155 1285 1237; baseline 0.009 -19"><span class='ocrx_word' id='word_1_31' title='bbox 184 1157 212 1223; x_wconf 89' lang='lat' dir='ltr'><strong>l.</strong></span> <span class='ocrx_word' id='word_1_32' title='bbox 238 1156 354 1221; x_wconf 90' lang='lat' dir='ltr'><strong>Psalmi</strong></span> <span class='ocrx_word' id='word_1_33' title='bbox 367 1156 586 1237; x_wconf 82' lang='lat' dir='ltr'><strong>superscriptio</strong></span> <span class='ocrx_word' id='word_1_34' title='bbox 607 1155 691 1221; x_wconf 90' lang='lat' dir='ltr'><strong>nulla</strong></span> <span class='ocrx_word' id='word_1_35' title='bbox 707 1176 778 1221; x_wconf 88' lang='lat' dir='ltr'><strong>esse</strong></span> <span class='ocrx_word' id='word_1_36' title='bbox 793 1157 966 1221; x_wconf 88' lang='lat' dir='ltr'><strong>secundnm</strong></span> <span class='ocrx_word' id='word_1_37' title='bbox 982 1156 1132 1222; x_wconf 88' lang='lat' dir='ltr'><strong>Hebraeos</strong></span> <span class='ocrx_word' id='word_1_38' title='bbox 1147 1156 1285 1228; x_wconf 83' lang='lat' dir='ltr'><strong>uidetur:</strong></span> 
     </span>
    </p>

    <p class='ocr_par' dir='ltr' id='par_1_6' title="bbox 129 1259 1396 2697">
     <span class='ocr_line' id='line_1_9' title="bbox 134 1259 1396 1345; baseline 0.002 -20"><span class='ocrx_word' id='word_1_39' title='bbox 134 1263 168 1327; x_wconf 93' lang='lat' dir='ltr'><strong>id</strong></span> <span class='ocrx_word' id='word_1_40' title='bbox 186 1260 326 1327; x_wconf 84' lang='lat' dir='ltr'><strong>animab</strong></span> <span class='ocrx_word' id='word_1_41' title='bbox 349 1260 406 1335; x_wconf 83' lang='lat' dir='ltr'><strong>bis,</strong></span> <span class='ocrx_word' id='word_1_42' title='bbox 430 1262 484 1343; x_wconf 90' lang='lat' dir='ltr'><strong>qui</strong></span> <span class='ocrx_word' id='word_1_43' title='bbox 507 1268 636 1345; x_wconf 91' lang='lat' dir='ltr'><strong>utraque</strong></span> <span class='ocrx_word' id='word_1_44' title='bbox 660 1259 766 1345; x_wconf 83' lang='lat' dir='ltr'><strong>lingua</strong></span> <span class='ocrx_word' id='word_1_45' title='bbox 786 1261 895 1326; x_wconf 87' lang='lat' dir='ltr'><strong>eruditi</strong></span> <span class='ocrx_word' id='word_1_46' title='bbox 912 1269 990 1339; x_wconf 90' lang='lat' dir='ltr'><strong>sunt,</strong></span> <span class='ocrx_word' id='word_1_47' title='bbox 1007 1262 1146 1327; x_wconf 84' lang='lat' dir='ltr'><strong>traditur.</strong></span> <span class='ocrx_word' id='word_1_48' title='bbox 1186 1268 1286 1327; x_wconf 91' lang='lat' dir='ltr'><strong>trans·</strong></span> <span class='ocrx_word' id='word_1_49' title='bbox 1393 1289 1396 1294; x_wconf 91' lang='lat'>·</span> 
     </span>
     <span class='ocr_line' id='line_1_10' title="bbox 134 1362 1285 1449; baseline 0.002 -20"><span class='ocrx_word' id='word_1_50' title='bbox 134 1366 316 1448; x_wconf 88' lang='lat' dir='ltr'><strong>latoresquo</strong></span> <span class='ocrx_word' id='word_1_51' title='bbox 350 1364 445 1429; x_wconf 86' lang='lat' dir='ltr'><strong>ceteri</strong></span> <span class='ocrx_word' id='word_1_52' title='bbox 480 1362 558 1427; x_wconf 87' lang='lat' dir='ltr'><strong>nihil</strong></span> <span class='ocrx_word' id='word_1_53' title='bbox 596 1364 721 1428; x_wconf 91' lang='lat' dir='ltr'><strong>omnino</strong></span> <span class='ocrx_word' id='word_1_54' title='bbox 756 1366 796 1430; x_wconf 90' lang='lat' dir='ltr'><strong>de</strong></span> <span class='ocrx_word' id='word_1_55' title='bbox 830 1365 923 1430; x_wconf 88' lang='lat' dir='ltr'><strong>rebus</strong></span> <span class='ocrx_word' id='word_1_56' title='bbox 948 1365 1063 1449; x_wconf 75' lang='lat' dir='ltr'><strong>gestis,</strong></span> <span class='ocrx_word' id='word_1_57' title='bbox 1098 1364 1130 1428; x_wconf 90' lang='lat' dir='ltr'><strong>id</strong></span> <span class='ocrx_word' id='word_1_58' title='bbox 1164 1372 1212 1429; x_wconf 90' lang='lat' dir='ltr'><strong>est</strong></span> <span class='ocrx_word' id='word_1_59' title='bbox 1246 1368 1285 1431; x_wconf 91' lang='lat' dir='ltr'><strong>de</strong></span> 
     </span>
     <span class='ocr_line' id='line_1_11' title="bbox 133 1467 1338 1549; baseline 0.002 -15"><span class='ocrx_word' id='word_1_60' title='bbox 133 1469 314 1534; x_wconf 87' lang='lat' dir='ltr'><strong>Abessalon</strong></span> <span class='ocrx_word' id='word_1_61' title='bbox 338 1468 369 1531; x_wconf 93' lang='lat' dir='ltr'><strong>in</strong></span> <span class='ocrx_word' id='word_1_62' title='bbox 395 1468 495 1533; x_wconf 88' lang='lat' dir='ltr'><strong>Dauid</strong></span> <span class='ocrx_word' id='word_1_63' title='bbox 519 1469 616 1549; x_wconf 83' lang='lat' dir='ltr'><strong>patris</strong></span> <span class='ocrx_word' id='word_1_64' title='bbox 640 1467 688 1533; x_wconf 87' lang='lat' dir='ltr'><strong>sui</strong></span> <span class='ocrx_word' id='word_1_65' title='bbox 711 1469 914 1534; x_wconf 88' lang='lat' dir='ltr'><strong>insectatione</strong></span> <span class='ocrx_word' id='word_1_66' title='bbox 937 1469 1135 1549; x_wconf 83' lang='lat' dir='ltr'><strong>scripserunt.</strong></span> <span class='ocrx_word' id='word_1_67' title='bbox 1181 1470 1238 1535; x_wconf 88' lang='lat' dir='ltr'><strong>sed</strong></span> <span class='ocrx_word' id='word_1_68' title='bbox 1253 1468 1286 1533; x_wconf 90' lang='lat' dir='ltr'><strong>hi</strong></span> <span class='ocrx_word' id='word_1_69' title='bbox 1314 1501 1338 1537; x_wconf 82' lang='grc' dir='ltr'><strong>ιο</strong></span> 
     </span>
     <span class='ocr_line' id='line_1_12' title="bbox 133 1571 1286 1657; baseline 0 -18"><span class='ocrx_word' id='word_1_70' title='bbox 133 1573 338 1657; x_wconf 79' lang='lat' dir='ltr'><strong>septuaginta</strong></span> <span class='ocrx_word' id='word_1_71' title='bbox 362 1572 507 1649; x_wconf 86' lang='lat' dir='ltr'><strong>seniores,</strong></span> <span class='ocrx_word' id='word_1_72' title='bbox 531 1571 749 1656; x_wconf 86' lang='lat' dir='ltr'><strong>quibus.legis</strong></span> <span class='ocrx_word' id='word_1_73' title='bbox 773 1593 810 1637; x_wconf 89' lang='lat' dir='ltr'><strong>ac</strong></span> <span class='ocrx_word' id='word_1_74' title='bbox 825 1572 1047 1654; x_wconf 89' lang='lat' dir='ltr'><strong>propbetamm</strong></span> <span class='ocrx_word' id='word_1_75' title='bbox 1062 1572 1192 1639; x_wconf 89' lang='lat' dir='ltr'><strong>scientia</strong></span> <span class='ocrx_word' id='word_1_76' title='bbox 1205 1573 1286 1640; x_wconf 89' lang='lat' dir='ltr'><strong>ultra</strong></span> 
     </span>
     <span class='ocr_line' id='line_1_13' title="bbox 135 1676 1285 1759; baseline 0.001 -17"><span class='ocrx_word' id='word_1_77' title='bbox 135 1678 353 1759; x_wconf 77' lang='lat' dir='ltr'><strong>praescriptum</strong></span> <span class='ocrx_word' id='word_1_78' title='bbox 378 1682 407 1741; x_wconf 94' lang='lat' dir='ltr'><strong>et</strong></span> <span class='ocrx_word' id='word_1_79' title='bbox 427 1676 664 1759; x_wconf 84' lang='lat' dir='ltr'><strong>ambiguitatem</strong></span> <span class='ocrx_word' id='word_1_80' title='bbox 680 1676 790 1743; x_wconf 72' lang='lat' dir='ltr'><strong>litterae</strong></span> <span class='ocrx_word' id='word_1_81' title='bbox 806 1676 871 1754; x_wconf 84' lang='lat' dir='ltr'><strong>suit,</strong></span> <span class='ocrx_word' id='word_1_82' title='bbox 895 1676 1072 1741; x_wconf 86' lang='lat' dir='ltr'><strong>addendum</strong></span> <span class='ocrx_word' id='word_1_83' title='bbox 1089 1677 1149 1743; x_wconf 92' lang='lat' dir='ltr'><strong>hoc</strong></span> <span class='ocrx_word' id='word_1_84' title='bbox 1164 1676 1285 1759; x_wconf 90' lang='lat' dir='ltr'><strong>psalmo</strong></span> 
     </span>
     <span class='ocr_line' id='line_1_14' title="bbox 133 1768 1285 1863; baseline 0 -16"><span class='ocrx_word' id='word_1_85' title='bbox 133 1780 360 1847; x_wconf 87' lang='lat' dir='ltr'><strong>iudicauerunt.</strong></span> <span class='ocrx_word' id='word_1_86' title='bbox 406 1800 532 1845; x_wconf 90' lang='lat' dir='ltr'><strong>causam</strong></span> <span class='ocrx_word' id='word_1_87' title='bbox 556 1802 629 1845; x_wconf 91' lang='lat' dir='ltr'><strong>uero</strong></span> <span class='ocrx_word' id='word_1_88' title='bbox 652 1780 759 1846; x_wconf 88' lang='lat' dir='ltr'><strong>iudicii</strong></span> <span class='ocrx_word' id='word_1_89' title='bbox 782 1781 870 1845; x_wconf 89' lang='lat' dir='ltr'><strong>istius</strong></span> <span class='ocrx_word' id='word_1_90' title='bbox 893 1768 925 1845; x_wconf 89' lang='lat' dir='ltr'><strong>in</strong></span> <span class='ocrx_word' id='word_1_91' title='bbox 948 1782 1072 1846; x_wconf 81' lang='lat' dir='ltr'><strong>exordio</strong></span> <span class='ocrx_word' id='word_1_92' title='bbox 1095 1781 1285 1863; x_wconf 87' lang='lat' dir='ltr'><strong>psalmorum</strong></span> 
     </span>
     <span class='ocr_line' id='line_1_15' title="bbox 132 1883 1286 1971; baseline 0.001 -21"><span class='ocrx_word' id='word_1_93' title='bbox 132 1886 308 1962; x_wconf 83' lang='lat' dir='ltr'><strong>docuimus,</strong></span> <span class='ocrx_word' id='word_1_94' title='bbox 345 1904 398 1967; x_wconf 87' lang='lat' dir='ltr'><strong>per</strong></span> <span class='ocrx_word' id='word_1_95' title='bbox 421 1904 517 1967; x_wconf 89' lang='lat' dir='ltr'><strong>quam</strong></span> <span class='ocrx_word' id='word_1_96' title='bbox 540 1883 618 1948; x_wconf 86' lang='lat' dir='ltr'><strong>nibil</strong></span> <span class='ocrx_word' id='word_1_97' title='bbox 641 1885 671 1949; x_wconf 91' lang='lat' dir='ltr'><strong>in</strong></span> <span class='ocrx_word' id='word_1_98' title='bbox 696 1885 826 1966; x_wconf 88' lang='lat' dir='ltr'><strong>psalmis</strong></span> <span class='ocrx_word' id='word_1_99' title='bbox 849 1884 909 1951; x_wconf 89' lang='lat' dir='ltr'><strong>nisi</strong></span> <span class='ocrx_word' id='word_1_100' title='bbox 932 1884 1149 1965; x_wconf 88' lang='lat' dir='ltr'><strong>propheticum</strong></span> <span class='ocrx_word' id='word_1_101' title='bbox 1172 1906 1286 1971; x_wconf 87' lang='lat' dir='ltr'><strong>cogno·</strong></span> 
     </span>
     <span class='ocr_line' id='line_1_16' title="bbox 131 1988 1338 2073; baseline 0.004 -18"><span class='ocrx_word' id='word_1_102' title='bbox 131 1990 253 2055; x_wconf 89' lang='lat' dir='ltr'><strong>scimus</strong></span> <span class='ocrx_word' id='word_1_103' title='bbox 288 1995 428 2068; x_wconf 89' lang='lat' dir='ltr'><strong>oportere</strong></span> <span class='ocrx_word' id='word_1_104' title='bbox 455 1988 590 2053; x_wconf 89' lang='lat' dir='ltr'><strong>tractari.</strong></span> <span class='ocrx_word' id='word_1_105' title='bbox 636 2007 707 2054; x_wconf 89' lang='lat' dir='ltr'><strong>curn</strong></span> <span class='ocrx_word' id='word_1_106' title='bbox 741 1988 826 2053; x_wconf 93' lang='lat' dir='ltr'><strong>enim</strong></span> <span class='ocrx_word' id='word_1_107' title='bbox 863 2009 920 2054; x_wconf 92' lang='lat' dir='ltr'><strong>nec</strong></span> <span class='ocrx_word' id='word_1_108' title='bbox 958 1989 1056 2073; x_wconf 90' lang='lat' dir='ltr'><strong>gestis</strong></span> <span class='ocrx_word' id='word_1_109' title='bbox 1091 2009 1193 2054; x_wconf 89' lang='lat' dir='ltr'><strong>sermo</strong></span> <span class='ocrx_word' id='word_1_110' title='bbox 1228 2010 1285 2056; x_wconf 89' lang='lat' dir='ltr'><strong>nec</strong></span> <span class='ocrx_word' id='word_1_111' title='bbox 1313 2020 1338 2059; x_wconf 82' lang='lat' dir='ltr'><strong>a</strong></span> 
     </span>
     <span class='ocr_line' id='line_1_17' title="bbox 130 2091 1285 2177; baseline 0.001 -19"><span class='ocrx_word' id='word_1_112' title='bbox 130 2093 329 2177; x_wconf 89' lang='lat' dir='ltr'><strong>temporibus</strong></span> <span class='ocrx_word' id='word_1_113' title='bbox 344 2093 419 2155; x_wconf 87' lang='lat' dir='ltr'><strong>ordo</strong></span> <span class='ocrx_word' id='word_1_114' title='bbox 435 2092 605 2169; x_wconf 89' lang='lat' dir='ltr'><strong>conueniat,</strong></span> <span class='ocrx_word' id='word_1_115' title='bbox 619 2091 746 2157; x_wconf 87' lang='lat' dir='ltr'><strong>relicum</strong></span> <span class='ocrx_word' id='word_1_116' title='bbox 760 2099 815 2168; x_wconf 87' lang='lat' dir='ltr'><strong>est,</strong></span> <span class='ocrx_word' id='word_1_117' title='bbox 829 2092 860 2157; x_wconf 91' lang='lat' dir='ltr'><strong>in</strong></span> <span class='ocrx_word' id='word_1_118' title='bbox 876 2092 1052 2177; x_wconf 84' lang='lat' dir='ltr'><strong>exemplum</strong></span> <span class='ocrx_word' id='word_1_119' title='bbox 1070 2113 1106 2159; x_wconf 88' lang='lat' dir='ltr'><strong>ac</strong></span> <span class='ocrx_word' id='word_1_120' title='bbox 1122 2094 1285 2159; x_wconf 89' lang='lat' dir='ltr'><strong>scientiam</strong></span> 
     </span>
     <span class='ocr_line' id='line_1_18' title="bbox 131 2196 1285 2281; baseline 0.001 -19"><span class='ocrx_word' id='word_1_121' title='bbox 131 2197 348 2281; x_wconf 83' lang='lat' dir='ltr'><strong>gerendorum</strong></span> <span class='ocrx_word' id='word_1_122' title='bbox 371 2201 402 2260; x_wconf 93' lang='lat' dir='ltr'><strong>et</strong></span> <span class='ocrx_word' id='word_1_123' title='bbox 425 2201 513 2280; x_wconf 86' lang='lat' dir='ltr'><strong>gesta</strong></span> <span class='ocrx_word' id='word_1_124' title='bbox 537 2196 640 2260; x_wconf 88' lang='lat' dir='ltr'><strong>omnia</strong></span> <span class='ocrx_word' id='word_1_125' title='bbox 663 2196 694 2259; x_wconf 92' lang='lat' dir='ltr'><strong>in</strong></span> <span class='ocrx_word' id='word_1_126' title='bbox 719 2196 822 2261; x_wconf 86' lang='lat' dir='ltr'><strong>Dauid</strong></span> <span class='ocrx_word' id='word_1_127' title='bbox 849 2203 880 2262; x_wconf 91' lang='lat' dir='ltr'><strong>et</strong></span> <span class='ocrx_word' id='word_1_128' title='bbox 902 2196 942 2261; x_wconf 92' lang='lat' dir='ltr'><strong>ab</strong></span> <span class='ocrx_word' id='word_1_129' title='bbox 966 2196 1016 2261; x_wconf 89' lang='lat' dir='ltr'><strong>bis</strong></span> <span class='ocrx_word' id='word_1_130' title='bbox 1038 2197 1193 2263; x_wconf 87' lang='lat' dir='ltr'><strong>intellecta</strong></span> <span class='ocrx_word' id='word_1_131' title='bbox 1216 2218 1285 2263; x_wconf 89' lang='lat' dir='ltr'><strong>esse</strong></span> 
     </span>
     <span class='ocr_line' id='line_1_19' title="bbox 131 2300 1381 2386; baseline 0.001 -20"><span class='ocrx_word' id='word_1_132' title='bbox 131 2304 315 2366; x_wconf 87' lang='lat' dir='ltr'><strong>doceamur.</strong></span> <span class='ocrx_word' id='word_1_133' title='bbox 363 2301 504 2384; x_wconf 87' lang='lat' dir='ltr'><strong>adposita</strong></span> <span class='ocrx_word' id='word_1_134' title='bbox 534 2320 609 2384; x_wconf 84' lang='lat' dir='ltr'><strong>ergo</strong></span> <span class='ocrx_word' id='word_1_135' title='bbox 639 2320 720 2365; x_wconf 91' lang='lat' dir='ltr'><strong>nunc</strong></span> <span class='ocrx_word' id='word_1_136' title='bbox 752 2300 871 2381; x_wconf 89' lang='lat' dir='ltr'><strong>psalmo</strong></span> <span class='ocrx_word' id='word_1_137' title='bbox 895 2302 1114 2382; x_wconf 89' lang='lat' dir='ltr'><strong>superscriptio</strong></span> <span class='ocrx_word' id='word_1_138' title='bbox 1137 2311 1192 2378; x_wconf 89' lang='lat' dir='ltr'><strong>est,</strong></span> <span class='ocrx_word' id='word_1_139' title='bbox 1216 2322 1284 2386; x_wconf 85' lang='lat' dir='ltr'><strong>qnae</strong></span> <span class='ocrx_word' id='word_1_140' title='bbox 1371 2347 1381 2367; x_wconf 84' lang='lat'><strong>.</strong></span> 
     </span>
     <span class='ocr_line' id='line_1_20' title="bbox 131 2404 1285 2486; baseline 0 -16"><span class='ocrx_word' id='word_1_141' title='bbox 131 2426 197 2470; x_wconf 93' lang='lat' dir='ltr'><strong>non</strong></span> <span class='ocrx_word' id='word_1_142' title='bbox 222 2410 304 2469; x_wconf 82' lang='lat' dir='ltr'><strong>extat</strong></span> <span class='ocrx_word' id='word_1_143' title='bbox 325 2406 356 2468; x_wconf 94' lang='lat' dir='ltr'><strong>in</strong></span> <span class='ocrx_word' id='word_1_144' title='bbox 381 2404 466 2481; x_wconf 85' lang='lat' dir='ltr'><strong>libro,</strong></span> <span class='ocrx_word' id='word_1_145' title='bbox 484 2410 523 2483; x_wconf 85' lang='lat' dir='ltr'><strong>ut,</strong></span> <span class='ocrx_word' id='word_1_146' title='bbox 543 2404 595 2469; x_wconf 88' lang='lat' dir='ltr'><strong>ubi</strong></span> <span class='ocrx_word' id='word_1_147' title='bbox 613 2410 749 2469; x_wconf 85' lang='lat' dir='ltr'><strong>extat-</strong></span> <span class='ocrx_word' id='word_1_148' title='bbox 762 2404 795 2470; x_wconf 90' lang='lat' dir='ltr'><strong>id</strong></span> <span class='ocrx_word' id='word_1_149' title='bbox 818 2413 865 2470; x_wconf 91' lang='lat' dir='ltr'><strong>est</strong></span> <span class='ocrx_word' id='word_1_150' title='bbox 888 2405 967 2470; x_wconf 89' lang='lat' dir='ltr'><strong>sicut</strong></span> <span class='ocrx_word' id='word_1_151' title='bbox 988 2406 1021 2469; x_wconf 91' lang='lat' dir='ltr'><strong>in</strong></span> <span class='ocrx_word' id='word_1_152' title='bbox 1043 2405 1164 2486; x_wconf 89' lang='lat' dir='ltr'><strong>psalmo</strong></span> <span class='ocrx_word' id='word_1_153' title='bbox 1188 2407 1285 2484; x_wconf 90' lang='lat' dir='ltr'><strong>tertio,</strong></span> 
     </span>
     <span class='ocr_line' id='line_1_21' title="bbox 129 2508 1336 2595; baseline 0.002 -21"><span class='ocrx_word' id='word_1_154' title='bbox 129 2510 163 2574; x_wconf 92' lang='lat' dir='ltr'><strong>in</strong></span> <span class='ocrx_word' id='word_1_155' title='bbox 188 2530 251 2595; x_wconf 88' lang='lat' dir='ltr'><strong>qno</strong></span> <span class='ocrx_word' id='word_1_156' title='bbox 276 2530 294 2573; x_wconf 88' lang='lat' dir='ltr'><strong>a</strong></span> <span class='ocrx_word' id='word_1_157' title='bbox 317 2508 396 2573; x_wconf 82' lang='lat' dir='ltr'><strong>socie</strong></span> <span class='ocrx_word' id='word_1_158' title='bbox 420 2509 495 2587; x_wconf 90' lang='lat' dir='ltr'><strong>eius,</strong></span> <span class='ocrx_word' id='word_1_159' title='bbox 520 2510 573 2592; x_wconf 88' lang='lat' dir='ltr'><strong>qui</strong></span> <span class='ocrx_word' id='word_1_160' title='bbox 597 2530 679 2575; x_wconf 88' lang='lat' dir='ltr'><strong>nunc</strong></span> <span class='ocrx_word' id='word_1_161' title='bbox 703 2510 848 2593; x_wconf 90' lang='lat' dir='ltr'><strong>persequi</strong></span> <span class='ocrx_word' id='word_1_162' title='bbox 871 2508 1023 2585; x_wconf 87' lang='lat' dir='ltr'><strong>scribitur,</strong></span> <span class='ocrx_word' id='word_1_163' title='bbox 1044 2510 1159 2594; x_wconf 82' lang='lat' dir='ltr'><strong>sugerit</strong></span> <span class='ocrx_word' id='word_1_164' title='bbox 1175 2547 1225 2589; x_wconf 89' lang='lat'><strong>—‚</strong></span> <span class='ocrx_word' id='word_1_165' title='bbox 1244 2512 1284 2575; x_wconf 85' lang='lat' dir='ltr'><strong>ad</strong></span> <span class='ocrx_word' id='word_1_166' title='bbox 1311 2539 1336 2577; x_wconf 79' lang='lat' dir='ltr'><strong>so</strong></span> 
     </span>
     <span class='ocr_line' id='line_1_22' title="bbox 131 2612 971 2697; baseline -0.005 -17"><span class='ocrx_word' id='word_1_167' title='bbox 131 2613 299 2680; x_wconf 90' lang='lat' dir='ltr'><strong>scientiam</strong></span> <span class='ocrx_word' id='word_1_168' title='bbox 323 2612 511 2694; x_wconf 77' lang='lat' dir='ltr'><strong>prophetica</strong></span> <span class='ocrx_word' id='word_1_169' title='bbox 534 2612 754 2697; x_wconf 71' lang='lat' dir='ltr'><strong>intellegentiae</strong></span> <span class='ocrx_word' id='word_1_170' title='bbox 777 2633 971 2679; x_wconf 87' lang='lat' dir='ltr'><strong>necaremur.</strong></span> 
     </span>
    </p>

    <p class='ocr_par' dir='ltr' id='par_1_7' title="bbox 131 2716 1338 3635">
     <span class='ocr_line' id='line_1_23' title="bbox 177 2716 1284 2801; baseline 0.002 -20"><span class='ocrx_word' id='word_1_171' title='bbox 177 2718 208 2781; x_wconf 80' lang='lat'><strong>2.</strong></span> <span class='ocrx_word' id='word_1_172' title='bbox 234 2716 402 2798; x_wconf 89' lang='lat' dir='ltr'><strong>Prophetat</strong></span> <span class='ocrx_word' id='word_1_173' title='bbox 435 2736 509 2801; x_wconf 85' lang='lat' dir='ltr'><strong>ergo</strong></span> <span class='ocrx_word' id='word_1_174' title='bbox 543 2738 625 2783; x_wconf 92' lang='lat' dir='ltr'><strong>nunc</strong></span> <span class='ocrx_word' id='word_1_175' title='bbox 649 2718 749 2783; x_wconf 87' lang='lat' dir='ltr'><strong>Dauid</strong></span> <span class='ocrx_word' id='word_1_176' title='bbox 784 2718 979 2799; x_wconf 91' lang='lat' dir='ltr'><strong>passionibus</strong></span> <span class='ocrx_word' id='word_1_177' title='bbox 1014 2719 1078 2784; x_wconf 87' lang='lat' dir='ltr'><strong>suis</strong></span> <span class='ocrx_word' id='word_1_178' title='bbox 1113 2719 1284 2784; x_wconf 88' lang='lat' dir='ltr'><strong>dominicas</strong></span> 
     </span>
     <span class='ocr_line' id='line_1_24' title="bbox 132 2821 1284 2907; baseline 0.002 -20"><span class='ocrx_word' id='word_1_179' title='bbox 132 2821 315 2904; x_wconf 84' lang='lat' dir='ltr'><strong>passiones:</strong></span> <span class='ocrx_word' id='word_1_180' title='bbox 340 2842 400 2885; x_wconf 94' lang='lat' dir='ltr'><strong>non</strong></span> <span class='ocrx_word' id='word_1_181' title='bbox 425 2821 462 2886; x_wconf 91' lang='lat' dir='ltr'><strong>de</strong></span> <span class='ocrx_word' id='word_1_182' title='bbox 480 2822 651 2887; x_wconf 83' lang='lat' dir='ltr'><strong>Abessalon</strong></span> <span class='ocrx_word' id='word_1_183' title='bbox 675 2842 878 2906; x_wconf 84' lang='lat' dir='ltr'><strong>conquerens,</strong></span> <span class='ocrx_word' id='word_1_184' title='bbox 902 2824 957 2889; x_wconf 89' lang='lat' dir='ltr'><strong>sed</strong></span> <span class='ocrx_word' id='word_1_185' title='bbox 981 2823 1020 2888; x_wconf 89' lang='lat' dir='ltr'><strong>de</strong></span> <span class='ocrx_word' id='word_1_186' title='bbox 1045 2823 1101 2901; x_wconf 93' lang='lat' dir='ltr'><strong>his,</strong></span> <span class='ocrx_word' id='word_1_187' title='bbox 1118 2822 1284 2907; x_wconf 86' lang='lat' dir='ltr'><strong>quiAbes-</strong></span> 
     </span>
     <span class='ocr_line' id='line_1_25' title="bbox 132 2924 1283 3011; baseline -0.001 -19"><span class='ocrx_word' id='word_1_188' title='bbox 132 2926 224 2992; x_wconf 87' lang='lat' dir='ltr'><strong>salon</strong></span> <span class='ocrx_word' id='word_1_189' title='bbox 257 2926 296 2989; x_wconf 86' lang='lat' dir='ltr'><strong>ad</strong></span> <span class='ocrx_word' id='word_1_190' title='bbox 327 2924 493 3005; x_wconf 89' lang='lat' dir='ltr'><strong>impietatis</strong></span> <span class='ocrx_word' id='word_1_191' title='bbox 524 2926 638 2991; x_wconf 86' lang='lat' dir='ltr'><strong>crimen</strong></span> <span class='ocrx_word' id='word_1_192' title='bbox 674 2926 818 3011; x_wconf 81' lang='lat' dir='ltr'><strong>ignirent.</strong></span> <span class='ocrx_word' id='word_1_193' title='bbox 871 2926 968 3011; x_wconf 84' lang='lat' dir='ltr'><strong>ignita</strong></span> <span class='ocrx_word' id='word_1_194' title='bbox 998 2928 1082 3006; x_wconf 85' lang='lat' dir='ltr'><strong>enim</strong></span> <span class='ocrx_word' id='word_1_195' title='bbox 1112 2929 1283 2993; x_wconf 88' lang='lat' dir='ltr'><strong>secundum</strong></span> 
     </span>
     <span class='ocr_line' id='line_1_26' title="bbox 133 3028 1338 3114; baseline 0.002 -19"><span class='ocrx_word' id='word_1_196' title='bbox 133 3028 308 3111; x_wconf 89' lang='lat' dir='ltr'><strong>apostolum</strong></span> <span class='ocrx_word' id='word_1_197' title='bbox 325 3028 438 3093; x_wconf 89' lang='lat' dir='ltr'><strong>diaboli</strong></span> <span class='ocrx_word' id='word_1_198' title='bbox 462 3035 534 3095; x_wconf 91' lang='lat' dir='ltr'><strong>sunt</strong></span> <span class='ocrx_word' id='word_1_199' title='bbox 557 3028 665 3108; x_wconf 91' lang='lat' dir='ltr'><strong>iacula,</strong></span> <span class='ocrx_word' id='word_1_200' title='bbox 689 3050 759 3114; x_wconf 87' lang='lat' dir='ltr'><strong>quae</strong></span> <span class='ocrx_word' id='word_1_201' title='bbox 784 3052 818 3097; x_wconf 91' lang='lat' dir='ltr'><strong>se</strong></span> <span class='ocrx_word' id='word_1_202' title='bbox 840 3031 871 3095; x_wconf 90' lang='lat' dir='ltr'><strong>in</strong></span> <span class='ocrx_word' id='word_1_203' title='bbox 896 3052 947 3097; x_wconf 89' lang='lat' dir='ltr'><strong>cor</strong></span> <span class='ocrx_word' id='word_1_204' title='bbox 967 3030 1060 3104; x_wconf 84' lang='lat' dir='ltr'><strong>lodae,</strong></span> <span class='ocrx_word' id='word_1_205' title='bbox 1085 3038 1118 3096; x_wconf 91' lang='lat' dir='ltr'><strong>ut</strong></span> <span class='ocrx_word' id='word_1_206' title='bbox 1141 3032 1285 3098; x_wconf 91' lang='lat' dir='ltr'><strong>dominus</strong></span> <span class='ocrx_word' id='word_1_207' title='bbox 1313 3060 1338 3097; x_wconf 77' lang='lat' dir='ltr'><strong>a</strong></span> 
     </span>
     <span class='ocr_line' id='line_1_27' title="bbox 133 3133 1283 3222; baseline -0.001 -23"><span class='ocrx_word' id='word_1_208' title='bbox 133 3135 319 3209; x_wconf 86' lang='lat' dir='ltr'><strong>traderetur,</strong></span> <span class='ocrx_word' id='word_1_209' title='bbox 348 3133 509 3198; x_wconf 88' lang='lat' dir='ltr'><strong>iniecerint</strong></span> <span class='ocrx_word' id='word_1_210' title='bbox 539 3140 570 3199; x_wconf 91' lang='lat' dir='ltr'><strong>et</strong></span> <span class='ocrx_word' id='word_1_211' title='bbox 593 3155 673 3201; x_wconf 91' lang='lat' dir='ltr'><strong>nunc</strong></span> <span class='ocrx_word' id='word_1_212' title='bbox 703 3136 735 3199; x_wconf 92' lang='lat' dir='ltr'><strong>in</strong></span> <span class='ocrx_word' id='word_1_213' title='bbox 766 3134 838 3201; x_wconf 87' lang='lat' dir='ltr'><strong>tiliis</strong></span> <span class='ocrx_word' id='word_1_214' title='bbox 861 3135 1088 3201; x_wconf 75' lang='lat' dir='ltr'><strong>inobedientia</strong></span> <span class='ocrx_word' id='word_1_215' title='bbox 1111 3143 1283 3222; x_wconf 90' lang='lat' dir='ltr'><strong>operentur.</strong></span> 
     </span>
     <span class='ocr_line' id='line_1_28' title="bbox 133 3238 1283 3321; baseline 0.001 -19"><span class='ocrx_word' id='word_1_216' title='bbox 133 3238 176 3303; x_wconf 94' lang='lat' dir='ltr'><strong>ob</strong></span> <span class='ocrx_word' id='word_1_217' title='bbox 212 3238 297 3320; x_wconf 90' lang='lat' dir='ltr'><strong>quod</strong></span> <span class='ocrx_word' id='word_1_218' title='bbox 331 3238 473 3303; x_wconf 90' lang='lat' dir='ltr'><strong>dominus</strong></span> <span class='ocrx_word' id='word_1_219' title='bbox 508 3239 672 3319; x_wconf 86' lang='lat' dir='ltr'><strong>adsumpta</strong></span> <span class='ocrx_word' id='word_1_220' title='bbox 706 3240 824 3321; x_wconf 85' lang='lat' dir='ltr'><strong>peccati</strong></span> <span class='ocrx_word' id='word_1_221' title='bbox 869 3240 971 3305; x_wconf 88' lang='lat' dir='ltr'><strong>carnis</strong></span> <span class='ocrx_word' id='word_1_222' title='bbox 1006 3239 1206 3305; x_wconf 87' lang='lat' dir='ltr'><strong>similitudine</strong></span> <span class='ocrx_word' id='word_1_223' title='bbox 1243 3243 1283 3305; x_wconf 90' lang='lat' dir='ltr'><strong>de</strong></span> 
     </span>
     <span class='ocr_line' id='line_1_29' title="bbox 133 3343 1313 3427; baseline 0 -20"><span class='ocrx_word' id='word_1_224' title='bbox 133 3348 263 3423; x_wconf 87' lang='lat' dir='ltr'><strong>peceato</strong></span> <span class='ocrx_word' id='word_1_225' title='bbox 298 3343 517 3408; x_wconf 89' lang='lat' dir='ltr'><strong>condemnauit</strong></span> <span class='ocrx_word' id='word_1_226' title='bbox 550 3350 710 3424; x_wconf 88' lang='lat' dir='ltr'><strong>peccatum</strong></span> <span class='ocrx_word' id='word_1_227' title='bbox 747 3345 779 3407; x_wconf 92' lang='lat' dir='ltr'><strong>in</strong></span> <span class='ocrx_word' id='word_1_228' title='bbox 818 3363 919 3409; x_wconf 90' lang='lat' dir='ltr'><strong>carne.</strong></span> <span class='ocrx_word' id='word_1_229' title='bbox 972 3343 1173 3408; x_wconf 87' lang='lat' dir='ltr'><strong>tractabimus</strong></span> <span class='ocrx_word' id='word_1_230' title='bbox 1209 3362 1283 3427; x_wconf 83' lang='lat' dir='ltr'><strong>ergo</strong></span> <span class='ocrx_word' id='word_1_231' title='bbox 1310 3377 1313 3382; x_wconf 60' lang='lat'>&gt;</span> 
     </span>
     <span class='ocr_line' id='line_1_30' title="bbox 134 3445 1282 3529; baseline -0.001 -17"><span class='ocrx_word' id='word_1_232' title='bbox 134 3445 293 3528; x_wconf 87' lang='lat' dir='ltr'><strong>psalmum</strong></span> <span class='ocrx_word' id='word_1_233' title='bbox 318 3466 354 3510; x_wconf 86' lang='lat' dir='ltr'><strong>er</strong></span> <span class='ocrx_word' id='word_1_234' title='bbox 384 3466 517 3528; x_wconf 89' lang='lat' dir='ltr'><strong>persona</strong></span> <span class='ocrx_word' id='word_1_235' title='bbox 540 3446 698 3527; x_wconf 82' lang='lat' dir='ltr'><strong>preplretae</strong></span> <span class='ocrx_word' id='word_1_236' title='bbox 721 3445 931 3529; x_wconf 81' lang='lat' dir='ltr'><strong>intellegentis</strong></span> <span class='ocrx_word' id='word_1_237' title='bbox 955 3466 988 3512; x_wconf 93' lang='lat' dir='ltr'><strong>se</strong></span> <span class='ocrx_word' id='word_1_238' title='bbox 1018 3447 1051 3511; x_wconf 93' lang='lat' dir='ltr'><strong>in</strong></span> <span class='ocrx_word' id='word_1_239' title='bbox 1076 3448 1193 3528; x_wconf 88' lang='lat' dir='ltr'><strong>peccati</strong></span> <span class='ocrx_word' id='word_1_240' title='bbox 1217 3468 1282 3512; x_wconf 91' lang='lat' dir='ltr'><strong>cor·</strong></span> 
     </span>
     <span class='ocr_line' id='line_1_31' title="bbox 131 3550 1335 3635; baseline 0.002 -20"><span class='ocrx_word' id='word_1_241' title='bbox 131 3570 210 3633; x_wconf 93' lang='lat' dir='ltr'><strong>pore</strong></span> <span class='ocrx_word' id='word_1_242' title='bbox 244 3550 378 3631; x_wconf 90' lang='lat' dir='ltr'><strong>pesitum</strong></span> <span class='ocrx_word' id='word_1_243' title='bbox 413 3557 443 3615; x_wconf 91' lang='lat' dir='ltr'><strong>et</strong></span> <span class='ocrx_word' id='word_1_244' title='bbox 466 3550 545 3616; x_wconf 92' lang='lat' dir='ltr'><strong>inter</strong></span> <span class='ocrx_word' id='word_1_245' title='bbox 569 3550 683 3616; x_wconf 89' lang='lat' dir='ltr'><strong>multas</strong></span> <span class='ocrx_word' id='word_1_246' title='bbox 708 3556 738 3616; x_wconf 88' lang='lat' dir='ltr'><strong>et</strong></span> <span class='ocrx_word' id='word_1_247' title='bbox 768 3570 879 3635; x_wconf 85' lang='lat' dir='ltr'><strong>graues</strong></span> <span class='ocrx_word' id='word_1_248' title='bbox 916 3551 1030 3615; x_wconf 88' lang='lat' dir='ltr'><strong>diaboli</strong></span> <span class='ocrx_word' id='word_1_249' title='bbox 1063 3553 1281 3631; x_wconf 88' lang='lat' dir='ltr'><strong>temptationes</strong></span> <span class='ocrx_word' id='word_1_250' title='bbox 1309 3579 1335 3618; x_wconf 79' lang='lat' dir='ltr'><strong>so</strong></span> 
     </span>
    </p>
   </div>
   <div class='ocr_carea' id='block_1_4' title="bbox 130 3688 1285 4121">
    <p class='ocr_par' dir='ltr' id='par_1_8' title="bbox 130 3688 1285 4121">
     <span class='ocr_line' id='line_1_32' title="bbox 177 3688 1282 3760; baseline 0.001 -16"><span class='ocrx_word' id='word_1_251' title='bbox 177 3691 260 3744; x_wconf 72' lang='lat' dir='ltr'><strong>adse</strong></span> <span class='ocrx_word' id='word_1_252' title='bbox 270 3691 294 3743; x_wconf 83' lang='lat' dir='ltr'><strong>a</strong></span> <span class='ocrx_word' id='word_1_253' title='bbox 303 3692 349 3743; x_wconf 82' lang='lat' dir='ltr'><strong>sed</strong></span> <span class='ocrx_word' id='word_1_254' title='bbox 356 3690 391 3759; x_wconf 90' lang='lat' dir='ltr'><strong>cf.</strong></span> <span class='ocrx_word' id='word_1_255' title='bbox 399 3708 426 3760; x_wconf 86' lang='lat' dir='ltr'><strong>p.</strong></span> <span class='ocrx_word' id='word_1_256' title='bbox 437 3688 502 3755; x_wconf 80' lang='lat'><strong>806,</strong></span> <span class='ocrx_word' id='word_1_257' title='bbox 514 3688 551 3743; x_wconf 83' lang='lat'><strong>12</strong></span> <span class='ocrx_word' id='word_1_258' title='bbox 596 3690 707 3759; x_wconf 84' lang='lat' dir='ltr'><strong>percipe</strong></span> <span class='ocrx_word' id='word_1_259' title='bbox 717 3691 871 3745; x_wconf 82' lang='lat' dir='ltr'><strong>orationem</strong></span> <span class='ocrx_word' id='word_1_260' title='bbox 881 3693 906 3744; x_wconf 83' lang='lat' dir='ltr'><em>R</em></span> <span class='ocrx_word' id='word_1_261' title='bbox 950 3692 1011 3745; x_wconf 81' lang='lat' dir='ltr'><strong>ede</strong></span> <span class='ocrx_word' id='word_1_262' title='bbox 1021 3692 1175 3746; x_wconf 78' lang='lat' dir='ltr'><strong>Abessalon</strong></span> <span class='ocrx_word' id='word_1_263' title='bbox 1185 3692 1225 3745; x_wconf 78' lang='lat' dir='ltr'><strong>Rc</strong></span> <span class='ocrx_word' id='word_1_264' title='bbox 1235 3691 1282 3745; x_wconf 86' lang='lat' dir='ltr'><strong>sed</strong></span> 
     </span>
     <span class='ocr_line' id='line_1_33' title="bbox 130 3777 1283 3849; baseline 0.001 -19"><span class='ocrx_word' id='word_1_265' title='bbox 130 3777 279 3832; x_wconf 82' lang='lat' dir='ltr'><strong>abessalon</strong></span> <span class='ocrx_word' id='word_1_266' title='bbox 292 3777 466 3847; x_wconf 82' lang='lat' dir='ltr'><strong>Gabsslonp</strong></span> <span class='ocrx_word' id='word_1_267' title='bbox 523 3780 555 3832; x_wconf 89' lang='grc'><strong>10</strong></span> <span class='ocrx_word' id='word_1_268' title='bbox 570 3778 778 3833; x_wconf 85' lang='lat' dir='ltr'><strong>scribseruntG</strong></span> <span class='ocrx_word' id='word_1_269' title='bbox 830 3778 859 3831; x_wconf 90' lang='lat' dir='ltr'><strong>bi</strong></span> <span class='ocrx_word' id='word_1_270' title='bbox 875 3780 918 3849; x_wconf 86' lang='lat' dir='ltr'><strong>Gp</strong></span> <span class='ocrx_word' id='word_1_271' title='bbox 942 3778 1019 3832; x_wconf 83' lang='lat' dir='ltr'><strong>hiiR</strong></span> <span class='ocrx_word' id='word_1_272' title='bbox 1072 3778 1283 3835; x_wconf 75' lang='lat' dir='ltr'><strong>llsccelracR</strong></span> 
     </span>
     <span class='ocr_line' id='line_1_34' title="bbox 134 3863 1283 3935; baseline 0.001 -18"><span class='ocrx_word' id='word_1_273' title='bbox 134 3863 414 3931; x_wconf 78' lang='lat' dir='ltr'><strong>lilprsescribtumG</strong></span> <span class='ocrx_word' id='word_1_274' title='bbox 449 3864 605 3918; x_wconf 72' lang='lat' dir='ltr'><strong>addendum</strong></span> <span class='ocrx_word' id='word_1_275' title='bbox 616 3864 826 3935; x_wconf 74' lang='lat' dir='ltr'><strong>Glisddendop</strong></span> <span class='ocrx_word' id='word_1_276' title='bbox 862 3865 1102 3933; x_wconf 70' lang='lat' dir='ltr'><strong>ldprol&#39;eticumG</strong></span> <span class='ocrx_word' id='word_1_277' title='bbox 1139 3867 1174 3920; x_wconf 82' lang='grc'><strong>16</strong></span> <span class='ocrx_word' id='word_1_278' title='bbox 1178 3867 1283 3921; x_wconf 66' lang='lat' dir='ltr'><strong>sebum</strong></span> 
     </span>
     <span class='ocr_line' id='line_1_35' title="bbox 132 3948 1284 4023; baseline 0.001 -19"><span class='ocrx_word' id='word_1_279' title='bbox 132 3950 211 4018; x_wconf 87' lang='lat' dir='ltr'><strong>ordo,</strong></span> <span class='ocrx_word' id='word_1_280' title='bbox 240 3952 309 4019; x_wconf 76' lang='lat' dir='ltr'><strong>qued</strong></span> <span class='ocrx_word' id='word_1_281' title='bbox 334 3960 371 4003; x_wconf 83' lang='lat' dir='ltr'><strong>est</strong></span> <span class='ocrx_word' id='word_1_282' title='bbox 398 3952 425 4003; x_wconf 82' lang='lat' dir='ltr'><strong>ln</strong></span> <span class='ocrx_word' id='word_1_283' title='bbox 454 3950 514 4016; x_wconf 84' lang='lat' dir='ltr'><strong>GR,</strong></span> <span class='ocrx_word' id='word_1_284' title='bbox 542 3968 590 4004; x_wconf 89' lang='lat' dir='ltr'><strong>om.</strong></span> <span class='ocrx_word' id='word_1_285' title='bbox 613 3948 688 4021; x_wconf 69' lang='lat' dir='ltr'><strong>ppt)</strong></span> <span class='ocrx_word' id='word_1_286' title='bbox 742 3952 860 4005; x_wconf 88' lang='lat' dir='ltr'><strong>relicum</strong></span> <span class='ocrx_word' id='word_1_287' title='bbox 881 3952 907 4005; x_wconf 99' lang='lat' dir='ltr'><em>G</em></span> <span class='ocrx_word' id='word_1_288' title='bbox 924 3951 1045 4020; x_wconf 87' lang='lat' dir='ltr'><strong>reliqum</strong></span> <span class='ocrx_word' id='word_1_289' title='bbox 1064 3953 1090 4005; x_wconf 86' lang='lat' dir='ltr'><em>R</em></span> <span class='ocrx_word' id='word_1_290' title='bbox 1107 3952 1284 4023; x_wconf 72' lang='lat' dir='ltr'><strong>reliqupmp</strong></span> 
     </span>
     <span class='ocr_line' id='line_1_36' title="bbox 133 4036 1285 4121; baseline 0.004 -34"><span class='ocrx_word' id='word_1_291' title='bbox 133 4040 168 4088; x_wconf 83' lang='lat'><strong>17</strong></span> <span class='ocrx_word' id='word_1_292' title='bbox 188 4036 272 4091; x_wconf 86' lang='lat' dir='ltr'><strong>dauid</strong></span> <span class='ocrx_word' id='word_1_293' title='bbox 290 4038 325 4091; x_wconf 90' lang='lat' dir='ltr'><strong>sb</strong></span> <span class='ocrx_word' id='word_1_294' title='bbox 343 4036 432 4091; x_wconf 86' lang='lat' dir='ltr'><strong>hisG</strong></span> <span class='ocrx_word' id='word_1_295' title='bbox 487 4040 519 4092; x_wconf 83' lang='lat'><strong>18</strong></span> <span class='ocrx_word' id='word_1_296' title='bbox 538 4039 736 4106; x_wconf 85' lang='lat' dir='ltr'><strong>superscribtio</strong></span> <span class='ocrx_word' id='word_1_297' title='bbox 764 4040 790 4091; x_wconf 86' lang='lat' dir='ltr'><em>G</em></span> <span class='ocrx_word' id='word_1_298' title='bbox 813 4039 1012 4121; x_wconf 74' lang='lat' dir='ltr'><strong>superscriptio</strong></span> <span class='ocrx_word' id='word_1_299' title='bbox 1032 4041 1057 4093; x_wconf 86' lang='lat' dir='ltr'><em>R</em></span> <span class='ocrx_word' id='word_1_300' title='bbox 1113 4042 1145 4093; x_wconf 89' lang='lat'><strong>19</strong></span> <span class='ocrx_word' id='word_1_301' title='bbox 1164 4040 1238 4102; x_wconf 79' lang='lat' dir='ltr'><strong>siout</strong></span> <span class='ocrx_word' id='word_1_302' title='bbox 1254 4040 1285 4093; x_wconf 87' lang='lat' dir='ltr'><strong>in</strong></span> 
     </span>
    </p>
   </div>
   <div class='ocr_carea' id='block_1_5' title="bbox 131 4140 1285 4384">
    <p class='ocr_par' dir='ltr' id='par_1_9' title="bbox 131 4140 1285 4384">
     <span class='ocr_line' id='line_1_37' title="bbox 134 4140 1284 4216; baseline 0.004 -23"><span class='ocrx_word' id='word_1_303' title='bbox 134 4142 180 4210; x_wconf 83' lang='lat' dir='ltr'><strong>Gp</strong></span> <span class='ocrx_word' id='word_1_304' title='bbox 199 4140 282 4195; x_wconf 88' lang='lat' dir='ltr'><strong>sicuti</strong></span> <span class='ocrx_word' id='word_1_305' title='bbox 304 4142 333 4195; x_wconf 89' lang='lat' dir='ltr'><strong>in</strong></span> <span class='ocrx_word' id='word_1_306' title='bbox 352 4142 378 4195; x_wconf 84' lang='lat' dir='ltr'><em>R</em></span> <span class='ocrx_word' id='word_1_307' title='bbox 430 4144 464 4196; x_wconf 75' lang='lat'><strong>23</strong></span> <span class='ocrx_word' id='word_1_308' title='bbox 483 4142 635 4195; x_wconf 86' lang='lat' dir='ltr'><strong>Abessalon</strong></span> <span class='ocrx_word' id='word_1_309' title='bbox 657 4144 682 4195; x_wconf 86' lang='lat' dir='ltr'><em>G</em></span> <span class='ocrx_word' id='word_1_310' title='bbox 701 4144 822 4197; x_wconf 83' lang='lat' dir='ltr'><strong>Absalon</strong></span> <span class='ocrx_word' id='word_1_311' title='bbox 841 4144 885 4216; x_wconf 82' lang='lat' dir='ltr'><strong>Rp</strong></span> <span class='ocrx_word' id='word_1_312' title='bbox 938 4144 1062 4197; x_wconf 87' lang='lat' dir='ltr'><strong>Absalon</strong></span> <span class='ocrx_word' id='word_1_313' title='bbox 1080 4145 1106 4197; x_wconf 85' lang='lat' dir='ltr'><strong><em>R</em></strong></span> <span class='ocrx_word' id='word_1_314' title='bbox 1124 4144 1248 4198; x_wconf 89' lang='lat' dir='ltr'><strong>Absolon</strong></span> <span class='ocrx_word' id='word_1_315' title='bbox 1263 4163 1284 4214; x_wconf 83' lang='lat' dir='ltr'><strong>p</strong></span> 
     </span>
     <span class='ocr_line' id='line_1_38' title="bbox 131 4228 1285 4301; baseline 0.003 -20"><span class='ocrx_word' id='word_1_316' title='bbox 131 4230 169 4281; x_wconf 74' lang='grc'><strong>24</strong></span> <span class='ocrx_word' id='word_1_317' title='bbox 188 4228 312 4281; x_wconf 83' lang='lat' dir='ltr'><strong>seeundd</strong></span> <span class='ocrx_word' id='word_1_318' title='bbox 333 4230 357 4281; x_wconf 92' lang='lat' dir='ltr'><em>G</em></span> <span class='ocrx_word' id='word_1_319' title='bbox 375 4228 544 4283; x_wconf 83' lang='lat' dir='ltr'><strong>saecundum</strong></span> <span class='ocrx_word' id='word_1_320' title='bbox 564 4230 589 4282; x_wconf 79' lang='lat' dir='ltr'><strong>a</strong></span> <span class='ocrx_word' id='word_1_321' title='bbox 641 4232 676 4284; x_wconf 75' lang='grc'><strong>28</strong></span> <span class='ocrx_word' id='word_1_322' title='bbox 693 4231 945 4301; x_wconf 83' lang='lat' dir='ltr'><strong>condempnsuitp</strong></span> <span class='ocrx_word' id='word_1_323' title='bbox 997 4234 1032 4285; x_wconf 74' lang='lat'><strong>29</strong></span> <span class='ocrx_word' id='word_1_324' title='bbox 1051 4230 1240 4299; x_wconf 81' lang='lat' dir='ltr'><strong>intellegintes</strong></span> <span class='ocrx_word' id='word_1_325' title='bbox 1259 4232 1285 4284; x_wconf 87' lang='lat' dir='ltr'><em>G</em></span> 
     </span>
     <span class='ocr_line' id='line_1_39' title="bbox 132 4312 925 4384; baseline 0.005 -17"><span class='ocrx_word' id='word_1_326' title='bbox 132 4318 169 4368; x_wconf 77' lang='grc'><strong>30</strong></span> <span class='ocrx_word' id='word_1_327' title='bbox 188 4314 273 4383; x_wconf 89' lang='lat' dir='ltr'><strong>positi</strong></span> <span class='ocrx_word' id='word_1_328' title='bbox 294 4315 346 4368; x_wconf 86' lang='lat' dir='ltr'><strong>GR</strong></span> <span class='ocrx_word' id='word_1_329' title='bbox 398 4319 427 4369; x_wconf 87' lang='lat' dir='ltr'><strong>et</strong></span> <span class='ocrx_word' id='word_1_330' title='bbox 444 4312 482 4383; x_wconf 75' lang='lat' dir='ltr'><strong>llll</strong></span> <span class='ocrx_word' id='word_1_331' title='bbox 499 4332 598 4384; x_wconf 84' lang='lat' dir='ltr'><strong>graues</strong></span> <span class='ocrx_word' id='word_1_332' title='bbox 618 4314 704 4381; x_wconf 76' lang='lat' dir='ltr'><strong>(r-5</strong></span> <span class='ocrx_word' id='word_1_333' title='bbox 723 4318 771 4370; x_wconf 79' lang='lat' dir='ltr'><strong>tur.</strong></span> <span class='ocrx_word' id='word_1_334' title='bbox 790 4316 871 4383; x_wconf 79' lang='lat' dir='ltr'><strong>erac.)</strong></span> <span class='ocrx_word' id='word_1_335' title='bbox 891 4319 925 4371; x_wconf 89' lang='lat' dir='ltr'><strong>R.</strong></span> 
     </span>
    </p>
   </div>
   <div class='ocr_carea' id='block_1_6' title="bbox 0 0 1542 4967">
    <p class='ocr_par' dir='ltr' id='par_1_10' title="bbox 0 0 1542 4967">
     <span class='ocr_line' id='line_1_40' title="bbox 0 0 1542 4967; baseline 0 0"><span class='ocrx_word' id='word_1_336' title='bbox 0 0 1542 4967; x_wconf 95' lang='lat' dir='ltr'><strong> </strong></span> 
     </span>
    </p>
   </div>
  </div>
 </body>
</html>
