3075 4967
395 320 574 370 tractatus
592 316 627 369 in
645 317 817 384 psalmum
836 315 957 371 CXVIII.
1181 316 1245 381 417

118 525 211 571 coram
233 507 360 590 regibus
383 514 414 572 et
436 508 638 587 potestatibus
662 506 831 587 praedicari,
853 526 955 591 neque
978 526 1034 573 nos
1052 513 1247 574 terrenarum

118 618 292 690 potestatum
326 611 373 675 las
406 618 454 676 est
486 611 551 675 iure
589 612 706 689 terreri,
744 612 909 695 quominus
946 613 1030 679 omni
1067 612 1247 678 confusione

117 714 220 779 reiecta
243 716 395 780 constanti
419 720 450 779 et
472 713 594 795 publica
615 714 678 779 fide
701 714 803 791 deum,
826 715 878 799 qni
902 722 1051 800 negantes
1078 722 1247 801 negaturus

116 818 238 897 sitnon
261 838 420 903 negemus.
466 824 567 899 potest
590 830 619 883 et
646 838 748 885 sermo
778 820 818 884 ad
849 840 901 885 eos
923 820 1043 899 referri,
1072 820 1248 905 dequibus

116 922 260 1003 apostolus
298 923 355 988 ait:
392 908 469 988 iam
507 924 595 989 sine
632 923 749 988 nobis
787 924 985 1008 regnatis,
1023 936 1061 991 et
1092 925 1247 991 utinam
1286 950 1299 988 a

114 1027 307 1111 regnetis:
338 1027 447 1105 idest,
472 1032 631 1111 tamquam
655 1028 686 1091 in
709 1034 876 1108 conspectu
900 1034 1088 1107 sanctorum,
1112 1030 1165 1113 qui
1187 1029 1246 1093 uti-

115 1151 167 1214 que
187 1130 367 1215 frequenter
388 1150 481 1215 reges
504 1137 593 1196 terrae
617 1137 688 1196 snut
710 1133 885 1212 nuncupati,
908 1131 1062 1213 propheta
1084 1134 1135 1199 dei
1157 1134 1245 1200 testi·

113 1236 207 1299 monia
230 1236 271 1301 sit
300 1235 417 1301 locutus
450 1254 552 1319 neque
575 1236 719 1301 confusus
742 1236 782 1301 sit
803 1256 860 1317 per
881 1237 1134 1317 praedicationem
1155 1258 1245 1303 suam

114 1339 251 1405 doctrinae
274 1339 406 1405 caelestis
425 1339 564 1405 instituta
578 1340 726 1420 praebere.
771 1341 899 1425 gemina
913 1350 1017 1407 autem
1033 1341 1246 1427 intellegentia

113 1442 286 1510 electionem
302 1443 522 1529 intellegentie
538 1464 575 1510 ex
591 1464 625 1510 se
641 1451 775 1529 praestet,
789 1456 831 1523 ut,
844 1447 918 1528 quia
931 1451 1097 1530 utrumque
1109 1466 1147 1510 ex
1159 1447 1245 1511 testi·
1272 1469 1297 1506 lc

113 1549 214 1614 moniis
234 1548 458 1629 scripturarum
476 1547 621 1633 intellegi
634 1554 810 1631 promptum
830 1555 885 1625 est,
905 1555 1132 1633 eututrnmque
1148 1550 1243 1635 signi·

113 1650 228 1717 ficetum
245 1653 445 1731 existimetur,
464 1660 515 1718 aut
535 1654 616 1737 quod
631 1653 733 1738 magis
751 1654 907 1719 uidebitur
925 1653 1086 1735 probabile
1104 1654 1243 1738 eligatur.

152 1756 195 1821 11.
220 1755 270 1821 Et
304 1755 532 1822 meditabar
565 1758 604 1822 in
638 1758 843 1823 mandatis
877 1759 968 1835 tuis,
1003 1779 1087 1842 quae
1118 1758 1244 1824 dilexi

113 1859 375 1926 uehementer.
420 1880 481 1925 non
504 1860 602 1927 solum
626 1862 722 1944 igitur
743 1860 826 1945 loqui
851 1881 907 1927 nus
929 1862 961 1925 in
984 1861 1170 1927 testimoniis
1193 1862 1243 1928 dei

112 1963 253 2041 conuenit,
278 1964 334 2029 sed
357 1964 436 2049 legis
458 1967 607 2032 mandata
628 1967 731 2031 omnia
754 1966 863 2031 diurne
885 1966 1084 2032 meditatione
1100 1966 1244 2032 retinere.
1273 1987 1298 2023 ra

111 2085 203 2151 neque
228 2074 348 2133 tantum
371 2070 530 2135 meditatio
553 2069 636 2135 utilia
659 2075 716 2148 est,
739 2071 800 2135 nisi
821 2069 871 2136 lex
892 2073 967 2152 ipsa,
992 2090 1060 2154 quae
1088 2070 1121 2133 in
1143 2070 1243 2135 medi-

111 2172 217 2237 tatione
239 2180 294 2251 est,
325 2172 479 2257 diligatur,
510 2193 611 2257 neque
634 2174 764 2259 diligere
787 2176 944 2242 communi
967 2174 1133 2240 dilectione
1156 2173 1243 2239 suffi-

111 2274 171 2355 cIet,
193 2276 254 2342 nisi
277 2278 369 2343 etiam
392 2276 596 2345 uehementer
617 2278 658 2357 id,
681 2279 764 2362 quod
788 2279 934 2364 diligitur,
958 2278 1114 2363 diligatur.
1149 2284 1242 2362 etque

110 2378 172 2443 ideo
193 2378 277 2447 hunc
300 2401 422 2447 omnem
445 2382 591 2463 perlectae
614 2382 741 2449 rationis
764 2384 904 2448 ordinem
919 2403 1022 2448 sermo
1043 2380 1243 2463 propheticus

110 2485 253 2561 percurrit
276 2485 397 2551 dicens:
432 2493 470 2551 et
492 2486 723 2553 meditabar
745 2488 784 2551 in
807 2487 1012 2552 mandatis
1045 2488 1135 2565 tuis,
1159 2506 1243 2571 quae
1271 2513 1297 2550 ro

112 2586 230 2653 dilexi
252 2588 529 2656 uehementer.

151 2692 196 2757 11.
220 2692 281 2758 Sed
304 2713 404 2778 neque
426 2695 586 2760 meditatio
618 2695 698 2781 legis
731 2715 833 2779 neque
867 2696 935 2775 ipsa
969 2694 1090 2761 dilectio
1113 2695 1243 2775 inpensa

111 2794 242 2875 sufficiet,
269 2797 329 2863 nisi
363 2797 497 2863 fructum
519 2818 648 2881 operum
681 2804 712 2864 et
744 2797 909 2864 uoluntatis
943 2798 1111 2865 efficientia
1133 2818 1242 2864 conse-

111 2906 221 2981 quatur.
266 2920 367 2987 neque
390 2902 422 2966 in
445 2900 506 2969 huc
528 2902 679 2984 propheta
701 2904 851 2982 cessauit;
886 2904 929 2967 ait
962 2904 1061 2969 enim:
1098 2909 1136 2969 et
1166 2902 1243 2967 tuli

113 3021 240 3069 manue
274 3026 383 3071 meas
420 3006 466 3070 ad
499 3007 688 3072 mandata
723 3013 797 3083 tua,
833 3026 916 3091 qna
951 3006 1078 3073 dilexi
1114 3005 1241 3073 ualde.
1269 3030 1295 3071 aa

149 3143 270 3199 elcor.
289 3148 314 3213 4,
334 3148 358 3201 8.

152 3270 401 3325 lterrenorumV
449 3272 609 3327 flcominue
639 3272 662 3325 θ
711 3274 879 3339 3negantee
906 3286 935 3325 ee
961 3272 976 3324 d
1027 3272 1246 3339 4negamne0

112 3355 168 3408 det
185 3360 320 3426 apostolus
346 3358 408 3429 VCp
452 3360 521 3429 sort.
540 3359 678 3429 regnastis
732 3364 760 3413 et
778 3376 826 3412 om.
848 3360 886 3429 Cp
937 3358 1093 3426 regnaretis
1116 3358 1241 3427 VOscrt.

112 3452 171 3495 recte
191 3446 223 3512 cs.
247 3446 311 3499 Aet.
336 3446 355 3498 Ι
358 3446 387 3513 V,
411 3445 449 3500 85
501 3450 519 3501 8
543 3463 608 3502 anae
632 3446 658 3499 R
710 3450 727 3501 9
753 3446 866 3515 gemma
888 3451 982 3499 autem
1004 3444 1240 3513 intellegentiaz

112 3524 184 3588 (σω.
200 3532 227 3597 e)
246 3532 366 3587 lectione
383 3533 591 3603 intellegentiae
609 3534 635 3587 R
652 3532 839 3603 geminantem
862 3531 1055 3600 intellegentia
1073 3530 1237 3585 electionem

110 3612 333 3717 intellegentieC
357 3620 497 3688 geminam
524 3626 616 3675 autern
643 3620 852 3688 intellegentiae
879 3619 1027 3673 lectionem
1051 3619 1076 3671 V
1100 3618 1239 3687 geminam

111 3740 194 3791 autem
209 3740 292 3795 lectio
310 3741 525 3810 intelligentiam
540 3742 591 3812 pE
642 3744 674 3795 ll
689 3751 748 3811 post
766 3740 894 3809 intellegi
913 3760 955 3794 ura
973 3742 1020 3793 tiu.
1034 3758 1100 3793 oue.
1115 3740 1140 3793 R
1193 3744 1241 3794 aut

111 3821 135 3872 ia
151 3840 206 3893 rua,
222 3825 319 3896 nufiq3
338 3846 410 3899 supr.
428 3846 477 3882 scr.
496 3828 522 3881 R
575 3830 608 3882 12
626 3834 674 3882 aut
701 3844 765 3881 cnm
790 3826 881 3895 megia
907 3827 983 3890 (curn
1010 3829 1069 3880 odd.
1094 3844 1128 3880 m.
1155 3824 1188 3891 2)
1216 3826 1241 3879 V

112 3906 410 3985 eligatnresclegeturlt
464 3917 497 3971 1⁸
515 3915 670 3970 meditabor
695 3914 723 3983 V,
740 3915 787 3966 aed
803 3914 838 3983 cs.
857 3916 902 3967 lia.
921 3912 960 3967 20
1014 3916 1046 3967 15
1065 3914 1196 3967 diuturna
1213 3914 1242 3967 E

112 4009 217 4070 ritinere
243 4018 268 4071 R
293 4034 459 4088 percensere
483 4020 533 4091 pE
584 4024 617 4075 16
634 4024 715 4073 tants
738 4018 763 4070 V
786 4004 865 4100 tants}
890 4018 916 4071 Il
968 4019 1002 4072 17
1020 4017 1150 4102 diligitur
1172 4016 1194 4082 (i
1211 4018 1240 4069 in
1302 4044 1310 4070 t

113 4115 195 4185 rua-l)
212 4122 236 4174 R
253 4122 344 4177 onnG
393 4124 429 4179 20
446 4124 621 4193 percucurrit
645 4123 669 4177 V
718 4125 751 4177 21
771 4122 857 4176 dilexi
874 4122 1021 4192 nuldeC'pe
1073 4123 1108 4175 211
1126 4122 1175 4175 aed
1191 4138 1239 4175 ne·

114 4218 208 4267 (1111-
223 4210 303 4263 ualde
321 4226 370 4263 om.
391 4210 477 4265 Ceed
494 4228 584 4280 neque
602 4210 642 4265 ait
660 4210 735 4264 enim
754 4226 802 4262 om.
817 4226 853 4280 pe
904 4210 939 4263 23
965 4208 1073 4262 fructus
1097 4209 1121 4261 V
1153 4208 1188 4263 24
1210 4214 1238 4263 et

115 4292 183 4344 erexi
198 4310 290 4351 menne
304 4297 356 4367 pE
405 4300 439 4353 25
458 4300 539 4353 ualde
557 4316 605 4352 om.
621 4315 663 4369 pe.

162 4408 226 4454 xxrr.
238 4415 311 4457 naar.
324 4417 381 4459 rna
394 4428 446 4467 pn·
460 4418 479 4460 1.
1049 4401 1084 4453 27
