3075 4967
434 302 616 351 tractatus
639 297 674 350 in
699 298 870 366 psalmum
891 298 911 349 1.
1181 290 1222 354 21

139 483 165 547 3.
187 484 342 563 boantem,
367 505 434 569 quae
458 486 489 550 in
513 486 637 551 exordio
660 485 771 566 psalmi
791 485 985 567 poenosum,
1009 486 1138 549 minime
1152 502 1221 564 per-

102 608 174 651 arnae
197 588 255 653 eius
277 589 478 673 dignitatique
500 590 700 660 conueniunt:
732 598 763 655 et
786 592 940 655 incautam
972 588 1052 653 hanc
1081 589 1123 652 ita
1145 608 1224 669 pree·

102 691 211 757 dicandi
241 692 413 757 facilitatem
447 695 515 774 ipae
546 693 598 758 illa
636 702 813 777 coarguunt,
852 716 921 777 quaa
959 694 1154 758 continentur
1190 692 1220 755 in

100 795 213 876 psalmo.
254 818 320 861 cunr
354 798 437 862 enim
461 798 586 863 dicitur:
624 799 729 863 etin
761 797 855 883 lege
885 798 1038 863 domini
1062 797 1223 861 suituo-

98 899 217 965 luntas
244 902 335 979 eius,
368 921 437 967 cum
468 902 518 966 lex
547 922 603 983 per
633 904 683 967 dei
714 902 811 967 filium
843 903 904 967 lata
927 904 974 981 sit,
1006 901 1158 985 quomodo
1181 902 1222 966 ad
1262 923 1275 963 a

98 1024 158 1067 cum
180 1006 213 1069 ob
235 1006 265 1070 id
287 1007 443 1071 beatitudo
467 1007 623 1080 reseretur,
648 1007 719 1090 quia
741 1006 883 1072 uoluntas
914 1008 981 1072 eius
1010 1008 1042 1071 in
1076 1005 1146 1090 lege
1170 1008 1223 1071 do-

99 1108 276 1185 miminerit,
299 1130 368 1174 cum
392 1112 532 1176 dominns
555 1111 621 1191 ipse
645 1112 684 1175 ait
707 1109 811 1194 legis?
856 1112 939 1195 quod
961 1121 1062 1176 autem
1086 1109 1136 1175 lex
1158 1110 1224 1174 eius

98 1214 137 1287 nit
164 1212 192 1275 in
213 1213 325 1294 psalmo
350 1217 578 1299 septuagesimo
610 1222 641 1280 et
664 1216 796 1297 septimo
818 1217 886 1297 ipse
909 1222 1044 1292 testatur,
1081 1236 1141 1298 quo
1164 1216 1222 1278 erit:

97 1317 298 1396 adtendite,
327 1318 500 1400 populus
525 1340 641 1395 mena,
664 1319 703 1384 in
727 1319 859 1403 legem
876 1319 1223 1388 menminclincte

96 1440 211 1485 aurem
232 1429 408 1487 uestram
430 1424 469 1488 in
491 1426 616 1490 uerba
646 1425 729 1489 oris
761 1426 848 1489 mei.
895 1426 1075 1506 aperiam
1099 1424 1137 1488 in
1160 1444 1222 1504 pa·
1250 1444 1276 1480 ιο

95 1526 217 1589 robola
249 1547 289 1591 os
323 1548 457 1593 meum.
504 1534 533 1593 et
567 1527 635 1594 haeo
666 1528 834 1593 Matthaeus
859 1528 1050 1613 euangelista
1082 1528 1122 1592 ab
1157 1528 1224 1607 ipso

98 1628 168 1693 dicta
193 1650 257 1695 esse
288 1632 455 1710 confirmat,
488 1633 609 1698 dicens:
645 1633 735 1697 ideo
771 1634 809 1697 in
844 1633 1055 1714 parabolis
1089 1632 1221 1716 loque-

97 1732 206 1808 batur,
228 1742 266 1799 ut
289 1735 523 1817 inpleretur
557 1740 659 1821 quod
683 1736 836 1803 dictum
867 1745 944 1803 est:
980 1738 1160 1819 operiam
1185 1737 1224 1799 in

97 1838 288 1915 parabolis
311 1861 353 1905 os
376 1860 510 1906 meum.
557 1840 750 1923 prophetiam
768 1862 843 1927 ergo
863 1862 951 1907 suam
974 1842 1115 1907 dominus
1131 1840 1224 1904 rebus

97 1939 215 2021 inplenit.
259 1964 329 2009 nam
360 1946 392 2009 in
423 1944 481 2021 his,
515 1946 547 2009 in
585 1946 697 2029 quibus
735 1945 905 2011 locuturum
944 1966 977 2012 se
1007 1945 1222 2029 spoponderat,
1251 1964 1276 2001 u

96 2045 230 2124 parabolis
251 2056 298 2113 est
320 2048 448 2115 locutus.
493 2050 524 2115 id
556 2062 658 2115 autem
674 2052 755 2135 quod
771 2052 841 2115 ait:'
861 2058 900 2116 et
923 2051 1002 2115 erit
1025 2057 1225 2133 tamquam

97 2147 242 2233 lignum,
265 2155 368 2237 quod
391 2154 617 2235 plantatum
641 2166 703 2219 est
726 2174 844 2220 secus
875 2156 1074 2221 decursae
1108 2172 1222 2237 aqua-

96 2273 167 2317 rum
189 2258 271 2320 -in
294 2279 354 2341 quo
378 2260 573 2340 conparatiue
597 2260 796 2325 beatitudinis
819 2260 975 2341 profectus
998 2258 1222 2324 ostenditur-

98 2362 230 2439 quomodo
252 2382 391 2442 personae
415 2363 480 2429 eius
503 2364 615 2445 poterit
637 2365 782 2445 coaptari,
813 2373 846 2428 ut
869 2365 909 2428 sit
932 2365 982 2428 dei
1012 2362 1075 2427 filio
1104 2362 1223 2444 planta·

98 2476 151 2525 turn
172 2462 280 2547 lignum
303 2468 433 2544 beatius,
456 2467 496 2532 ob
521 2470 604 2551 qnod
635 2470 741 2533 beatus
772 2470 819 2547 sit,
854 2470 926 2552 quia
948 2466 1113 2551 aliquando
1136 2467 1222 2531 simi·
1251 2484 1276 2520 ²⁰

98 2564 238 2633 titudinem
261 2571 326 2635 eius
349 2572 491 2652 profectu
512 2571 711 2637 beatitudinis
735 2571 963 2655 consequatur?
1008 2572 1121 2636 dehinc
1152 2591 1223 2635 oum

98 2672 247 2737 secundum
280 2674 470 2756 Sapientiam
500 2683 531 2740 et
564 2675 735 2757 apostolum
769 2682 801 2740 et
833 2683 904 2741 anto
940 2676 1053 2740 eaecula
1087 2683 1118 2740 et
1151 2683 1223 2739 ante

98 2783 215 2855 temporo
237 2785 351 2843 aeterna
383 2780 422 2845 sit
444 2786 475 2844 et
498 2780 721 2864 primogenitus
752 2781 853 2845 omnis
883 2788 1031 2845 creaturae
1066 2780 1114 2858 sit,
1139 2779 1222 2844 etin

96 2876 152 2955 ipso
172 2888 200 2944 et
220 2904 273 2963 per
295 2883 398 2964 ipsum
421 2892 524 2949 creata
554 2885 616 2949 sint
639 2886 750 2963 omnia,
786 2886 939 2968 quomodo
961 2885 1011 2948 his
1034 2883 1126 2949 rebus
1151 2902 1220 2947 cnm

97 2979 142 3045 fiet
161 2984 269 3059 similis.
292 2986 402 3053 beatus
426 2998 481 3065 eet,
505 3008 574 3071 quae
598 2990 637 3053 ab
660 2989 727 3070 ipso
751 2990 813 3053 sint
835 2986 997 3054 instituta?
1028 3008 1097 3053 cum
1119 3006 1220 3070 neque
1249 3002 1274 3038 νῦ

98 3090 225 3155 creatoris
252 3092 348 3157 uirtus
372 3095 410 3158 ad
436 3094 632 3159 beatitudinis
655 3113 718 3159 euae
751 3093 973 3175 perfectionem
1005 3092 1220 3175 conparatione

98 3197 173 3272 egeat
193 3202 346 3273 creaturae,
370 3217 470 3281 neque
494 3196 693 3281 primogeniti
725 3198 890 3282 antiquitas
920 3198 952 3262 in
984 3218 1027 3274 eo,
1058 3198 1141 3280 quod
1163 3196 1224 3261 erit

131 3350 199 3403 ars.
216 3352 352 3421 naxon,
373 3358 386 3407 1
406 3372 447 3422 iq.
485 3355 725 3423 romatinum,
745 3357 786 3409 ar.

134 3472 144 3521 l
169 3488 197 3525 ee
223 3493 252 3527 ur
274 3480 302 3529 et
326 3494 358 3528 m.
379 3476 398 3529 2
429 3476 454 3529 V
503 3476 633 3530 minimae
661 3479 686 3529 R
745 3477 901 3530 2incautac
920 3479 946 3530 R
1004 3478 1022 3530 3
1047 3475 1097 3529 illa
1125 3476 1184 3544 ipsa
1212 3496 1224 3526 ι

96 3556 484 3616 icumenimdioiturom.V
535 3564 662 3617 blnlata
680 3563 753 3617 eitR
806 3564 870 3617 tob
883 3564 911 3616 id
924 3582 973 3615 om.
993 3564 1018 3616 V
1063 3563 1183 3617 Sinom.
1205 3565 1226 3611 1’

98 3647 276 3713 eptuagtsimo
303 3656 331 3703 et
359 3650 477 3717 septimo
507 3652 531 3704 V
581 3650 717 3704 LXXVII.
745 3652 770 3703 R
823 3650 1028 3719 septuagesimo
1055 3650 1172 3718 septimo
1199 3653 1226 3702 Ia'

97 3734 196 3786 testatus
221 3740 261 3788 cat
290 3737 324 3788 Vr
384 3753 447 3789 oum
472 3737 542 3791 aite
588 3738 721 3806 9p0pul'
746 3742 806 3801 (om.
829 3734 916 3802 meuc)
941 3758 960 3787 α
984 3736 1085 3805 popule
1109 3754 1224 3791 menae

98 3814 121 3866 in
130 3816 210 3886 legem
227 3838 255 3876 ec
272 3822 302 3875 in
317 3822 425 3892 legem.
445 3825 457 3875 l
474 3825 497 3877 V
531 3826 656 3879 recures
671 3828 802 3878 neetresr
836 3824 866 3877 in
884 3822 1023 3893 parabolis
1040 3825 1068 3875 E
1105 3826 1132 3876 11
1150 3823 1223 3877 Mat·

98 3900 163 3955 thcns
190 3908 212 3959 V
234 3909 359 3964 Matheus
385 3912 410 3963 R
457 3910 650 3979 euuangelieta
675 3912 700 3963 R
752 3913 788 3965 ab
815 3927 847 3965 eo
875 3930 887 3963 e
952 3914 984 3964 14
1019 3928 1095 3963 anam
1127 3928 1176 3963 em.
1204 3912 1226 3962 1'

100 3989 167 4044 rebus
200 3993 322 4050 dominns
362 3998 387 4049 Ε
440 4000 472 4051 15
509 3998 633 4066 expleuit
657 3998 707 4050 VE
758 3998 860 4065 quibua
878 3996 935 4062 (ona
956 3995 996 4064 in)
1011 4000 1035 4049 11
1089 4014 1119 4051 se
1143 3998 1222 4050 locn·

100 4078 178 4129 inrum
193 4080 215 4131 V
263 4084 295 4135 18
316 4084 512 4153 conparatiuee
531 4086 556 4137 R
609 4086 644 4138 20
662 4086 697 4138 ob
716 4084 791 4152 quod
808 4084 916 4138 beatius
941 4083 978 4137 ait
1002 4085 1046 4136 na
1099 4086 1130 4136 21
1159 4100 1222 4137 cum

105 4158 149 4224 inae
172 4167 296 4277 eapienttia
323 4175 352 4223 et
379 4170 520 4239 apostolus
555 4172 579 4225 V
646 4173 681 4225 22
708 4176 772 4225 ante
799 4191 829 4223 er
855 4171 914 4224 inte
935 4190 968 4224 nr.
993 4170 1013 4223 2
1038 4172 1061 4223 V
1127 4172 1162 4222 25
1187 4170 1222 4223 ei·

109 4242 159 4333 nili
175 4286 193 4335 i'
238 4306 265 4343 ee
306 4294 329 4345 1’
371 4296 436 4346 eunt
455 4292 631 4363 VE(proeter
643 4292 741 4353 Boail.)
778 4294 812 4347 26
825 4293 1053 4360 conparationem
1071 4298 1168 4360 aegeat
1194 4293 1221 4343 1'.
