3075 4967
297 257 359 323 362
640 259 755 312 sancti
779 259 916 314 Hilarii
939 258 1101 328 episcopi

296 449 394 513 duos
432 447 548 512 filios
586 447 739 522 habuit,
775 468 891 514 uuum
926 469 972 514 ex
1004 448 1156 514 aneilla
1186 455 1225 513 et
1258 467 1431 513 unumer

296 550 454 618 libera?
500 553 568 617 sed
608 553 674 635 qui
713 571 756 616 er
798 551 968 630 aneilla,
1013 553 1236 618 seeundum
1279 572 1430 618 earnem

298 662 415 721 uatus
450 661 526 734 est;
562 658 628 740 qui
662 662 793 722 autem
828 677 871 722 ex
901 656 1043 734 libera,
1065 658 1287 722 seeundum
1309 677 1432 736 repro

297 761 543 826 missionem.
589 769 620 826 et
642 761 714 844 quia
737 759 788 826 lex
810 761 982 826 suturomm
1001 762 1114 826 umbra
1129 769 1184 839 est
1206 761 1331 826 adiecit:
1354 780 1431 844 qua

258 894 270 930 a
298 871 390 930 sunt
412 863 732 950 allegorumena,
749 865 832 930 haeo
856 865 961 931 enim
984 868 1167 931 suutduo
1184 870 1431 930 testamenta

298 988 371 1054 ergo
407 988 610 1053 quaeoumque
644 969 856 1035 doctrinarum
889 969 1074 1050 spiritalium
1104 970 1247 1034 umbram
1278 968 1433 1050 conplexa·

297 1072 382 1151 bunt,
417 1072 485 1138 haee
515 1073 564 1138 lex
587 1093 656 1139 esse
680 1074 813 1138 dicenda
836 1078 899 1140 est:
935 1074 1028 1157 quia
1060 1072 1125 1138 lex
1158 1080 1196 1139 et
1229 1071 1432 1154 spiritalis

298 1183 360 1242 est
389 1183 427 1242 et
456 1179 597 1243 umbra
625 1187 687 1242 eat
717 1178 953 1243 futurorum.

341 1281 370 1346 6.
395 1281 576 1347 Mandatum
599 1289 704 1347 autem
727 1283 843 1346 domini
867 1288 923 1357 est,
954 1283 985 1347 iu
1017 1303 1078 1366 quo
1108 1281 1283 1348 obseruatio
1305 1300 1434 1362 praeep-

247 1412 270 1448 ιο
297 1391 399 1450 torum
423 1393 453 1450 et
483 1385 619 1451 custodia
649 1387 829 1464 continetur,
860 1393 893 1452 ut
926 1386 1016 1452 illud:
1052 1407 1127 1450 non
1161 1386 1333 1461 occidet,
1365 1405 1434 1449 uon

298 1487 578 1565 moeehaberia
603 1496 632 1556 et
655 1501 758 1556 cetera
782 1490 893 1556 horum
917 1491 1039 1556 similia.
1084 1490 1213 1573 etquis
1236 1489 1303 1555 haea
1326 1487 1435 1570 simpli·

297 1594 346 1658 oia
368 1599 398 1658 et
421 1592 583 1674 splendida
605 1599 677 1659 suut
699 1615 818 1678 noeque
839 1595 872 1659 in
894 1615 1003 1660 uemm
1021 1594 1126 1660 lumen
1142 1613 1198 1674 per
1213 1593 1434 1659 obseruantiam

298 1716 425 1763 suorum
448 1697 621 1781 dirigentia,
645 1698 758 1763 ideireo
782 1698 824 1763 ita
854 1699 972 1764 dietum
1005 1705 1067 1764 est:
1101 1709 1346 1780 praeaeptum
1377 1697 1435 1761 do

297 1801 394 1866 mini
418 1800 605 1880 lucidum,
628 1801 881 1868 inluminans
904 1802 1051 1868 oeulos.
1097 1804 1137 1867 de
1159 1801 1230 1886 lege
1251 1809 1435 1867 autemnon

247 1930 271 1968 a
298 1912 487 1971 conuenerat
508 1906 566 1970 ista
589 1905 713 1983 diuisae,
737 1906 809 1990 quia
831 1927 887 1988 per
908 1907 1052 1972 umbram
1075 1907 1247 1972 futurorum
1269 1911 1374 1971 sanata
1391 1909 1437 1970 eet

298 2014 329 2074 et
351 2009 471 2074 animas
493 2029 550 2090 per
584 2009 756 2075 futurorum
787 2011 997 2094 cognitionem
1026 2018 1226 2088 conuerteus3
1259 2011 1435 2074 mandatnm

297 2119 402 2178 autem
424 2133 480 2194 per
503 2114 732 2179 obseruantiam
757 2117 804 2180 sui
827 2114 1024 2180 inluminans.

343 2217 370 2282 7.
394 2216 479 2302 Ergo
502 2217 574 2301 quia
596 2220 676 2284 beati
701 2227 773 2284 eunt
794 2225 968 2284 scrutantes
998 2221 1175 2285 testimonia
1203 2219 1262 2296 dei,
1293 2225 1325 2282 et
1356 2216 1435 2282 aliud

297 2321 409 2406 legem,
443 2321 525 2386 aliud
560 2323 749 2399 mandatum,
788 2322 873 2387 aliud
909 2324 1085 2390 testimonia
1119 2343 1189 2390 esse
1222 2323 1302 2388 siout
1337 2329 1437 2388 setara

299 2425 441 2504 diximus
471 2445 541 2508 quae
564 2424 632 2491 haee
663 2427 712 2491 dei
737 2427 800 2492 sint
820 2427 1005 2505 testimonia,
1036 2428 1227 2494 noscendum
1258 2434 1314 2492 est.
1360 2425 1435 2510 legis

298 2531 410 2595 etenim
434 2529 527 2596 totius
556 2529 634 2595 liber
657 2531 714 2595 sub
738 2531 923 2596 testimoniis
947 2533 1039 2598 datus
1061 2538 1117 2597 est.
1162 2530 1274 2597 oaelum
1302 2549 1435 2614 namque

298 2647 329 2699 et
352 2639 468 2698 terram
492 2633 618 2718 Moyses
649 2633 761 2699 librum
784 2636 961 2701 testamenti
983 2622 1160 2701 traditurus
1174 2635 1206 2700 iu
1228 2635 1435 2700 testimouium

299 2737 469 2802 aduocauit.
515 2742 587 2802 suut
609 2744 640 2803 et
655 2736 788 2819 plurima
800 2738 833 2802 iu
852 2758 979 2806 oausam
1000 2739 1247 2806 testimoniorum
1266 2739 1434 2812 consumta

340 2877 552 2946 real.1V,24.
589 2879 702 2933 VRom.
719 2879 780 2946 VII,
800 2883 840 2933 14.
878 2884 911 2935 l0
928 2879 1017 2934 Exod.
1036 2881 1094 2948 XX,
1115 2883 1155 2935 13.
1193 2881 1225 2932 13
1242 2879 1287 2933 Ps.
1296 2878 1395 2943 XVIII,
1412 2879 1433 2930 9.

336 3001 464 3054 thabuit
482 3001 550 3054 duos
568 2999 639 3054 filios
659 3003 684 3055 R
711 2999 796 3066 (Νου.
816 3003 927 3055 Terram.
952 3003 1009 3057 Vot.
1037 3003 1088 3054 δύο
1115 2997 1188 3057 υἱοὺς
1218 3001 1304 3067 ἔσχεν)
1356 2997 1436 3054 used

298 3087 346 3155 qui
364 3114 398 3124 —
417 3103 452 3141 ex
469 3088 558 3142 libera
575 3090 602 3140 ia
621 3106 702 3158 tauro.
721 3091 782 3142 odd,
800 3107 833 3142 m.
848 3089 900 3160 lp
952 3087 1298 3157 BrempromissionemV
1346 3090 1436 3141 4um·

297 3175 349 3228 bra
374 3179 482 3244 essetp
534 3175 771 3244 ballegorumina
793 3195 815 3246 p
841 3175 992 3245 allegorica
1019 3177 1048 3239 (e
1072 3187 1096 3229 et
1119 3192 1152 3230 oa
1175 3177 1204 3227 in
1226 3192 1280 3228 ros.
1304 3193 1338 3226 m.
1360 3171 1436 3239 3)st

298 3259 528 3329 allegoriarumC
577 3261 645 3316 haee
664 3262 737 3316 enim
757 3267 822 3316 sunt
840 3281 870 3317 a
887 3261 1221 3317 haeoenimestsuutm.
1234 3263 1251 3314 1
1266 3261 1292 3314 V
1339 3261 1437 3326 Sargo

296 3348 470 3429 luquaeoum
498 3345 527 3414 (h
554 3349 602 3402 del.
630 3367 662 3403 m.
690 3349 717 3412 1)
742 3350 767 3402 V
816 3351 957 3404 umbrati
1006 3349 1212 3419 oonplexabunt
1238 3347 1271 3413 (u
1295 3367 1327 3400 m.
1345 3343 1437 3412 31111

298 3453 502 3521 conplexsbant
519 3470 549 3506 aa
567 3454 773 3522 conplexabunt
799 3473 832 3508 m.
851 3453 872 3507 2
894 3455 920 3509 V
934 3455 1070 3523 oouplexa
1087 3459 1152 3508 suut
1171 3453 1209 3524 Cp
1262 3455 1279 3508 8
1297 3458 1326 3507 et
1343 3449 1439 3505 umbra

988 3541 997 3580 ι

297 3591 455 3646 futurorum
470 3593 563 3663 Rpcs.
580 3594 653 3646 Stud.
669 3591 743 3646 1889
754 3611 783 3664 p.
798 3591 855 3648 316
908 3594 987 3648 adn
1003 3595 1102 3654 (iada.
1119 3613 1151 3646 m.
1168 3591 1200 3658 2)
1216 3593 1242 3647 V
1292 3595 1326 3645 10
1338 3587 1441 3644 illutV

297 3695 353 3732 non
362 3679 515 3733 moecharis
531 3680 557 3733 V
608 3681 639 3732 13
649 3697 760 3734 suorum
771 3681 899 3734 RVCsui
906 3681 956 3752 pE
996 3681 1135 3736 adiectum
1146 3689 1188 3734 est
1202 3680 1228 3734 V
1271 3681 1439 3746 liquaeper

298 3765 426 3820 umbram
445 3767 473 3818 E
523 3771 618 3820 sauata
645 3793 678 3804 —
702 3767 859 3821 futurorum
886 3786 935 3822 om.
960 3769 984 3822 V
1036 3770 1067 3822 17
1085 3786 1136 3837 per
1161 3767 1368 3822 obseruantiam
1393 3763 1437 3829 (ob

298 3855 358 3906 add.
377 3871 410 3906 m.
431 3853 462 3918 2)
488 3853 513 3907 V
564 3856 596 3908 19
615 3855 704 3922 legem
722 3882 757 3891 —
775 3854 843 3909 haee
870 3855 916 3909 dei
943 3855 1000 3910 sint
1022 3858 1050 3909 in
1076 3873 1159 3923 moro.
1177 3855 1226 3924 ins.
1244 3855 1305 3906 odd.
1323 3871 1355 3905 m.
1377 3851 1396 3904 2
1418 3847 1442 3902 V

299 3940 489 3994 testimonium
510 3941 549 4012 Cp
601 3943 634 3994 21
654 3943 727 3995 enim
757 3942 824 4012 CpE
874 3945 908 3997 211
925 3943 1080 3996 traditurus
1107 3943 1136 3996 iu
1163 3942 1385 3996 testimoniorum
1410 3955 1438 3989 ex

299 4027 443 4081 traditoris
461 4029 489 4082 in
508 4028 629 4097 plurima
647 4029 675 4082 in
695 4045 806 4082 causam
824 4030 1045 4084 testimoniorum
1064 4031 1136 4083 aa?
1161 4031 1184 4083 V
1232 4031 1267 4083 23
1284 4032 1350 4120 aaut
1367 4032 1395 4081 et
1419 4024 1439 4076 Γ

299 4156 327 4205 et
345 4155 444 4222 suntp
496 4150 526 4204 in
544 4167 654 4206 oausam
682 4153 904 4207 testimoniorum
922 4154 945 4207 lt.
963 4155 980 4205 1.
999 4155 1059 4206 odd.
1077 4151 1149 4207 ns?
1174 4151 1241 4206 Viu
1259 4167 1343 4206 causa
1359 4147 1436 4206 testi·

298 4242 453 4298 mouiorum
477 4240 521 4310 Cp.
