3075 4967
399 328 583 377 tractatus
602 323 637 376 in
661 324 834 392 psalmum
853 322 971 377 CXLVI.
1194 322 1258 391 849

156 516 184 579 7.
209 512 255 579 Ob
279 532 348 597 quae
371 534 436 593 nos,
460 521 619 597 tamquam
641 518 824 579 cunctantes
847 518 879 578 et
897 512 1085 593 haesitantes,
1108 513 1260 595 propheta

110 617 353 683 cohortaturad
377 618 501 683 laudern
526 618 649 683 dicens:
685 617 880 683 inchoate
916 618 1077 684 domino
1110 619 1150 683 in
1173 639 1259 684 con·

110 723 308 794 sessione,
331 720 503 803 psallite
526 725 598 788 deo
621 728 762 787 nostro
785 724 823 787 iu
847 721 1101 807 citharaqni
1122 724 1259 803 operit

111 826 254 891 caelum
277 827 455 893 nubibus
478 834 517 891 at
539 833 656 907 parat
678 834 797 891 terra
820 826 1009 907 pluniam,
1029 828 1096 911 qni
1119 828 1258 911 produ·

111 930 1259 1013 citinmontibusleeuumdatiumentisescemipsorum
1298 959 1311 996 a

111 1042 148 1100 et
186 1034 314 1116 pullis
352 1055 565 1101 cornorum
602 1036 896 1101 innocentibus
930 1056 1024 1101 enm.
1077 1036 1259 1119 frequenter

109 1139 258 1204 admonet
291 1138 490 1221 propheticus
522 1160 635 1221 sermo,
670 1145 704 1203 ut
733 1160 806 1204 eum
837 1139 1047 1205 uniuersitatis
1071 1139 1165 1206 huius
1188 1159 1256 1205 esse

109 1244 273 1308 dominum
296 1244 469 1321 credamus,
499 1262 595 1327 quem
630 1245 732 1309 omnis
754 1242 805 1308 lex
828 1245 923 1309 deum
945 1241 1047 1309 locuta
1068 1251 1125 1321 est,
1149 1244 1200 1326 qui
1223 1264 1258 1309 se
1296 1238 1305 1259 ⁸
1330 1237 1334 1243 ⁴

109 1348 281 1429 nuncupari
306 1348 399 1413 deum
422 1347 542 1412 Israhel
566 1347 713 1413 uoluerit:
747 1356 782 1413 ut
811 1368 894 1413 nunc
924 1348 955 1413 in
986 1350 1097 1414 eodem
1125 1347 1256 1430 pselmo,

109 1471 182 1517 cnm
206 1452 350 1517 dixisset:
385 1451 602 1517 aedificans
632 1451 897 1517 Hierusalem
931 1458 968 1518 et
996 1471 1256 1537 congregans
1284 1477 1310 1515 a

109 1556 399 1637 dispersiones
419 1554 592 1633 Israhel,
608 1561 639 1622 et
655 1557 695 1621 ed
712 1555 838 1621 laudem
852 1556 919 1621 eius
934 1555 1112 1623 cohortatus
1127 1557 1256 1622 adiecit:

110 1660 178 1744 qui
202 1659 491 1740 operitoaelum
508 1660 692 1736 nubibus,
711 1661 914 1745 quiperat
936 1660 1256 1742 terrseplnuiem,

108 1772 226 1830 utnon
251 1762 328 1829 alius
362 1771 454 1848 etque
488 1764 568 1829 elius
602 1763 681 1848 legis
715 1764 784 1830 letae
808 1770 839 1830 et
860 1765 1025 1830 creationis
1058 1765 1146 1830 istius
1180 1767 1257 1830 deus

109 1874 217 1949 posset
237 1867 385 1953 intellegi.
430 1869 598 1935 ituantem
622 1874 792 1949 temperate
819 1868 966 1934 doctrinae
987 1868 1077 1935 istius
1099 1869 1177 1933 ratio
1200 1877 1256 1945 est,

108 1982 142 2039 ut
178 1992 214 2038 ee
247 1973 410 2039 creationis
444 1980 631 2039 enumeretae
666 1980 697 2039 et
727 1972 853 2038 nomine
885 1978 1203 2039 commemorarentur
1226 1979 1257 2039 et
1284 1996 1308 2033 ιι

108 2096 235 2160 genera,
250 2096 329 2161 quae,
352 2096 423 2142 cam
445 2082 618 2143 creatorem
642 2080 735 2143 deum
758 2097 829 2143 esse
852 2076 923 2143 letae
945 2077 1024 2161 legis
1048 2079 1255 2155 ostenderent,

108 2181 370 2266 significationem
393 2187 496 2247 mmen
519 2180 551 2245 in
574 2202 609 2247 se
631 2181 832 2247 iustitutionis
856 2182 968 2266 typicae
991 2182 1198 2247 continerent:
1221 2189 1255 2246 ut

108 2306 191 2351 naue
220 2284 360 2350 confiteri
394 2287 452 2350 deo
475 2286 514 2351 ob
536 2285 569 2350 id
592 2285 801 2363 admonemur,
836 2263 912 2368 huia
943 2287 1081 2366 operit
1115 2285 1255 2351 calum

108 2390 293 2467 nubibus,
317 2390 390 2471 quie
412 2396 528 2469 paret
550 2396 667 2455 terrae
690 2388 879 2471 pluuiem,
906 2391 979 2474 qnia
1001 2390 1194 2473 producit
1216 2390 1255 2454 in

108 2493 314 2559 montibus
344 2493 496 2573 fanum,
528 2494 595 2559 det
625 2494 821 2559 iumentis
843 2514 978 2560 escam
1000 2494 1182 2575 ipsorum
1205 2493 1255 2578 [ct
1282 2522 1307 2560 ao

108 2598 276 2664 herbam
315 2598 509 2663 seruituti
549 2596 761 2681 hominurn]
805 2604 843 2664 et
880 2597 1007 2679 pullis
1040 2617 1254 2664 cornorum
1344 2582 1352 2598 ⁸

106 2702 401 2768 innocentibus
424 2722 518 2766 eam.
564 2702 595 2765 in
610 2700 661 2767 his
678 2702 761 2767 enim
777 2703 922 2768 omnibus
938 2702 987 2768 dei
1010 2708 1042 2767 et
1059 2702 1255 2783 prouidentia

107 2805 302 2891 significatur
324 2813 354 2872 et
376 2806 505 2885 bonitas,
535 2812 570 2871 ut
591 2806 732 2873 subtexto
755 2806 889 2872 nubibus
912 2806 987 2872 calo
1019 2806 1111 2873 terris
1134 2806 1254 2887 pluuias

106 2910 259 2987 infundet,
283 2916 315 2975 ut
337 2910 470 2975 uertices
493 2909 617 2977 collium
641 2910 722 2976 fano
751 2911 864 2987 nestiet
886 2918 917 2977 et
936 2911 1084 2977 iumentis
1105 2910 1254 2993 pabulum

151 3089 164 3140 l
185 3084 354 3139 haesitantes
373 3104 403 3139 ec
420 3085 570 3139 aesitantes
588 3104 621 3139 m.
642 3086 657 3137 l
675 3086 701 3139 R
754 3088 772 3140 3
789 3087 901 3155 psallite
920 3086 955 3141 do
974 3086 1010 3140 ιιό
1025 3087 1051 3139 G
1068 3086 1179 3155 psallite
1197 3086 1253 3140 dno

107 3176 203 3226 nostro
221 3172 248 3225 R
301 3172 330 3225 in
348 3170 463 3240 cythara
481 3172 508 3225 R
560 3173 624 3226 det
641 3178 722 3241 peret
742 3172 795 3226 GR
815 3173 864 3241 qui
881 3178 962 3241 peret
980 3174 1010 3225 E
1059 3173 1143 3228 odet
1162 3172 1187 3226 R
1205 3173 1253 3241 qui

106 3258 155 3313 det
173 3259 202 3311 E
217 3258 253 3329 cf.
271 3260 392 3313 Schotier
419 3258 457 3324 ΙΙ,
485 3256 544 3312 283
593 3268 653 3330 poet
671 3259 797 3328 ipsorum
815 3260 842 3313 R
860 3262 936 3313 edd:
964 3259 988 3313 ἅ
1011 3258 1099 3313 herba
1123 3258 1253 3314 seruituti

104 3342 228 3413 hominu,
242 3346 397 3415 emanata
410 3344 566 3399 deeuntGE
608 3346 793 3415 llatpulliG
836 3345 1059 3415 ‘lprofetiousG
1103 3343 1253 3400 distrahel

107 3434 133 3485 G
151 3431 236 3485 isreel
253 3432 280 3485 R
331 3432 362 3485 in
379 3434 476 3487 eodem
494 3432 600 3501 psalmo
621 3434 673 3487 GR
690 3433 719 3487 in
737 3432 835 3486 eodem
858 3432 912 3486 hoo
929 3433 1037 3501 psalmo
1055 3432 1085 3485 Ε
1137 3434 1170 3486 10
1187 3448 1253 3485 oon·

105 3535 427 3588 greganseeoongreges
436 3519 533 3573 mna
587 3522 621 3574 la
638 3520 764 3588 edqueG
819 3522 853 3574 14
869 3518 994 3588 possitG
1046 3519 1254 3589 tempereteell

106 3609 139 3661 la
158 3605 230 3674 legis
249 3624 280 3659 ea
298 3606 373 3675 loges
392 3624 424 3659 m.
444 3606 461 3659 1
479 3606 506 3661 R
559 3610 592 3661 17
610 3606 795 3661 institutionis
812 3606 923 3675 typicae
941 3606 1118 3660 continerent
1130 3606 1156 3659 R
1173 3605 1253 3659 insti·

105 3691 223 3747 tutionis
242 3690 353 3761 typicae
370 3696 399 3746 et
416 3692 597 3762 propheticae
616 3693 794 3747 continerent
811 3693 840 3745 E
890 3698 922 3746 ιιι
945 3709 1019 3747 nuno
1038 3693 1083 3746 lla
1101 3697 1130 3746 et
1147 3710 1222 3747 nunc
1240 3713 1253 3743 ι

106 3782 139 3834 18
157 3779 194 3833 dc
212 3780 239 3833 R
255 3778 339 3833 deam
357 3779 386 3832 Ε
437 3780 502 3847 quia
520 3780 613 3847 Equi
632 3781 658 3834 R
684 3791 708 3834 et
733 3782 769 3835 cic
797 3790 835 3834 ter
887 3782 923 3835 20
940 3781 988 3833 det
1014 3780 1041 3833 R
1067 3780 1134 3847 qnia
1158 3779 1208 3833 det
1227 3780 1255 3833 Ε

103 3867 186 3921 certa
204 3871 232 3919 et
249 3866 364 3921 herbam
377 3866 506 3921 seruituti
517 3867 660 3921 hominum
672 3870 695 3921 h.
707 3869 724 3921 1.
737 3869 765 3920 in
777 3868 833 3921 RE
843 3869 970 3937 tepenter,
985 3868 1010 3921 G
1025 3866 1212 3932 aoe'deetitait5
1229 3870 1253 3921 ei

103 3972 135 4007 co
152 3955 267 4024 respicit,
283 3970 349 4023 pauc
359 3955 434 4024 insra
446 3972 474 4025 p.
488 3953 552 4020 851,
566 3953 603 4007 24
616 3957 647 4009 de
658 3957 704 4009 loc
715 3972 794 4008 aare
807 3956 850 4022 „ia
859 3954 979 4025 ριιιηιω
991 3956 1117 4007 codicillm
1129 3950 1250 4022 insertffl,

103 4043 148 4111 qni
173 4058 246 4111 supr.
273 4042 411 4095 seeundum
431 4042 486 4095 GE
507 4043 659 4095 omittendae
686 4052 750 4111 ενοι,
779 4051 949 4113 aponum,
976 4060 1032 4095 eum
1058 4043 1082 4096 t.
1107 4043 1123 4094 1.
1151 4042 1250 4094 uncinis

102 4128 287 4181 inducendae
305 4146 358 4181 carc
374 4130 520 4199 respha-is.
572 4130 607 4183 22
624 4128 670 4183 dei
688 4147 737 4183 om.
756 4129 783 4182 R
834 4130 869 4183 23
887 4128 1016 4183 subtexta
1035 4129 1061 4182 R
1077 4129 1113 4197 cs.
1124 4129 1249 4197 Fordiper

102 4217 140 4268 ad
162 4215 239 4283 Verp.
258 4214 323 4268 Aea.
343 4214 396 4280 III,
422 4214 483 4269 582
500 4216 628 4270 subtecto
647 4216 675 4269 E
725 4215 846 4270 nubibus
874 4214 950 4268 eaelo
977 4212 1021 4281 (na
1048 4216 1125 4269 caelo
1150 4218 1178 4268 ia
1196 4232 1250 4270 rae.

101 4320 135 4354 m.
155 4300 183 4368 1)
203 4302 229 4355 R
282 4302 317 4355 24
335 4301 359 4355 ἅ
376 4302 508 4356 iumentis
526 4303 553 4356 R
569 4308 602 4356 ιιι
620 4302 751 4358 iumentis
770 4321 784 4356 e
801 4302 934 4357 iumentis
952 4303 975 4355 b.

155 4422 228 4461 xxrr.
244 4421 315 4461 auu.
330 4422 386 4463 rrae.
401 4433 452 4473 pm
466 4422 486 4463 r.
1059 4408 1094 4462 64
