3075 4967
281 283 343 348 782
621 283 737 337 sancti
761 283 898 338 Hilarii
925 284 1089 352 episcopi

281 475 331 540 die
353 473 459 539 iudicii
482 474 540 538 erit
562 472 641 537 ratio
663 473 834 538 reddenda.
880 473 1008 538 maximi
1038 475 1130 539 etiam
1164 474 1279 541 laboris
1301 481 1348 540 est
1367 493 1414 539 cor

279 599 297 643 a
319 577 430 662 laqueo
454 576 586 643 referre:
609 574 701 641 malas
725 577 808 641 enim
831 577 1032 662 cogitationes
1053 578 1093 642 de
1115 581 1209 645 corde
1224 586 1344 645 exeunt
1385 577 1412 642 hi

279 683 423 749 omnibus
446 682 536 747 nobis
567 680 667 766 laquei
701 681 817 765 ubique
849 682 996 762 pratensi
1026 689 1114 762 sunt;
1148 689 1180 749 et
1213 685 1346 748 orandus
1372 691 1414 748 θεῖ
1528 734 1529 737 ,

280 789 430 866 dominus,
460 792 494 851 ut
523 785 562 850 cb
593 783 642 851 his
672 785 818 850 omnibus
850 783 970 869 laqueis
1002 785 1077 852 fidei
1111 793 1224 852 nostra
1257 787 1358 870 pinnis
1387 793 1413 851 ot
1528 856 1529 859 Ἴ

240 917 253 954 e
280 891 406 972 spiritus
429 889 595 956 enolemus.

324 1014 352 1079 8.
379 1011 499 1078 Dehinc
522 1013 676 1096 sequitur:
713 1011 797 1076 dixi
831 1013 1005 1078 domino:
1040 1015 1141 1078 deus
1164 1032 1275 1079 mens
1305 1019 1412 1079 estu:

280 1116 472 1194 inaurire,
498 1117 666 1194 domine,
700 1135 838 1182 uocem
872 1116 1074 1182 orationis
1108 1135 1209 1183 mem
1255 1116 1412 1192 domine,

279 1221 413 1286 uirtus
436 1219 704 1299 salutismeae,
727 1220 984 1286 obumbrasti
1008 1240 1131 1302 snper
1152 1230 1274 1305 caput
1296 1239 1413 1286 meum
1524 1271 1528 1313 Ξ

280 1323 539 1390 indiebelli.
585 1343 631 1389 ne
665 1327 814 1402 tradas,
850 1325 1019 1403 domine,
1050 1344 1069 1388 a
1099 1325 1309 1391 desiderio
1341 1344 1413 1389 meo
1524 1324 1528 1391 “,

228 1453 253 1490 ιο
279 1429 510 1510 peccatori:
546 1429 845 1513 cogitauerunt,
868 1449 943 1493 non
979 1429 1121 1494 tradas
1155 1449 1223 1509 me,
1255 1429 1412 1506 domine,

279 1553 327 1599 ne
361 1551 544 1616 umquam
578 1531 822 1598 exaltentur.
868 1538 899 1598 et
933 1532 985 1599 hic
1021 1533 1217 1600 intercedens
1255 1533 1413 1614 diapsalma

279 1637 402 1703 uidetur
417 1636 554 1721 aliquam
574 1636 817 1702 demutationem
832 1636 982 1720 attulisse,
999 1644 1030 1703 et
1044 1657 1106 1703 non
1122 1638 1266 1723 exiguam
1281 1638 1413 1722 quiden:

279 1761 416 1826 namque
439 1761 511 1806 cum
534 1741 673 1821 superius
694 1743 734 1806 de
749 1741 886 1826 cogitata
900 1741 1155 1822 subplantatione,
1179 1742 1219 1806 de
1234 1741 1413 1807 absconditis

279 1843 408 1928 laqueis,
442 1845 482 1910 de
516 1845 653 1910 extensis
687 1843 878 1926 muscipulis,
912 1845 952 1912 de
985 1843 1141 1910 scandalis
1174 1845 1285 1929 positis
1320 1863 1413 1910 sermo

229 1971 254 2007 ιε
280 1949 381 2014 omnis
405 1947 521 2026 luisset,
544 1968 626 2014 nunc
648 1949 688 2013 ad
712 1951 805 2015 deum
827 1948 960 2014 refertor
981 1948 1094 2014 oratio:
1128 1949 1212 2015 dixi
1246 1949 1412 2014 domino:

280 2054 377 2119 deus
414 2071 524 2118 meus
559 2071 599 2118 es
633 2057 682 2117 tu.
727 2072 790 2116 non
824 2051 903 2117 leuis
936 2059 1030 2137 atque
1064 2053 1183 2138 eriguae
1219 2052 1339 2119 fiducia
1373 2061 1414 2116 est

279 2157 403 2222 domino
427 2156 558 2221 dixisse:
593 2157 689 2221 deus
719 2177 831 2222 meus
861 2176 903 2221 es
936 2162 984 2220 tu.
1030 2155 1114 2240 loqui
1138 2157 1220 2222 istud
1243 2177 1333 2223 mens
1353 2156 1411 2221 libi·

279 2261 395 2338 dinosa,
411 2280 513 2340 auara,
529 2259 673 2339 insolens,
698 2261 784 2327 ebria
805 2259 939 2326 fideliter
953 2280 1014 2325 nou
1030 2266 1139 2342 potest
1183 2260 1412 2326 renuntiandum

279 2365 329 2431 his
352 2365 493 2430 omnibus
518 2371 565 2430 est
587 2371 619 2430 et
641 2386 659 2430 a
681 2365 828 2430 seruitute
852 2385 959 2431 eorum
983 2384 1019 2430 co
1043 2364 1193 2430 famulatu
1220 2365 1411 2431 desinendum

226 2487 252 2525 ro
280 2477 334 2548 θεῖ,
360 2476 395 2535 ut
417 2469 455 2535 ab
487 2468 536 2534 his
559 2468 737 2535 desinentes
772 2470 875 2534 dicere
908 2469 1092 2536 audeamus:
1128 2469 1212 2534 dixi
1246 2470 1409 2535 domino:

280 2575 377 2639 deus
411 2592 521 2638 meus
552 2593 592 2639 es
622 2583 669 2638 tu.
716 2579 747 2638 et
771 2572 839 2639 haec
862 2573 990 2657 quidem
1012 2592 1154 2654 personas
1174 2581 1299 2653 nostra,
1328 2591 1409 2658 qoam

279 2685 407 2754 tantum,
419 2678 451 2742 in
467 2686 615 2761 quantum
630 2677 677 2743 las
693 2685 747 2754 cst,
758 2677 880 2758 psalmo
895 2678 1112 2756 admiscemus,
1123 2677 1169 2742 ita
1183 2685 1326 2760 coaptata
1339 2683 1408 2742 sunt

322 2783 351 2847 9.
375 2783 492 2847 Sedet
516 2781 642 2847 domino
666 2801 789 2866 quoque
818 2781 961 2847 usitatum
986 2788 1020 2847 et
1041 2781 1189 2865 frequens
1212 2789 1245 2847 et
1266 2781 1407 2866 propn'nm

279 2893 383 2964 estut
405 2887 532 2951 dixerit:
556 2885 641 2951 diri
665 2885 842 2951 domino:
865 2885 962 2951 deus
986 2905 1096 2951 meus
1118 2905 1161 2950 es
1183 2893 1232 2950 tn.
1256 2901 1407 2969 numquam

227 3005 252 3044 2⁶
278 2990 483 3056 confessionis
507 2989 598 3055 huius
620 2989 771 3056 honorem
794 2989 929 3074 negauit,
951 2998 985 3055 ut
999 2996 1031 3056 et
1046 2990 1207 3055 dominum
1228 2989 1408 3055 conflaretur

279 3103 309 3161 et
331 3096 423 3160 deum
447 3095 569 3160 dicens:
601 3095 807 3160 confiteor
840 3094 925 3173 tibi,
950 3101 1067 3175 pater
1089 3095 1254 3160 domine
1276 3092 1407 3159 calist

279 3205 412 3278 terrae;
436 3205 616 3265 etrursum:
642 3201 828 3264 addeum
849 3199 1217 3264 meumetaddenm
1234 3205 1405 3264 uestrum.

278 3303 375 3368 oratio
400 3323 523 3387 quoque
546 3305 573 3369 ei
597 3323 722 3384 semper
744 3303 785 3369 ad
808 3305 900 3369 deum
922 3303 1029 3368 omnis
1047 3303 1111 3368 fuit
1156 3303 1309 3368 Lazarum
1326 3299 1406 3366 susci·

279 3413 395 3473 tuturus
411 3415 494 3486 orat:
517 3427 614 3488 panes
630 3413 661 3473 at
676 3408 778 3488 pisces
793 3407 1013 3474 benedicturus
1032 3407 1099 3488 ipso
1113 3407 1153 3472 ad
1169 3406 1282 3473 caelurn
1297 3409 1406 3487 aspecto

226 3527 252 3563 ⁸⁰
278 3519 438 3593 precatur;
473 3510 601 3577 calicem
636 3511 788 3577 bibiturus
821 3530 938 3596 pernox
971 3518 1046 3576 orat
1091 3517 1162 3592 post
1197 3510 1404 3576 confessionem

321 3667 594 3734 annuentium.
629 3671 664 3723 so
682 3668 782 3722 Matth.
799 3669 847 3735 XI,
865 3670 908 3723 25.
942 3669 977 3722 27
995 3668 1053 3722 Ioh.
1071 3668 1131 3736 XX,
1150 3670 1191 3722 17.

320 3825 448 3894 dpinnis
475 3825 500 3878 R
526 3824 625 3893 pennis
644 3825 672 3876 Ε
722 3825 842 3892 8super
867 3823 959 3892 capud
985 3821 1081 3892 (snper
1106 3842 1179 3895 supr.
1203 3841 1254 3877 scr.
1279 3841 1311 3876 m.
1336 3821 1360 3883 l)
1383 3817 1405 3872 ll

279 3914 313 3966 10
331 3912 525 3981 cogitauerunt
543 3911 569 3964 R
587 3912 783 3981 cogitauerunt
808 3910 955 3965 doenum
981 3928 1026 3964 me
1045 3911 1074 3964 E
1097 3911 1133 3980 cf.
1160 3911 1281 3965 &tuder
1296 3909 1333 3975 ΙΙ,
1356 3901 1404 3958 27?

280 4001 312 4051 19
330 4003 372 4052 est
390 4009 450 4052 ante
467 4001 496 4052 et
513 4015 561 4052 om.
581 3999 653 4066 Eos.
666 4001 740 4052 Stud.
753 3996 864 4067 1889p.
876 3995 934 4050 316
994 3999 1029 4051 sl
1048 4014 1132 4066 qnam
1149 4015 1199 4051 om
1219 3997 1258 4051 G?
1306 3997 1338 4050 θ
1352 4000 1402 4046 tm·

278 4090 337 4138 turn
359 4084 384 4137 G
407 4103 455 4138 om.
474 4085 530 4138 RE
597 4088 632 4139 24
650 4091 682 4140 ut
705 4085 809 4138 dixerit
828 4085 854 4138 G
870 4092 903 4138 ut
919 4084 1041 4138 diximus
1059 4085 1114 4138 RE
1181 4086 1217 4139 26
1242 4076 1402 4136 confiteorll

278 4171 468 4226 confiteborE
518 4175 553 4227 27
571 4177 599 4228 et
611 4175 646 4228 ad
658 4174 705 4228 dm
717 4179 842 4227 uestrum
857 4173 882 4225 G
894 4171 1019 4227 etdenm
1027 4172 1218 4226 umtrumRE
1265 4171 1400 4234 asemper

278 4259 314 4311 ad
331 4257 379 4312 dm
399 4259 424 4312 G
442 4261 477 4314 cd
495 4261 578 4314 deum
596 4275 705 4328 semper
724 4261 779 4314 RE
828 4261 864 4314 30
881 4264 1029 4328 praecatur
1049 4259 1108 4313 GR.
