3075 4967
247 273 314 360 ,ιιι
532 247 535 252 ’
600 275 719 328 sanae
743 274 876 328 usuarii
897 256 1062 342 'episcopi

223 463 304 530 'sed
329 464 359 528 in
384 463 442 542 his,
477 465 587 547 quibus
621 463 772 541 adficitur,
807 463 938 529 caelestis
973 482 1048 547 erga
1084 483 1140 527 nos
1174 462 1392 528 misericordiae

250 587 360 633 munus
384 569 574 652 exsequitur;
609 587 709 651 neque
744 567 857 632 inuitus
888 567 954 632 haec
986 587 1113 632 sumens
1142 568 1175 630 in
1199 566 1392 631 multitudine

250 673 469 737 misericordiae
493 670 720 753 beneplacitum
751 675 809 738 deo
824 677 828 680 ’
843 691 912 737 esse
942 679 1065 751 tempus
1094 671 1235 737 ostendit
1281 671 1312 734 in
1334 669 1393 734 boc

252 796 325 860 ergo
348 774 540 856 beneplacito
564 781 702 856 tempore
725 782 821 860 rogat,
852 776 924 858 quia
953 795 1014 840 non
1049 775 1172 858 ignorat
1195 775 1276 840 hanc
1299 775 1394 855 patris

212 909 223 946 ι
251 880 290 944 de
314 899 347 944 se
370 878 562 960 prophetiam
599 880 691 944 etiam
716 880 755 944 ab
779 878 916 960 apostolo
940 877 1034 944 Panlo
1065 879 1272 963 recognitam:
1303 885 1394 944 tem·

252 1004 346 1065 pore
370 990 537 1064 accepto
560 982 754 1048 exaudiui
779 991 823 1048 te.

296 1157 343 1220 14.
369 1156 480 1221 Omnia
503 1156 627 1240 quidem
653 1158 709 1221 deo
726 1177 781 1237 pro
797 1157 1027 1241 magnificentia
1043 1176 1171 1237 operum
1188 1156 1397 1240 intellegenda

252 1267 323 1325 snut
344 1259 476 1340 placere,
500 1281 567 1344 quse
591 1266 680 1344 gesta
703 1267 791 1338 sunt;
826 1268 949 1325 etcum
972 1261 1005 1326 in
1028 1261 1142 1325 Genesi
1175 1260 1336 1326 scribitur:
1361 1269 1397 1325 et

252 1363 356 1429 uidit
392 1365 489 1428 deus
529 1365 621 1448 quia
659 1365 759 1428 bone
797 1377 898 1441 sunt,
933 1365 1040 1428 uitium
1078 1363 1194 1429 nullum
1228 1365 1258 1428 iu
1293 1385 1396 1430 rerum

201 1497 225 1532 10
252 1467 400 1534 creaturis
423 1468 614 1552 relinquitur,
639 1469 763 1533 tametsi
787 1469 931 1553 quadam
954 1468 1080 1533 humani
1104 1469 1222 1554 ingenii
1254 1477 1398 1550 corrupta

254 1573 398 1654 nequitiis
421 1578 499 1648 sunt,
533 1579 568 1637 ut
590 1593 627 1637 ex
649 1573 795 1638 remediis
818 1593 946 1649 uenena,
968 1586 1002 1637 ut
1025 1593 1062 1638 ex
1084 1573 1166 1638 ferro
1189 1573 1281 1644 ensis,
1305 1578 1340 1638 ut
1361 1592 1397 1638 ex

253 1677 319 1761 igni
341 1675 551 1760 conflagratio,
582 1683 615 1741 ut
645 1697 682 1742 ex
712 1677 791 1742 cibis
822 1677 966 1754 cmditaa
989 1683 1022 1741 ut
1044 1677 1178 1742 ebrietes
1202 1698 1239 1743 ex
1261 1679 1344 1755 uino¹
1366 1686 1399 1742 ut

254 1786 409 1860 postremo
432 1787 535 1860 partes
559 1781 634 1860 ipsae
658 1787 688 1845 et
710 1781 853 1847 membra
875 1801 1037 1860 corpomm
1055 1783 1095 1845 ad
1111 1780 1268 1846 naturales
1293 1783 1398 1868 utique

254 1903 327 1948 usus
361 1883 511 1968 utilesque
544 1883 682 1948 formatae
715 1886 860 1949 uitiomm
894 1905 928 1950 se
962 1904 998 1949 ac
1032 1884 1196 1949 criminum
1227 1886 1400 1952 ministeria

203 2017 227 2053 ιι
255 1988 466 2068 praebuemnt;
501 1993 532 2052 et
565 2007 635 2052 curu
669 1989 727 2052 deo
761 1995 874 2053 cuneta
907 1987 970 2052 sint
1008 1988 1129 2069 placita,
1173 1988 1399 2070 beneplacitum

255 2099 359 2156 tamen
383 2099 504 2172 tempus
528 2091 587 2156 hoc
610 2099 668 2174 est,
701 2111 760 2174 quo
790 2091 969 2176 unigenitus
1003 2094 1079 2158 deus
1103 2094 1135 2156 in
1159 2095 1313 2177 sanguine
1336 2113 1399 2159 cor-

255 2183 338 2277 poris
371 2195 467 2261 nostri
502 2202 659 2280 tamquam
693 2196 820 2261 inimica
853 2215 889 2260 ac
927 2196 1111 2262 dissidentia
1147 2197 1399 2263 reconciliatums

255 2302 357 2365 omnia
379 2301 410 2364 in
434 2299 518 2364 caelis
541 2301 625 2365 etin
649 2307 730 2365 terra
753 2301 812 2365 deo
836 2308 933 2366 esset:
957 2320 1027 2365 cum
1051 2299 1250 2366 multiformis
1274 2301 1329 2367 illa
1351 2302 1400 2366 dei

256 2405 405 2484 sapientia
443 2404 511 2468 aliis
548 2403 665 2468 occulta
703 2404 893 2484 temporibus
935 2403 1090 2488 nullisque
1134 2405 1329 2485 principibus
1367 2427 1400 2470 ac

203 2531 230 2568 ιι
257 2509 487 2592 magistratibus
510 2507 627 2592 {saeculi
660 2508 786 2590 cognita
819 2508 858 2572 ad
892 2506 1016 2573 laudem
1050 2507 1200 2574 claritatis
1233 2511 1283 2574 dei
1320 2518 1402 2575 esset

256 2611 429 2690 reuelande,
464 2631 533 2676 cum
568 2611 737 2676 coheredes
771 2619 803 2676 et
836 2611 1069 2692 concorporales
1106 2618 1138 2678 et
1174 2614 1400 2696 conparticipes

258 2713 380 2780 Obristo
402 2723 512 2799 gentes
535 2715 652 2794 fierent,
674 2735 746 2780 cum
769 2717 802 2780 in
825 2737 860 2781 eo
883 2736 991 2781 ornnes
1014 2717 1154 2781 aduersae
1185 2718 1242 2782 deo
1271 2719 1401 2784 uirtutes

258 2818 543 2897 dehonestarentur,
578 2839 647 2884 cum
672 2839 761 2897 mors,
786 2827 950 2904 postquam
982 2821 1013 2884 in
1049 2822 1107 2885 deo
1142 2828 1226 2886 esset
1248 2830 1399 2906 grassata

259 2924 421 3002 desineret,
446 2943 516 2988 cum
538 2923 587 2989 lex
611 2926 831 3008 peccatique
853 2925 884 2988 in
908 2945 1001 2991 carne
1023 2932 1131 2991 nostra
1153 2932 1209 3003 est,
1236 2925 1400 3003 tolleretur,

207 3051 233 3088 ea
259 3048 327 3093 cum
359 3026 576 3093 reuelationem
610 3027 743 3092 filiorum
775 3029 824 3094 dei
856 3048 1101 3112 congemescens
1131 3030 1231 3095 omnis
1261 3039 1401 3096 creatura

302 3265 319 3318 5
338 3265 364 3318 Il
383 3265 443 3317 Cor.
462 3267 486 3330 6,
505 3267 529 3317 2.
565 3262 638 3317 Esai.
657 3263 753 3330 XLIX,
772 3266 797 3319 8.
833 3266 850 3317 8
869 3264 935 3317 Gen.
954 3264 975 3332 Ι,
993 3267 1035 3319 31.

303 3482 367 3535 2in
393 3480 572 3534 multitudine
592 3481 617 3532 P
641 3474 851 3534 imultitudine
870 3483 944 3534 enim
963 3481 1038 3572 enim
1063 3482 1086 3535 l'
1136 3482 1302 3560 60exaudiui
1327 3489 1355 3536 te
1373 3500 1401 3534 re

261 3603 403 3658 exandiuit
422 3621 452 3654 m.
472 3603 491 3652 :5
510 3603 536 3654 R
588 3603 658 3655 'ido
682 3604 708 3654 in
734 3603 831 3655 ruald
883 3620 934 3670 pro
952 3603 1187 3672 magnificentiam
1207 3605 1243 3658 R¹
1299 3608 1400 3672 Squae

260 3707 328 3758 ecq.
342 3708 374 3742 m.
391 3689 451 3742 2V
503 3692 536 3742 10
553 3689 723 3756 relinquitur
742 3691 878 3743 creaturis
895 3691 969 3742 VPE
1019 3693 1130 3744 tametsi
1149 3711 1179 3745 ec
1196 3691 1316 3745 nametei
1332 3689 1403 3744 l'llP

659 3773 677 3813 dn

265 3833 294 3883 13
312 3846 392 3898 pares
411 3829 437 3881 Ρ
487 3829 545 3897 ipse
570 3829 618 3881 Vn
670 3787 804 3882 'membra
831 3830 856 3881 R
919 3832 952 3882 14
978 3830 1081 3898 utilesq
1109 3833 1138 3899 (q
1164 3841 1254 3900 posteo
1281 3827 1400 3894 ereis

264 3972 295 4022 17
316 3973 455 4036 tamquam
474 3967 503 4020 in
522 3941 635 4021 inimica
652 3927 684 4050 ἒξ
704 3969 728 4022 V
755 3925 1013 4022 reconciliaturueP
1062 3972 1097 4023 20
1114 3967 1399 4038 magistrationibnsb

262 4141 322 4178 esse
338 4125 361 4178 V
369 4129 459 4178 essent
469 4125 495 4176 P
532 4126 564 4179 21
577 4131 619 4207 est
629 4126 839 4195 concorporales
855 4127 878 4179 ι’
888 4083 1115 4194 etconcorporalee
1125 4127 1152 4178 P
1184 4131 1212 4181 et
1222 4123 1400 4195 participeal’

263 4232 297 4282 93
315 4245 405 4310 moras
423 4245 490 4282 corr.
509 4247 541 4282 m.
561 4229 628 4282 2V
678 4236 834 4284 crassatore
852 4231 877 4283 n
928 4232 963 4283 25
981 4231 1187 4299 congemiscens
1206 4228 1277 4283 P¹E.
