3075 4967
317 317 380 383 478
661 318 777 371 sancti
796 316 933 371 Hilarii
951 316 1113 385 episcopi

316 508 383 573 sine
405 508 526 573 iustitiae
556 507 674 572 ratione
697 506 859 588 permisit?
902 507 1076 573 cruciamur
1105 505 1263 572 doloribus
1292 512 1323 571 ιι
1351 518 1449 571 contra

315 612 408 677 deum
442 612 629 693 inpatientiae
663 618 775 677 nostrae
805 611 951 696 querellis
981 612 1186 693 increpamus.
1233 630 1312 676 aune
1341 612 1449 675 incerto

316 716 441 782 consilio
465 736 573 782 exesus
596 716 765 793 sermione,
793 715 878 781 sanie
902 715 1051 791 defluens,
1075 714 1231 796 perfossus
1252 715 1356 781 ulcere
1377 713 1449 779 fuit?

315 828 399 886 certe
422 820 490 886 haec
515 820 619 886 omnia
642 822 681 885 nd
705 821 914 886 docimentum
932 820 1006 885 fidei
1028 826 1060 885 et
1082 820 1122 885 ad
1137 820 1300 900 premium
1315 818 1449 904 gloriose

275 951 288 987 ι
315 925 469 1010 pedentim
503 926 708 1005 proiecerunt.
754 923 918 990 infirmitas
942 931 1048 990 nostra
1069 922 1173 1003 efficit
1194 930 1230 989 ιιι
1250 923 1366 988 malum
1388 942 1449 989 essa

315 1030 355 1107 id,
378 1030 460 1113 quod
483 1030 624 1110 patimur,
649 1029 870 1095 existimemus.
915 1036 1052 1095 ceterum
1085 1029 1134 1095 dei
1164 1048 1288 1110 semper
1316 1026 1450 1093 uoluntas

316 1140 370 1211 ιιι,
393 1140 428 1200 ιι
449 1134 597 1215 patientia
619 1136 799 1215 passionum
829 1134 1011 1215 probemur:
1042 1153 1099 1198 nos
1128 1152 1202 1198 uero
1235 1131 1332 1197 diuini
1354 1132 1449 1197 iudicii
1525 1139 1526 1190 ξ

315 1238 473 1315 iustitiam,
497 1238 569 1304 dum
595 1237 661 1303 sine
684 1237 944 1304 docimentofidoi
961 1236 1056 1303 latere
1070 1237 1224 1319 uolumus,
1247 1236 1449 1318 inprobamus.
1525 1249 1526 1254 ’

359 1340 389 1405 8.
414 1340 477 1407 Sed
500 1342 553 1425 qui
577 1343 718 1424 superius
742 1348 773 1408 et
794 1342 951 1408 iurauerat
980 1347 1010 1407 et
1040 1348 1196 1419 statuerat,
1225 1347 1260 1406 ut
1293 1341 1450 1406 custodiret
1525 1325 1526 1398 Ῠ

263 1471 288 1508 ιο
314 1444 429 1511 indicia
451 1445 575 1511 iustitiae
599 1447 656 1522 dei,
680 1446 808 1531 dignum
832 1445 948 1530 aliquid
971 1451 1166 1511 sacramento
1189 1452 1221 1510 et
1242 1445 1449 1511 constitutione

315 1568 372 1614 sua
393 1550 424 1614 in
449 1550 651 1616 obseruandis
675 1550 768 1616 debet
790 1556 939 1631 praestarc
960 1550 1091 1615 iudiciis.
1136 1569 1197 1614 uon
1217 1550 1301 1615 euim
1319 1548 1386 1614 leue
1401 1555 1450 1614 est.

315 1654 398 1736 quod
421 1654 643 1719 custoditurum
667 1674 700 1719 se
724 1654 830 1720 statuit
851 1654 978 1719 iuratus.
1023 1654 1144 1738 etquid
1160 1652 1236 1719 illud
1252 1653 1300 1731 sit,
1322 1672 1450 1737 sequeus

314 1776 423 1824 uersus
436 1758 576 1841 loquitur.
612 1759 765 1825 eitenim:
789 1756 1034 1824 humiliatus
1057 1776 1450 1841 sumusquequaque.

315 1863 489 1928 domine:
543 1863 717 1929 uiuifica
761 1883 819 1928 me
864 1864 1085 1929 secundum
1129 1863 1297 1928 uerbum
1341 1869 1451 1928 tuum.

263 1966 491 2050 munigenitus
530 1966 579 2033 dei
611 1966 693 2032 filius
728 1974 846 2033 noturus
880 1973 993 2033 nostrae
1028 1987 1064 2031 er
1097 1967 1218 2051 uirgine
1252 1967 1312 2033 sibi
1346 1984 1451 2047 corpus

315 2072 489 2151 adsumens,
520 2091 589 2138 cum
619 2072 652 2136 in
682 2091 716 2137 se
748 2071 817 2156 ipso
839 2091 948 2146 ueram
971 2078 1003 2136 et
1025 2068 1196 2152 perfectam
1218 2070 1366 2136 humanae
1387 2090 1450 2152 pru·

314 2176 426 2242 dentiae
449 2176 583 2243 sormam
607 2176 799 2257 praebuisset,
821 2176 897 2260 quid
922 2198 940 2241 a
963 2195 996 2242 se
1020 2176 1096 2241 disci
1126 2182 1286 2260 tamquam
1315 2172 1450 2259 exemplo

315 2280 460 2346 doctrinm
482 2278 623 2358 uoluerit,
646 2282 837 2347 noscendum
861 2288 916 2346 est.
963 2281 1005 2345 ait
1028 2280 1127 2346 enim:
1161 2280 1300 2345 uenite
1330 2281 1379 2345 ad
1401 2297 1449 2342 me

313 2403 457 2465 omnes,
485 2383 552 2468 qui
582 2383 787 2450 laboretis
817 2391 855 2450 ιι
883 2384 1043 2450 onerati
1074 2384 1188 2463 est-is,
1218 2390 1256 2449 ot
1285 2404 1358 2468 ego
1388 2402 1449 2448 uos

262 2521 287 2559 ιι
314 2488 513 2554 reficiam.
551 2487 689 2555 tollite
709 2488 844 2573 iugum
860 2508 987 2555 meum
1010 2508 1223 2570 supernos
1245 2489 1449 2554 otdiscite

314 2612 419 2671 eme,
444 2591 632 2676 qnoniam
656 2593 774 2667 mitis,
802 2614 886 2660 sum
920 2599 958 2658 ιι
986 2592 1153 2659 humilis
1183 2594 1319 2659 corde:
1342 2604 1381 2659 et
1401 2594 1448 2656 in-

313 2696 491 2761 uenietis
514 2698 696 2782 requiem
723 2698 937 2763 animabus
960 2698 1123 2763 uestris.
1167 2697 1235 2778 ipse
1259 2697 1365 2781 utique
1387 2715 1448 2777 per·

313 2799 412 2866 lectus
435 2807 466 2866 et
487 2802 553 2868 sine
576 2809 703 2883 peccato
726 2802 809 2868 solus
838 2807 870 2867 ιι
899 2822 987 2881 unus,
1016 2802 1049 2868 iu
1078 2803 1167 2867 cuius
1197 2821 1250 2867 ore
1283 2801 1373 2867 delus
1393 2818 1448 2865 nou

314 2901 380 2980 fuit,
414 2903 473 2971 hoc
506 2907 697 2987 praecipuum
731 2927 749 2971 a
780 2926 813 2972 se
843 2906 989 2972 doctrinae
1019 2906 1098 2971 sumi
1135 2904 1233 2971 uoluit
1271 2905 1448 2987 exemplum,

262 3048 287 3085 26
313 3011 558 3076 mansuetudinis
582 3010 699 3077 scilieet
721 3016 752 3076 ιι
774 3009 964 3089 humilitatis,
988 3030 1044 3091 per
1059 3030 1129 3095 quae
1145 3010 1311 3076 animabus
1333 3008 1448 3093 requies

313 3111 512 3179 inueniretur.

357 3217 387 3283 9.
411 3217 476 3285 Scit
507 3218 693 3285 insolentem
726 3239 797 3285 esse
831 3228 863 3285 et
894 3220 1077 3301 incapacem
1110 3239 1214 3286 rernm
1247 3218 1447 3285 secundarum

313 3328 430 3387 neturae
445 3329 559 3390 uostrae
575 3324 796 3390 infirmitatem.
842 3324 895 3389 alii
909 3345 967 3405 per
988 3344 1062 3406 opes
1075 3322 1264 3391 insolescunt
1278 3322 1446 3389 nescientes
1525 3327 1526 3360 ³

357 3446 391 3500 18
408 3444 506 3500 Matth.
526 3446 573 3513 XI,
592 3446 626 3499 28
644 3463 683 3515 sq.

357 3531 497 3587 liustitia
515 3538 543 3587 ot
560 3534 711 3587 rationcO
762 3535 920 3588 cruciemur
937 3552 968 3597 ea
985 3534 1142 3588 cruciamus
1168 3532 1242 3589 aa?
1264 3534 1290 3588 V
1337 3534 1446 3601 iquse
1525 3517 1526 3536 ¹

312 3618 389 3673 rellis
413 3619 462 3673 VR
513 3636 581 3675 sone
605 3621 631 3673 V
679 3623 827 3676 flexuosus
846 3640 876 3675 cs
893 3637 994 3675 exaesa
1016 3620 1138 3675 m.2V
1186 3622 1315 3675 domnia
1332 3639 1362 3675 a
1378 3618 1446 3673 omni

312 3724 344 3759 m.
364 3704 384 3758 2
407 3706 433 3760 V
482 3706 678 3762 documentum
693 3708 744 3779 pE
794 3708 917 3777 praemis
935 3710 960 3763 V
1007 3707 1214 3777 bproficerunt
1237 3708 1264 3761 V
1311 3711 1446 3774 dsemper

311 3792 357 3846 dei
376 3794 402 3847 R
454 3793 655 3849 auocamento
669 3795 721 3867 pE
771 3795 950 3864 inprobamus
968 3814 998 3849 es
1015 3796 1197 3865 esprobamus
1222 3814 1255 3850 m.
1274 3794 1295 3848 2
1316 3794 1342 3847 V
1389 3796 1444 3847 9ιι
1525 3815 1526 3818 “

312 3884 448 3935 statuerat
470 3899 519 3934 om.
544 3882 569 3936 V
619 3884 652 3935 10
669 3880 773 3937 iudicia
799 3900 830 3935 ιι
855 3881 959 3937 iudicia
986 3888 1034 3936 ιιιι
1061 3900 1095 3935 m.
1123 3880 1144 3935 2
1166 3882 1192 3935 V
1242 3878 1410 3937 mmmmm
1428 3880 1448 3929 ι’

313 3968 347 4020 12
364 3984 393 4021 ιι
411 3968 509 4021 statuit
527 3986 557 4021 ιι
574 3984 604 4022 ιι
622 3968 721 4023 statuit
739 3986 767 4023 ss
785 3967 849 4023 aa?
864 3970 889 4021 V
903 3969 1036 4023 statuitC
1084 3969 1171 4023 iratus
1186 3969 1212 4023 V
1261 3968 1335 4039 quod
1352 3967 1413 4021 illut
1426 3964 1448 4016 l'

285 4052 349 4133 vsit
373 4072 403 4106 es
420 4058 453 4109 ut
473 4052 544 4108 ηι2
567 4055 593 4108 V
641 4055 1165 4111 interilludetsiterus.21itt.R
1218 4058 1252 4111 lu
1275 4057 1400 4124 loquetur
1426 4051 1447 4103 Γ

313 4141 346 4194 18
363 4140 541 4195 nonsecundd
560 4147 601 4196 est
619 4143 645 4197 V
693 4142 728 4197 sd
746 4160 790 4198 me
810 4145 870 4197 odd.
888 4162 921 4198 m.
936 4144 952 4197 l
969 4144 995 4198 V
1043 4144 1078 4198 20
1095 4160 1179 4213 super
1196 4160 1339 4214 essupner
1354 4142 1413 4194 sul
1425 4139 1447 4190 ι’

311 4227 344 4279 21
354 4225 467 4280 humilis
477 4228 664 4284 exhumilibus
671 4248 704 4284 m.
716 4231 731 4283 1
746 4230 773 4283 V
820 4232 856 4285 22
870 4230 971 4285 uestris
981 4248 1011 4285 cs
1020 4236 1126 4285 uestros
1136 4249 1169 4285 m.
1182 4231 1234 4285 lR
1285 4232 1319 4285 23
1328 4230 1355 4283 in
1364 4226 1447 4282 ιιιΐ

311 4310 346 4363 25
363 4324 414 4377 per
431 4330 513 4380 quem
529 4316 552 4363 Γ
602 4318 725 4385 requiem
750 4316 786 4370 1⁷¹
836 4320 871 4373 27
889 4319 937 4372 sed
956 4323 984 4371 ιι
1002 4318 1168 4373 insolentem
1190 4318 1217 4373 V
1265 4322 1300 4375 28
1316 4330 1395 4387 opem
1415 4312 1442 4365 V.
