3075 4967
265 303 328 368 ‘254
606 303 722 356 sancti
746 303 878 356 Hilarii
903 305 1066 372 episcopi

264 494 422 571 altissimo,
459 513 568 558 uerum
606 495 700 557 deum
738 500 770 557 et
811 493 1024 558 uniuersorum
1063 495 1254 560 conditorem
1295 494 1401 560 relictis

264 599 456 678 impietatum
480 596 650 662 mendaeiis
673 615 908 680 recognoscens.

308 702 336 767 9.
361 701 496 766 Sensum
518 700 689 781 diapsalma
712 700 859 765 distinxit.
905 720 1007 766 sermo
1038 701 1121 766 enim
1152 703 1190 766 ad
1222 703 1315 768 deum
1338 721 1402 768 cum

264 805 401 870 oratione
434 806 569 870 directus
602 805 643 869 ad
677 804 821 868 homiues
855 823 937 869 nnuc
970 803 1111 882 refertur,
1146 825 1223 889 quos
1246 810 1402 889 tamquam

226 939 238 975 r
265 909 356 993 longe
378 930 397 973 a
419 909 594 993 cognitione
617 909 666 973 dei
682 909 886 973 consistentes
903 907 1054 990 propheta
1071 910 1111 974 ad
1123 911 1300 990 proximum
1315 911 1404 975 aduo-

265 1013 459 1078 catdicens:
492 1013 631 1077 uenite
666 1018 704 1076 et
733 1011 873 1077 uidete
903 1032 1022 1092 opera
1058 1013 1131 1078 dei.
1178 1015 1403 1080 docuitautem

265 1123 297 1182 et
318 1115 472 1196 apostolus
506 1135 574 1181 essa
610 1115 713 1197 plures
744 1115 837 1197 longe
862 1117 960 1182 adeo
990 1117 1116 1197 positos,
1147 1137 1224 1201 quos
1259 1117 1404 1183 doctrina

265 1219 438 1285 adhortatio
461 1226 621 1303 tamqnam
644 1221 675 1284 in
698 1219 811 1284 uicinia
834 1219 1046 1298 conlocauerit‚
1071 1241 1141 1285 cum
1165 1221 1223 1285 ait:
1255 1227 1294 1286 et
1323 1241 1405 1286 cum

264 1324 457 1402 uenisset,
474 1322 782 1407 euangeliaauit
803 1342 939 1404 pacem
965 1323 1036 1402 his,
1058 1325 1125 1407 qui
1149 1325 1194 1389 de
1217 1323 1349 1409 louge,
1372 1333 1408 1390 et

214 1459 239 1494 lo
266 1447 402 1507 precem
426 1426 498 1502 his,
521 1428 588 1511 qui
611 1428 657 1492 de
679 1445 815 1508 prope.
860 1447 897 1492 ex
922 1427 991 1511 lege
1014 1429 1098 1493 euim
1129 1428 1216 1493 multi
1248 1435 1405 1512 tamquam

266 1532 304 1596 de
326 1551 422 1612 prope
444 1537 607 1596 manentes
630 1532 829 1596 crediderunt
852 1531 995 1614 gentibus
1018 1530 1110 1615 longe
1133 1533 1299 1598 aduocatis,

311 1635 361 1699 10.
385 1635 572 1716 Prophetica
601 1635 695 1719 igitur
725 1635 903 1716 praedicatio
933 1654 1041 1699 omues
1073 1635 1185 1701 addai
1209 1655 1302 1716 opera
1339 1656 1408 1701 con·

266 1741 381 1804 tuenda
403 1739 578 1804 aduocauit:
609 1740 665 1804 sed
688 1758 748 1803 nou
774 1758 810 1803 ea
840 1757 941 1819 opera,
974 1757 1042 1822 qua
1066 1744 1243 1804 cunctorum
1271 1740 1410 1820 aspectui

265 1843 402 1909 subiecta
424 1850 505 1916 sunt,
529 1844 607 1922 cali,
629 1843 708 1920 aeris,
731 1849 823 1907 terrae
847 1861 883 1908 ac
907 1845 1001 1907 maris
1026 1879 1065 1888 -
1090 1842 1159 1908 haec
1182 1845 1264 1907 euim
1299 1863 1410 1908 omnes

214 1978 239 2014 ra
266 1954 448 2013 contuentur
470 1984 520 2021 —‚
544 1949 598 2012 sed
631 1967 676 2024 ea,
706 1965 775 2030 qnae
806 1945 944 2012 fidelium
976 1953 1093 2010 tantum
1123 1947 1233 2011 studiis
1263 1955 1411 2028 conperta

265 2059 337 2117 suut
359 2051 531 2135 quibusque
554 2049 643 2115 saluti
678 2049 823 2115 humana
847 2069 916 2114 curu
940 2050 1060 2132 ingenti
1091 2049 1316 2114 admirabilium
1349 2052 1411 2115 uir-

266 2161 364 2220 tutum
388 2161 505 2220 terrore
519 2153 690 2219 consultum
715 2159 777 2218 est:
802 2153 959 2234 pharaone
982 2153 1151 2234 impietatis
1174 2173 1237 2218 suae
1260 2155 1366 2233 poenis
1381 2155 1410 2218 in

265 2257 441 2340 exemplum
462 2257 591 2323 humani
614 2257 733 2322 timoris
766 2257 911 2337 coercito,
941 2264 976 2321 ut
1006 2273 1104 2322 terror
1135 2257 1344 2323 damnationis
1368 2260 1413 2322 in·

266 2362 480 2447 religiosorum
515 2369 599 2427 metu
631 2361 813 2446 religionem
849 2360 1025 2438 inchoaret;
1061 2381 1132 2425 cum
1166 2361 1196 2424 iu
1228 2367 1321 2426 terrae
1354 2363 1413 2426 iter

214 2497 238 2533 ao
265 2487 351 2531 mare
374 2468 455 2532 aruit
476 2472 508 2532 et
530 2486 619 2549 aquae
641 2467 673 2530 iu
696 2467 814 2530 aridam
843 2483 1001 2530 conuersae
1032 2479 1118 2542 suut3
1153 2483 1222 2529 cum
1255 2464 1412 2530 Iordanen

265 2572 360 2650 pedes
383 2569 512 2650 populus
535 2589 680 2653 egressus
704 2575 760 2646 est
784 2584 815 2634 et
833 2569 1011 2653 ingressuro
1026 2569 1274 2648 repromissionis
1290 2576 1412 2634 terram

264 2673 385 2739 lsrahel
408 2674 574 2738 fluent-ibus
596 2680 679 2738 stare
702 2674 793 2738 iussis
816 2671 927 2738 relicus
950 2674 990 2736 ad
1013 2672 1178 2756 gradiendi
1209 2673 1413 2738 securitatem

265 2777 350 2843 fluuii
365 2777 469 2841 alueus
486 2778 666 2843 decucurrit.
686 2777 728 2863 ad
744 2776 836 2842 huius
851 2777 946 2860 igitur
960 2775 1038 2856 legis
1062 2782 1093 2840 et
1114 2776 1337 2858 prophetarum
1364 2779 1414 2843 dei

265 2901 358 2961 opera
379 2881 553 2946 contuenda
575 2879 726 2960 propheta
755 2888 868 2964 gentes
892 2882 1022 2945 aduocat
1045 2881 1167 2946 dicens:
1197 2881 1340 2946 uenite
1377 2889 1416 2945 et

213 3015 239 3052 rr
265 2985 402 3049 uidete
422 2983 864 3064 operadci3terribilis
884 2984 920 3046 iu
941 2983 1134 3049 consiliis
1155 2984 1414 3063 superillios

308 3141 443 3209 BEplres.
462 3141 496 3203 ΙΙ,
517 3144 556 3194 17.

306 3280 514 3349 ddiappsulma
531 3279 677 3333 distincxit
695 3279 722 3332 P
772 3279 807 3331 ad
835 3285 868 3330 ed
898 3277 992 3346 liceri
1013 3278 1093 3330 Acud.
1110 3297 1137 3347 p.
1155 3275 1193 3331 31
1246 3279 1318 3332 dde
1347 3297 1416 3334 con·

264 3368 393 3420 sistentes
412 3368 438 3420 ff
490 3368 555 3420 sin
573 3365 676 3420 uicinia
700 3367 741 3418 er
766 3366 795 3418 in
822 3365 916 3418 uicina
943 3365 969 3416 P
992 3365 1022 3418 in
1049 3364 1153 3419 uicinia
1177 3365 1202 3418 V
1226 3365 1255 3418 in
1283 3367 1416 3422 uicinos

263 3457 281 3508 9
303 3455 345 3507 his
364 3455 412 3522 qui
431 3455 465 3507 de
489 3455 572 3520 louge
596 3453 714 3506 Vuobia
741 3453 789 3520 qui
817 3452 900 3520 longe
919 3453 999 3504 RPE
1050 3455 1084 3506 10
1109 3450 1143 3505 de
1169 3467 1256 3520 prope
1281 3453 1308 3506 V
1323 3471 1416 3523 prope

264 3541 343 3594 RPE
396 3545 428 3595 ln
445 3540 608 3609 prophetica
626 3539 773 3607 (profetica
791 3540 827 3601 R)
847 3539 934 3606 igitur
953 3539 1032 3590 RPE
1048 3539 1171 3606 profetae
1197 3537 1220 3590 V
1273 3541 1306 3591 13
1325 3540 1416 3594 aduo-

264 3634 309 3682 cat
332 3628 358 3681 V
406 3627 531 3696 aspectui
562 3627 640 3678 RPE
664 3625 751 3679 oculis
781 3626 807 3679 V
858 3627 891 3678 14
909 3624 979 3678 caeli
1007 3625 1078 3678 aeris
1111 3625 1186 3678 VPE
1211 3624 1416 3680 caelizaeris

264 3714 344 3775 (arua
363 3716 414 3778 dr)
433 3715 460 3766 ll
512 3730 545 3766 ac
562 3713 637 3766 VPE
651 3730 723 3781 supr.
742 3731 790 3765 scr.
809 3731 842 3766 m.
862 3712 878 3764 1
897 3711 923 3764 R
977 3711 1010 3765 16
1028 3710 1150 3765 studium
1167 3711 1192 3762 V
1243 3713 1275 3765 17
1294 3711 1416 3766 faraone

264 3801 317 3853 Rl’
331 3799 482 3867 (faraonem
506 3799 540 3864 V)
594 3801 627 3851 20
644 3799 762 3884 {arrpuit
781 3797 861 3864 (erus.
879 3797 906 3864 h,
925 3815 940 3850 r
957 3800 985 3850 ia
1004 3797 1116 3862 rca)R
1169 3797 1303 3850 iordancn
1323 3799 1415 3867 pedes

263 3904 382 3973 populus
393 3906 460 3959 flcf.
467 3923 495 3974 p.
506 3902 566 3967 101,
576 3903 595 3955 5
605 3902 738 3956 iordanen
748 3901 872 3967 (iordane
891 3899 924 3968 V)
935 3901 1055 3970 populus
1067 3901 1183 3968 pedibus
1199 3899 1248 3953 VP
1263 3901 1416 3956 iordanem

263 3991 380 4060 pedibus
397 3991 516 4060 populus
529 3991 557 4041 E
608 3992 643 4042 22
660 3988 811 4043 fluentibus
822 3989 847 4041 fl
856 3987 967 4043 fluentis
977 3989 1030 4041 PE
1081 3993 1156 4040 stare
1173 3987 1257 4041 iussis
1275 3990 1303 4040 in
1316 4007 1375 4043 rua.
1389 3991 1417 4044 Jr

263 4077 365 4132 relicus
392 4079 417 4130 R
443 4077 567 4161 reliquup
595 4074 628 4141 (u
653 4079 681 4128 ia
706 4075 775 4140 ras.)
803 4076 829 4128 P
879 4077 913 4130 23
932 4075 1002 4143 legis
1030 4079 1058 4127 et
1085 4073 1284 4142 prophetarum
1313 4093 1365 4130 orn.
1393 4077 1419 4130 V

263 4183 299 4235 24
316 4181 472 4235 contuenda
497 4181 573 4234 Vltn'
588 4181 777 4234 conculcanda
795 4181 821 4232 l'
870 4181 905 4232 nt
923 4195 1007 4247 opera
1034 4173 1098 4230 dn'ii
1117 4180 1139 4230 l.
1166 4180 1182 4230 l.
1208 4178 1231 4228 V
1258 4177 1318 4240 (sed
1335 4197 1414 4250 supr.

263 4267 283 4322 6
301 4269 395 4337 etipse
413 4261 457 4332 di)
511 4261 675 4321 terribilis}
699 4267 747 4320 VR
771 4265 905 4320 terribilis
924 4265 947 4346 ἀΙ
966 4267 994 4317 in
1015 4263 1043 4318 I'.
