3075 4967
401 274 582 322 tractatus
601 269 636 321 in
654 269 828 336 psalmum
847 269 979 323 oxxxu.
1116 254 1120 262 '
1200 273 1262 337 685

161 461 190 524 2.
215 460 393 538 Videamus,
416 461 491 543 quid
513 456 589 524 iilud
617 460 665 538 sit,
696 459 780 542 qnod
804 461 918 525 bonum
949 466 980 526 et
1001 461 1169 527 iucundum
1194 481 1263 526 esse

118 565 269 646 propheta
291 567 493 640 demonstrat,
516 564 635 629 scilicet
663 563 855 629 habitare
886 563 1041 631 fratres
1071 567 1110 630 in
1133 585 1258 630 uuum.

118 689 177 734 non
219 668 371 734 humanas
401 668 643 734 cohabitationes
675 688 732 733 nec
762 676 953 734 terrenarum
984 671 1146 735 domorum
1176 689 1259 735 oom-

117 775 298 839 munionem
318 773 469 854 propbeta
483 772 627 838 laudauit.
674 792 747 837 nam
761 772 874 838 fratres
889 775 927 838 ob
944 773 1012 839 hanc
1027 775 1096 856 ipsa
1112 779 1263 839 tectorum

115 879 270 943 consortia
292 878 477 943 dissidentes
499 878 650 955 uidemus,
674 882 706 942 et
728 878 869 942 inimicos
892 898 975 959 saepe
999 879 1138 944 eiusdem
1162 879 1260 944 domi·
1302 899 1315 938 e

114 981 175 1047 ciiii
199 981 351 1048 habitatio
374 983 524 1047 continet:
548 989 580 1046 et
603 1000 836 1064 nonnumquam
859 982 1084 1048 incrementum
1100 983 1178 1047 odiis
1194 982 1261 1063 ipsa

112 1085 165 1151 illa
180 1085 380 1151 cohabitandi
393 1086 568 1168 indignatio
583 1085 806 1150 subministrat.
851 1087 906 1150 sed
924 1088 1008 1151 nouit
1023 1107 1092 1152 esse
1105 1086 1259 1168 apostolus

112 1209 313 1255 communem
328 1196 359 1255 et
377 1190 556 1274 religiosam
572 1191 699 1254 domum
722 1191 845 1254 dicens:
868 1197 908 1254 ut
931 1190 1050 1268 scias,
1074 1190 1259 1274 quemad·

112 1296 271 1367 modum
294 1299 484 1376 oporteat
507 1307 543 1360 te
564 1294 603 1359 in
628 1295 740 1358 domo
762 1294 827 1358 dei
851 1296 1073 1370 deuersari
1090 1311 1173 1377 quae
1197 1302 1259 1360 est

111 1398 296 1464 ecclesia
330 1399 394 1463 dei
428 1399 521 1476 uiui,
545 1397 733 1463 columna
762 1403 800 1464 et
829 1389 1130 1464 firmamentum
1159 1398 1311 1464 ueri-1⁰

112 1504 223 1568 tatis.
275 1503 381 1586 itaque
419 1502 533 1567 bonum
571 1510 603 1568 et
639 1503 805 1568 iucundum
840 1509 887 1567 est
920 1503 950 1567 in
984 1522 1079 1568 unum
1120 1502 1259 1568 habitare

110 1607 235 1672 fratros.
281 1626 352 1670 cum
367 1607 398 1670 in
414 1626 509 1672 unum
525 1605 676 1684 habitant,
691 1613 846 1672 conuentu
862 1606 1000 1672 ecclesia
1017 1615 1259 1692 congregantur:

109 1731 180 1776 oum
211 1709 326 1776 fratros
356 1718 579 1792 nuncupantur,
610 1712 709 1776 nnioae
738 1710 904 1775 uoluntatis
934 1711 1060 1776 caritate
1091 1711 1260 1776 concordes

110 1825 192 1880 sunt

151 1919 418 2000 andniman
452 1919 536 1984 enim
569 1918 780 2000 apostolorum
814 1920 1064 2001 pradicationem
1098 1918 1158 1985 hoc
1181 1940 1259 2000 pree·
1288 1937 1311 1976 1⁵

108 2024 240 2106 cipunm
274 2023 369 2089 fnisse
402 2024 595 2089 credentium
630 2024 818 2104 praeconium
851 2023 994 2107 legimus,
1028 2024 1109 2108 quod
1132 2023 1258 2089 dicitur:

107 2136 198 2193 erat
230 2129 335 2192 enim
370 2128 545 2192 omnium
576 2127 833 2193 credentium
862 2147 930 2192 eor
953 2133 992 2193 et
1014 2127 1146 2192 anima
1175 2148 1259 2206 una,

108 2235 291 2299 adsensu
329 2233 483 2308 eadem,
528 2232 741 2298 uoluntate
780 2252 855 2297 non
893 2232 1130 2310 dissonans,
1171 2230 1260 2297 fide

108 2337 397 2414 socia,amoris
416 2355 460 2402 ac
478 2337 695 2402 sententiae
713 2336 989 2402 unanimitate
1011 2336 1206 2418 perfecta.
1231 2343 1260 2401 et

106 2442 167 2508 boo
204 2446 335 2506 testatur
367 2440 419 2506 ills
453 2442 594 2524 gentium
617 2443 724 2506 doctor
757 2441 878 2506 dicens:
917 2453 957 2506 ut
991 2441 1086 2505 sitis
1120 2460 1256 2505 omnes
1285 2455 1310 2494 2⁰

106 2545 303 2626 perfecti,
327 2545 464 2609 eodem
488 2564 618 2620 sensu,
642 2546 779 2610 eadem
803 2547 1020 2610 sententia.
1067 2550 1098 2610 et
1118 2565 1257 2610 rursum:

106 2648 270 2733 inplete
299 2649 490 2732 gaudium
520 2669 656 2726 meum,
679 2665 720 2714 ut
749 2649 928 2730 idipsum
959 2649 1135 2733 sapiatis
1170 2669 1259 2714 ean·

107 2755 197 2819 dem
221 2752 439 2819 caritatem
462 2751 673 2832 habentes,
696 2753 917 2830 unanimes,
940 2773 1057 2818 unum
1080 2754 1258 2818 sentien-

107 2855 1257 2941 teanihilperaemnlationemsiusperinanemgloriam

106 2968 290 3047 agentes,
328 2962 398 3026 sed
431 2961 470 3026 in
508 2960 745 3027 humilitate
783 2962 960 3027 inuicem
998 2961 1256 3026 arbitrantes
1285 2977 1309 3014 2⁵

105 3064 352 3147 praecellere
385 3085 506 3146 super
539 3066 725 3141 inuicem,
758 3085 834 3130 non
868 3086 947 3144 sua,
982 3066 1051 3131 sed
1085 3066 1257 3131 aliorum

107 3171 394 3253 unusquisque
431 3178 612 3235 uestrum
652 3170 989 3252 contemplantes.
1035 3170 1092 3236 hoo
1126 3168 1255 3250 apostoli

151 3344 337 3413 amima,
359 3346 397 3398 15.
433 3347 466 3397 17
484 3346 546 3398 Act.
565 3362 608 3413 ap.
621 3345 667 3409 IV,
686 3347 728 3398 32.
763 3347 799 3401 20
816 3346 829 3399 Ι
848 3345 908 3398 Cor.
929 3347 952 3412 1,
973 3348 1012 3400 10.
1048 3346 1083 3398 22
1101 3343 1171 3396 Phil.
1184 3344 1219 3411 ΙΙ,
1232 3345 1257 3397 2.

151 3506 165 3556 1
186 3501 260 3556 illud
279 3503 317 3556 sit
336 3502 413 3555 GPT
430 3503 466 3555 sit
492 3501 564 3555 illud
582 3503 611 3553 E
670 3505 688 3555 4
714 3502 850 3570 propheta
877 3500 1004 3555 laudauit
1029 3502 1123 3570 scripsi
1148 3499 1256 3569 profeta

105 3589 224 3644 iaud***
236 3589 262 3642 G
269 3589 407 3658 propheta
415 3588 507 3644 Dauid
515 3588 586 3642 dicit
595 3590 674 3641 PTE
724 3590 727 3655 t
740 3589 776 3642 ob
786 3589 823 3641 Pe
833 3589 884 3643 sub
894 3589 934 3641 Tb
944 3587 989 3652 (de
1001 3588 1058 3642 Gn.
1068 3590 1085 3640 l.
1095 3605 1146 3641 non
1155 3596 1256 3640 constat

105 3676 235 3739 cfiAcnd.
240 3695 269 3746 p.
279 3674 333 3742 25)
369 3675 829 3744 9oporteatttheoporteatPT
872 3673 1256 3728 deueraariffl'diuersariG

104 3766 152 3816 aad
176 3765 213 3831 cs.
247 3782 275 3834 p.
302 3761 368 3828 2:57,
396 3762 431 3815 14
503 3765 533 3816 il
562 3761 687 3816 habitare
716 3763 819 3816 fratres
848 3763 924 3815 GPT
948 3761 1048 3815 fratres
1075 3760 1201 3815 habitare
1234 3761 1259 3814 V

106 3853 140 3904 12
158 3867 225 3904 cum
253 3847 339 3919 (supr.
355 3868 406 3903 cor.
425 3849 462 3915 P)
489 3850 520 3903 in
542 3866 630 3903 unum
647 3850 727 3902 ΡΙἙ
747 3851 814 3917 quia
832 3865 894 3902 curu
913 3849 943 3902 in
961 3865 1017 3902 uno
1041 3848 1066 3902 V
1115 3851 1255 3902 conuentu

105 3936 243 3991 ecclesiae
261 3935 389 4003 (eclesiae
412 3935 447 4003 V)
466 3941 673 4005 congregantur
691 3939 926 4005 (congraegantur
944 3935 979 4002 V)
997 3936 1069 3989 VPT
1085 3939 1255 3989 conuentum

106 4023 243 4077 ecclesiae
261 4028 465 4092 congregante
519 4026 551 4077 15
568 4023 622 4076 hoo
648 4023 829 4092 praecipuum
848 4023 926 4075 PTE
949 4023 1002 4076 hoc
1026 4039 1156 4092 magnum
1176 4037 1255 4089 prae·

107 4251 173 4314 ros.)
192 4250 219 4302 P
261 4252 297 4303 22
314 4207 410 4304 easdem
429 4250 455 4302 Ρ
505 4252 540 4305 23
556 4251 671 4304 abentes
690 4250 720 4304 P.
757 4321 762 4331 ί
