3075 4967
310 257 371 322 736
649 259 769 312 sancti
792 258 928 312 Hilarii
952 260 1117 328 episcopi

307 447 369 511 iem
393 448 515 527 pridem
538 449 667 512 scientis
689 449 812 512 ueniam
828 448 1032 514 confessionis
1047 450 1170 514 amittit.
1216 451 1355 516 confiteri
1372 453 1450 517 enim

307 551 339 615 id
362 557 520 635 tamquam
543 571 653 617 recens
682 551 839 635 cognitum
863 573 924 617 non
948 559 1058 633 potest
1082 555 1167 637 quod
1188 574 1208 618 e
1230 574 1264 620 se
1288 575 1360 620 cum
1382 577 1451 637 pec·

307 655 369 720 cati
399 656 575 740 cognitione
609 656 649 721 eit
678 663 809 740 gestum.
855 657 1061 722 desinendum
1091 677 1167 740 ergo
1189 679 1208 722 a
1228 661 1365 742 peccatis
1398 669 1452 736 est.

306 765 471 844 postquam
494 761 524 824 in
549 759 744 826 consessione
778 775 826 826 est
855 760 991 845 cognitio
1020 764 1156 842 peccati3
1191 770 1223 828 et
1243 763 1451 830 confitendum

269 891 281 926 e
307 871 361 942 est
383 871 417 928 nt
440 863 592 945 prophete
615 865 728 942 docuit,
751 865 844 930 corde
867 871 939 943 toto,
961 885 1025 932 non
1047 886 1084 930 er
1106 873 1326 952 partemque
1350 867 1452 953 atique

306 966 407 1034 adhuc
438 968 598 1034 nobiscum
629 968 825 1052 cognitorum
855 975 1051 1050 peccatorum
1082 973 1261 1051 operatione
1290 973 1452 1038 residente.

306 1072 381 1156 quid
404 1073 497 1148 enim,
521 1073 548 1137 ei
571 1075 640 1157 quis
665 1074 704 1138 de
728 1074 809 1138 furto
831 1075 984 1155 paenitens
1005 1075 1122 1159 iniquis
1145 1084 1177 1140 et
1200 1076 1339 1157 turpibus
1358 1075 1452 1142 lucris

305 1177 467 1260 pecuniam
485 1196 574 1242 suem
595 1177 735 1243 auxerit?
779 1197 841 1242 non
864 1179 923 1244 erit
945 1179 1072 1262 quidem
1096 1179 1154 1256 fur,
1179 1181 1235 1245 sed
1258 1181 1317 1244 erit
1338 1200 1450 1244 anetus

306 1286 336 1345 et
358 1287 470 1362 raptor.
516 1287 567 1346 aut
590 1281 616 1346 si
640 1282 710 1364 quis
734 1301 772 1347 er
794 1281 998 1348 fornicatione
1021 1282 1167 1349 desinens
1196 1283 1269 1348 uino
1298 1303 1333 1349 se
1354 1284 1449 1348 nimio

255 1407 278 1446 n
306 1385 504 1466 corrumpet?
526 1405 639 1467 corpus
663 1386 790 1470 quidem
814 1407 904 1452 suum
928 1407 988 1452 uon
1012 1387 1134 1468 polluet,
1148 1389 1206 1453 sed
1228 1388 1363 1452 animem
1380 1408 1450 1452 con·

306 1489 477 1554 taminabit.
524 1497 556 1554 et
585 1489 611 1554 si
642 1491 711 1574 quis
740 1511 759 1555 a
793 1491 930 1556 caedibus
964 1497 1143 1572 temperans
1177 1491 1346 1558 maledicus
1380 1511 1448 1557 esse

305 1593 472 1674 persistet?
495 1614 623 1659 manum
647 1594 775 1678 quidem
799 1594 990 1661 homicidam
1006 1595 1221 1673 nonhabebit
1242 1597 1298 1672 sed
1312 1595 1449 1680 lingusrn

305 1697 441 1764 habebit.
487 1705 518 1764 et
540 1699 694 1782 quomodo
717 1700 788 1783 quis
811 1720 850 1766 ex
871 1705 933 1765 toto
955 1700 1049 1766 corde
1072 1702 1186 1780 poterit
1215 1700 1354 1766 confiteri
1387 1721 1447 1764 non

306 1802 416 1886 exigua
439 1822 544 1868 secum
568 1805 688 1882 peccati
712 1814 799 1884 perte
821 1802 1003 1869 residente?
1040 1804 1173 1870 detersis
1188 1804 1292 1889 itaque
1306 1803 1448 1868 omnibus

253 1929 278 1967 rs
304 1907 387 1972 nitiie
411 1906 604 1972 confessione
635 1927 711 1988 opus
746 1918 793 1972 eet
823 1908 987 1973 desinendi
1017 1914 1049 1972 et
1078 1909 1228 1974 orandum
1258 1927 1380 1989 semper
1408 1908 1446 1972 ad

305 2013 395 2076 deum
420 2018 474 2086 est,
497 2016 531 2076 nt
552 2012 583 2074 in
607 2010 792 2077 cohibendis
826 2012 962 2093 peccatis
984 2011 1272 2096 extinguendisque
1287 2011 1446 2076 incentinis

305 2135 409 2180 eorum
433 2113 568 2196 pendula
591 2114 758 2181 uoluntatis
781 2124 894 2182 nostrae
916 2116 1018 2181 studia
1041 2116 1212 2181 confirmet.

348 2237 379 2301 4.
404 2235 451 2302 Ob
475 2238 556 2321 quod
587 2237 648 2301 iam
681 2234 841 2303 confidens
874 2236 1027 2318 propheta
1060 2258 1116 2318 per
1149 2237 1374 2304 consessionem
1406 2255 1443 2300 ec

303 2362 430 2423 precem
452 2361 542 2406 suam
564 2342 595 2406 in
619 2347 709 2423 portu
732 2362 766 2407 se
799 2341 984 2407 innocentie
1007 2341 1201 2408 conlocatum
1232 2343 1289 2406 ait:
1321 2339 1417 2405 cons
1420 2340 1443 2403 i·
1528 2346 1529 2435 t

252 2473 276 2510 n
305 2447 422 2512 tebor
455 2446 539 2523 tibi,
575 2447 746 2524 domine,
780 2447 820 2511 in
853 2452 938 2511 toto
971 2447 1093 2512 corde
1126 2465 1225 2510 meo:
1260 2445 1441 2529 quoniam

304 2551 459 2615 audisti
493 2550 618 2615 uerba
651 2551 734 2615 oris
768 2551 854 2615 mei.
900 2549 1015 2631 duplex
1043 2547 1265 2632 intellegentia
1291 2547 1383 2622 huius,
1407 2553 1442 2608 nt
1528 2552 1529 2619 t

303 2655 443 2735 superius
466 2654 528 2719 iam
553 2655 694 2724 diximus,
726 2674 836 2719 sensus
859 2662 914 2719 est.
958 2674 1033 2718 nem
1056 2654 1122 2719 siue
1144 2653 1269 2718 laudem
1291 2653 1346 2718 deo
1366 2669 1440 2714 con·

303 2757 415 2836 fitetur,
438 2758 511 2842 quia
533 2759 629 2823 uerba
652 2759 714 2825 oris
737 2759 803 2824 eius
820 2758 926 2822 andita
940 2765 1019 2834 sunt
1042 2758 1108 2822 siue
1129 2777 1186 2838 per
1201 2753 1439 2822 misericordiam
1473 2774 1478 2786 ·

303 2861 361 2940 dei,
384 2881 454 2927 cum
478 2863 531 2927 diu
546 2870 671 2940 orasset,
694 2863 817 2927 adiutus
839 2863 903 2926 iam
925 2862 1068 2926 omnibus
1083 2862 1220 2942 peccatis
1236 2855 1440 2926 desinentibus
1528 2866 1529 2953 ἦ

251 2991 276 3028 n
303 2964 474 3031 confitetur.
519 2966 591 3032 fidei
615 2973 728 3031 nostrae
752 2973 919 3049 utrumque
942 2967 1138 3043 conueniens,
1167 2972 1204 3030 ut
1232 2972 1264 3030 et
1286 2961 1436 3029 dominum
1528 3002 1529 3035 p

302 3068 464 3135 laudemus
488 3077 519 3135 et
541 3070 744 3136 confiteamur
765 3069 922 3136 intellecta
944 3075 1080 3150 peccate.

347 3191 374 3256 5.
398 3191 686 3275 Dehincsequitur:
710 3199 747 3258 et
769 3192 808 3256 in
833 3198 1058 3275 conspectu
1081 3190 1320 3276 angelorum
1338 3183 1435 3268 psal·
1528 3252 1529 3277 ᾖ

304 3293 378 3359 lam
403 3295 487 3360 tibi.
531 3316 641 3376 pamm
665 3296 724 3361 sibi
747 3298 905 3362 existimat
926 3294 1077 3379 propheta
1099 3315 1177 3372 esse,
1209 3302 1242 3360 ut
1270 3288 1434 3358 hominibus

304 3405 420 3464 tentum
444 3399 649 3481 praesentibus
672 3398 790 3481 psallat
820 3401 895 3484 quia
917 3399 1060 3465 homines
1089 3399 1292 3480 corporalium
1322 3399 1432 3460 tanturn
1528 3438 1529 3447 η

249 3529 276 3567 ao
303 3505 499 3588 negotiorum
523 3502 626 3569 officia
647 3504 822 3586 inspiciant.¹
864 3507 896 3569 in
919 3524 955 3570 eo
978 3505 1072 3581 enim,
1094 3505 1180 3588 quod
1201 3501 1310 3584 psallit
1324 3505 1430 3564 motum

303 3607 482 3689 conplacitae
504 3609 562 3673 deo
586 3608 772 3689 operationis
794 3609 937 3674 ostendit.
982 3628 1044 3675 non
1061 3626 1136 3692 ergo
1152 3627 1198 3683 ea
1216 3627 1287 3691 quse
1300 3604 1430 3670 uidentur
1528 3660 1529 3665 ,

302 3713 333 3777 in
357 3732 493 3793 corpore,
528 3711 612 3777 cerni
647 3712 812 3791 desiderat,
844 3713 899 3778 sed
933 3732 978 3790 ee,
1012 3731 1081 3796 quae
1115 3711 1293 3792 spiritaliter
1322 3711 1428 3771 natm
1528 3716 1529 3799 ξ

344 3913 488 3982 dproieta
508 3915 532 3965 G
594 3931 684 3982 nequa
711 3913 803 3982 alique
823 3917 848 3966 G
909 3914 1110 3982 tuperatione
1130 3912 1210 3965 GRT
1226 3929 1256 3965 cc
1277 3907 1383 3964 cretione
1400 3897 1430 3950 P

303 4001 336 4054 10
344 3999 504 4053 enimumdt
551 3999 999 4054 contaminauitcxoontamiuitP
1044 3998 1241 4068 llsort.autsi
1256 3987 1425 4050 accedite·

304 4087 347 4139 G?
365 4101 399 4140 ex
418 4085 547 4140 caedibus
560 4087 610 4139 PT
610 4107 629 4137 α
684 4091 716 4142 16
735 4086 957 4155 extinguendisq.
976 4085 1124 4140 incentiuis
1146 4073 1424 4153 (stupendisque

301 4189 354 4225 ras.
373 4192 405 4226 m.
424 4173 453 4239 ὅ)
473 4175 498 4226 R
553 4177 584 4228 18
603 4173 736 4228 confitens
754 4173 806 4226 PT
866 4190 897 4226 ec
916 4191 946 4226 es
963 4173 1015 4226 hac
1033 4173 1059 4225 R
1121 4175 1155 4226 19
1172 4172 1288 4225 collocat
1302 4163 1332 4219 cd
1347 4159 1378 4213 tii
1397 4156 1426 4208 T

301 4260 336 4312 24
354 4259 475 4312 eudit'T
525 4263 560 4316 dd
577 4260 729 4329 inspiciunt
744 4261 797 4313 ΤΕ
847 4261 879 4313 31
898 4277 931 4313 ea
949 4277 997 4312 om.
1011 4259 1090 4312 ΡΤΕ
1139 4261 1176 4313 32
1192 4276 1225 4312 ea
1240 4274 1305 4326 supr.
1321 4247 1369 4302 ff
1386 4243 1422 4294 P·
