3075 4967
289 239 353 304 664
634 240 752 294 sancti
772 239 908 293 Hilarii
926 239 1091 309 episcopi

288 429 421 495 tumultu
443 449 489 508 eo,
512 449 572 513 quo
596 448 630 494 se
653 428 831 494 dedendum
864 429 1003 510 passioni
1033 430 1218 509 praebuerst,
1250 449 1318 496 cum
1345 431 1412 496 iden

289 533 400 598 Petrus
423 552 514 599 seruo
530 533 698 599 sacerdotis
713 531 820 616 gladio
836 552 945 598 aurern
960 533 1154 611 abscidisset,
1178 535 1236 599 ait:
1260 536 1413 600 reconde

288 636 467 723 gladium
491 649 599 703 tuum
622 639 661 702 in
684 639 820 703 thece:
855 637 1035 716 calicem,
1058 658 1175 722 quem
1199 638 1312 704 dedit
1333 619 1413 704 mihi

289 747 411 823 pater,
445 762 521 806 non
557 743 691 808 bibam
724 741 863 808 illum?
907 743 1036 823 impium
1068 749 1099 808 ct
1131 743 1295 826 profanum
1317 745 1414 808 docens

289 865 365 924 osse,
389 847 415 911 si
437 866 500 911 non
523 847 637 925 omnia,
660 866 730 930 quac
754 867 831 931 erga
853 844 1024 912 humanam
1046 845 1178 912 salutem
1196 848 1275 928 patri
1289 847 1413 917 noune

288 950 434 1030 expleret.
481 949 620 1016 absolute
642 957 749 1017 autem
772 952 803 1015 in
827 970 863 1017 eo
887 951 1022 1016 ostendit
1037 952 1181 1017 deuotam
1197 951 1348 1032 passionis
1364 969 1414 1015 sua

288 1053 482 1138 religionem,
505 1075 575 1119 curn
598 1060 669 1136 post
691 1055 769 1120 aceti
795 1053 937 1136 poculum
960 1062 1043 1120 esset
1073 1055 1217 1136 spiritum
1248 1055 1414 1132 traditurum

287 1159 435 1240 perfectis
469 1159 553 1224 enini
584 1159 728 1225 omnibus
761 1159 820 1224 ait:
855 1149 1171 1224 consummatum
1209 1165 1276 1237 est
1310 1165 1346 1224 et
1375 1158 1416 1221 in·

288 1262 451 1328 clinans
481 1272 602 1344 caput
631 1263 809 1328 tradidit
838 1265 1043 1345 spiritum.
1090 1271 1321 1345 percucurrerat
1347 1262 1415 1328 enin

290 1367 395 1431 omnia
417 1367 605 1432 sacramenti
627 1367 745 1432 officia:
777 1372 809 1434 et
837 1367 890 1433 ubi
921 1369 1185 1432 consummatione
1209 1367 1363 1451 gaudetur,
1382 1365 1415 1429 ibi

289 1473 321 1537 in
344 1472 478 1551 suscepti
500 1469 601 1552 operis
626 1471 818 1553 perfectione
840 1470 946 1536 lentitia
969 1477 1025 1536 ost
1071 1491 1146 1556 crgo
1169 1471 1242 1554 quia
1264 1470 1414 1536 secundnm

289 1573 370 1640 banc
392 1581 553 1658 gestorum
576 1575 772 1641 deuotionem
801 1575 845 1640 ite
874 1577 980 1640 omnia
1009 1581 1077 1640 acta
1107 1582 1185 1646 sunt,
1217 1583 1251 1640 ut
1273 1575 1417 1638 uideantur

290 1679 427 1746 studiose
450 1699 505 1760 pro
528 1677 688 1764 religione,
713 1699 776 1763 qua
799 1679 898 1744 inrote
920 1685 1000 1758 sunt,
1032 1698 1101 1745 esse
1125 1677 1271 1760 perfecta,
1300 1693 1417 1762 sequens

290 1790 346 1860 est,
368 1791 402 1848 ut
423 1782 571 1859 uideatur,
596 1783 669 1868 quid
693 1783 740 1862 sit
763 1785 847 1867 quod
871 1783 970 1848 Dauid
998 1783 1111 1848 istest
1140 1783 1254 1848 iurauit
1283 1788 1312 1848 et
1339 1780 1416 1846 uouit.

334 1937 363 2002 5.
388 1939 427 2003 Si
463 1926 628 2004 intrabo
650 1939 689 2004 in
713 1938 1024 2004 tabernaculum
1055 1939 1195 2004 domus
1226 1959 1316 2004 meae
1339 1935 1416 2001 etsi

289 2043 516 2108 ascendero
539 2044 579 2107 in
601 2042 752 2109 lectum
776 2043 900 2108 strati
923 2042 1056 2121 meisi
1079 2043 1232 2109 dedero
1256 2058 1417 2107 somnum

287 2146 423 2212 oouiis
453 2148 554 2213 meis
589 2154 627 2213 et
649 2147 863 2228 palpebris
893 2147 993 2212 meis
1024 2147 1357 2212 dormitationem
1387 2153 1416 2206 ot

289 2253 474 2335 requiem
497 2251 753 2333 temporibus
777 2251 886 2328 meis,
918 2253 1044 2318 donec
1073 2251 1282 2316 inueniam
1303 2249 1416 2314 locun
1517 2281 1518 2290 κ

290 2347 461 2435 domino,
496 2355 806 2422 tabernaculum
845 2355 917 2421 deo
956 2354 1085 2421 Iacob.
1140 2353 1284 2420 humanae
1316 2361 1417 2418 nstrum

238 2488 242 2497 ·
289 2465 363 2525 uota
386 2459 454 2526 haec
476 2481 547 2526 esse
570 2480 632 2525 non
651 2467 791 2544 possunt,
816 2467 847 2526 et
861 2460 1004 2526 condicio
1019 2459 1203 2524 sacramenti
1219 2458 1416 2524 infirmitatem

290 2570 421 2629 terrenae
452 2565 644 2631 necessitatis
678 2565 807 2631 excedit.
852 2564 1030 2630 adeundum
1060 2561 1294 2629 tabernaculum
1323 2563 1418 2627 domus
1518 2645 1519 2654 ἵ

291 2687 351 2732 nou
375 2676 430 2746 est,
454 2674 549 2734 strato
572 2669 643 2735 lecti
674 2669 893 2734 abstinendum
917 2674 972 2746 est,
1006 2687 1134 2734 somnus
1157 2666 1254 2733 oculis
1277 2673 1307 2733 et
1326 2663 1418 2750 palpe-

290 2771 355 2836 bris
386 2773 560 2838 dormitatio
590 2780 621 2840 et
649 2773 773 2857 requies
804 2773 995 2854 temporibus
1026 2791 1087 2836 non
1119 2772 1222 2837 dende
1246 2777 1300 2848 est
1333 2770 1417 2834 donec

291 2896 363 2941 cum
405 2875 580 2942 inueniatur
612 2878 736 2942 domino
772 2877 856 2942 locus
894 2883 923 2941 et
961 2874 1192 2942 tabernaculum
1233 2878 1290 2940 deo
1329 2871 1417 2938 iacob.

333 3084 425 3138 aron.
445 3085 543 3154 xvur,
564 3089 605 3140 ιι.
639 3086 732 3142 eron.
751 3085 824 3154 xrx,
842 3087 883 3141 eo.

335 3281 400 3332 leo
420 3295 475 3346 qno
494 3279 575 3331 RTE
598 3295 733 3347 meoque
758 3279 833 3364 Vp}
860 3294 893 3331 eo
919 3294 974 3346 quo
1001 3274 1046 3342 (cd
1072 3278 1098 3329 in
1116 3276 1181 3338 rus.)
1202 3275 1228 3328 P
1279 3271 1418 3329 dedendum

297 3381 374 3434 VRE
389 3381 482 3435 dandtt
500 3382 551 3434 Vr
602 3382 677 3437 anit
695 3399 743 3436 cnr.
763 3382 790 3434 P
839 3381 904 3436 din
921 3381 1003 3436 theca
1025 3381 1075 3435 VT
1090 3379 1119 3434 in
1138 3385 1201 3435 teca
1220 3381 1246 3434 R
1263 3397 1332 3450 supr.
1348 3374 1421 3431 smi‘

290 3469 319 3521 in
346 3467 457 3522 thecam
481 3469 510 3522 E
559 3469 669 3538 bpatri
695 3469 818 3523 uouisset
836 3469 941 3522 RPTE
965 3467 1024 3537 pati
1051 3467 1126 3544 (odd.
1144 3487 1177 3520 m.
1196 3467 1229 3532 2)
1258 3466 1381 3521 noluisset
1400 3459 1421 3510 V

290 3554 454 3610 testendst
476 3556 502 3608 V
552 3557 680 3611 denotem
704 3556 782 3609 VRE
806 3555 900 3610 dedite
918 3555 945 3608 P
960 3555 1054 3609 debita
1073 3556 1097 3606 Τ
1149 3556 1214 3608 8et
1239 3573 1311 3626 supr.
1335 3547 1420 3605 aen?

290 3661 339 3695 om.
358 3644 383 3694 Τ
433 3643 558 3715 θοιριιᾶ
578 3644 603 3695 R
657 3644 690 3697 ie
708 3659 762 3710 qua
789 3642 880 3696 iurata
898 3647 963 3696 sunt
980 3657 1039 3696 esse
1062 3641 1161 3694 VRPT
1178 3640 1245 3710 quia
1262 3641 1350 3695 inruts
1365 3640 1416 3690 sunt

289 3729 482 3784 haeoesscE
532 3730 730 3798 ssqnssestP
784 3732 815 3784 14
834 3733 864 3783 ut
882 3731 943 3782 edd.
955 3727 1059 3782 m.2V
1110 3729 1142 3781 15
1161 3733 1189 3781 et
1207 3728 1230 3781 ai
1249 3719 1419 3782 ascenderoi'

290 3817 314 3870 si
331 3816 481 3870 ascendero
491 3817 596 3869 RPTE
647 3818 680 3871 18
697 3816 786 3870 donec
797 3815 939 3870 inueniam
953 3815 1066 3869 VRPTc
1078 3814 1166 3868 donee
1184 3829 1249 3868 cum
1266 3807 1418 3868 inueniant

289 3905 325 3956 20
342 3900 411 3956 haec
428 3919 490 3956 esse
509 3903 547 3955 Re
565 3903 619 3956 ista
637 3901 711 3968 (odd.
730 3921 763 3955 ns
782 3901 815 3969 2)
835 3918 893 3956 esse
911 3901 1009 3956 Vesse
1027 3901 1082 3956 ista
1100 3901 1165 3952 PTb
1218 3903 1250 3955 21
1270 3893 1417 3954 excacditR

290 4042 325 4095 22
342 4046 430 4095 strato
448 4042 515 4096 lecti
533 4041 727 4096 abstinendum
745 4045 788 4096 est
806 4059 854 4095 om.
874 4041 900 4094 R
952 4043 986 4095 23
1004 4041 1091 4094 donec
1120 4056 1183 4093 cum
1202 4039 1268 4093 RPb
1293 3991 1418 4092 doneouT

290 4126 377 4182 donec
395 4145 409 4180 e
426 4129 461 4198 cs.
485 4130 563 4181 rtrcb.
591 4129 628 4190 ΙΙ,
653 4127 710 4182 eut
782 4129 816 4182 ‘24
840 4127 952 4181 domiuo
978 4127 1056 4180 locus
1075 4127 1128 4180 R'l'
1143 4123 1198 4180 (Ιοῗι
1226 4125 1302 4180 locus
1326 4123 1348 4176 V
1360 4119 1414 4173 dno

291 4213 399 4266 locutus
420 4215 449 4267 P.
