3075 4967
407 272 588 322 tractatus
605 268 641 322 in
658 270 829 336 psalmum
847 267 943 322 LXVI.
1184 267 1246 332 273

157 461 183 525 5.
205 459 292 524 Hanc
314 465 418 524 autern
439 478 564 523 omnem
586 456 797 539 propheticam
821 465 914 542 atque
944 459 1141 540 apostolicam
1172 461 1246 524 doc·

120 564 219 628 trinam
242 582 372 628 necesse
401 569 449 628 est
478 562 630 629 confessio
659 562 839 644 populorum
862 569 893 628 et
914 563 1114 628 remissorum
1137 583 1244 644 pecca-

120 677 208 732 torum
222 667 329 733 laetitia
340 672 583 751 consequantur:
604 686 706 750 neque
717 667 817 732 solum
829 674 1025 748 pcccatorum
1036 668 1246 744 remissorum,

94 816 98 823 ·
120 774 168 836 sed
188 773 268 856 quod
290 791 369 849 euna
392 772 445 854 qui
468 778 592 851 peccata
608 770 767 848 remiserit,
791 761 943 854 aequitatis
960 771 1096 836 futurum
1110 771 1246 837 iudicem

119 876 215 953 sciant
235 876 318 960 qnod
341 896 398 957 per
419 895 489 941 eum
511 875 544 940 in
565 875 649 940 niam
670 875 742 940 uitae
764 893 872 940 omnes
888 882 998 958 gentes
1018 887 1133 940 terram
1155 874 1243 940 iuba·
1288 901 1300 937 s

119 981 241 1045 bitantes
263 979 438 1064 dirigantur
457 979 563 1045 relicto
585 978 735 1044 idolorum
757 999 860 1044 errore
891 980 932 1044 ad
962 979 1170 1063 cognitionem
1193 979 1242 1044 dei
1273 1017 1277 1025 ι

119 1084 242 1150 erudita.
276 1084 392 1150 idcirco
414 1083 481 1149 haec
502 1089 662 1149 secuntur:
691 1083 974 1148 confiteantur
997 1083 1074 1148 tibi
1097 1082 1246 1165 populi,

120 1188 213 1264 deus
236 1187 516 1253 confiteantur
539 1186 617 1250 tibi
640 1186 778 1268 populi
813 1207 956 1252 omnes.
1002 1186 1189 1252 laetentur
1211 1195 1248 1252 et

120 1292 292 1357 exultent
329 1298 489 1376 gentes,
526 1292 712 1374 quoniam
749 1290 959 1356 iudicabis
997 1290 1166 1372 populos
1207 1291 1246 1354 in

120 1396 302 1478 aequitate
324 1402 363 1460 et
385 1407 530 1479 gentes
554 1395 591 1459 in
615 1403 766 1460 terram
790 1395 956 1479 diriges.
979 1394 1246 1461 cumconfitentur
1275 1421 1299 1458 ιο

120 1499 221 1580 populi,
243 1500 401 1583 designari
423 1499 568 1564 uidentur
590 1518 627 1564 er
649 1499 789 1565 tribubus
813 1499 976 1566 duodecim
1006 1498 1057 1564 uel
1086 1500 1248 1566 credentes

120 1603 162 1668 nel
183 1603 336 1669 credituri.
381 1623 453 1668 curn
475 1603 661 1669 confitentur
682 1602 787 1684 populi
809 1622 926 1682 omnes,
949 1605 1086 1684 exceptio
1107 1603 1192 1668 nulla
1214 1603 1249 1668 fit

120 1709 257 1791 gentium.
304 1727 375 1772 cum
397 1706 541 1772 laetantur
564 1713 594 1772 et
616 1707 752 1772 exultant
775 1715 892 1791 gentes.
923 1705 1067 1791 quoniam
1098 1707 1247 1774 iudicabit

120 1811 237 1892 populos
258 1813 290 1877 in
313 1813 459 1896 aequitate
481 1822 512 1877 et
534 1820 644 1896 gentes
665 1813 697 1876 in
721 1818 836 1876 terram
860 1811 980 1895 diriget
1011 1832 1105 1878 causa
1134 1811 1247 1877 laetitia

120 1935 150 1979 ar
181 1935 235 1996 spe
268 1916 372 1981 iudicii
405 1916 513 1981 aeterni
547 1924 578 1980 et
610 1916 797 1981 directarum
827 1916 860 1981 in
889 1917 974 1980 uiam
1003 1916 1074 1981 uitae
1104 1917 1245 2001 gentium
1275 1938 1300 1974 rs

120 2019 301 2097 predicetur.

157 2138 183 2204 6.
208 2141 382 2206 interiectio
416 2139 578 2221 diapsalmi
611 2140 734 2206 uidetur
767 2139 819 2206 hic
852 2140 930 2205 nibil
961 2141 1135 2220 innouassa
1174 2161 1246 2207 curn

121 2245 282 2322 prasertim
303 2244 360 2309 sub
383 2245 482 2310 isdem
498 2243 603 2310 uerbis
619 2263 727 2309 sensns
743 2244 871 2310 iteratus
887 2244 941 2308 ait:
966 2243 1249 2310 confiteantur

122 2348 187 2413 tibi
209 2347 354 2432 populi,
378 2347 484 2425 dens,
518 2345 803 2412 confiteantur
837 2347 913 2412 tibi
937 2347 1079 2429 populi
1101 2367 1249 2413 ornnes,

123 2454 169 2517 sed
188 2472 258 2518 aum
274 2451 423 2518 adicitur:
447 2460 556 2517 terra
578 2453 693 2518 dedit
715 2452 893 2518 fructum
917 2472 1035 2532 suum,
1058 2453 1249 2537 intellegitur
1277 2473 1302 2510 ee

123 2575 173 2620 non
205 2576 241 2621 ex
272 2555 371 2620 nihilo
408 2557 590 2622 eorumdem
624 2558 789 2622 uerborum
823 2559 903 2622 lacta
937 2577 1006 2624 esse
1039 2557 1187 2639 repetitio,
1222 2558 1248 2623 si

123 2668 213 2726 lamen
234 2661 370 2742 idipsum
400 2660 458 2725 sub
488 2660 589 2725 isdem
611 2661 717 2727 uerbis
747 2659 955 2746 significatum
985 2660 1164 2746 intellegere
1196 2663 1248 2726 da·

122 2762 245 2830 beamus.
288 2765 465 2830 inuenimua
498 2765 582 2830 euim
614 2767 838 2832 consessionem
881 2765 993 2849 duplici
1027 2766 1145 2830 ratione
1180 2785 1249 2832 esse

15 2905 16 2949 3
124 2869 317 2934 tractandam:
341 2888 410 2934 esse
431 2890 526 2934 unam
547 2869 760 2935 confessorum
784 2877 986 2950 peccatorum,
1010 2869 1062 2934 ubi
1079 2871 1110 2935 in
1127 2871 1249 2935 deserto

15 2974 16 3045 1
124 2969 249 3038 iordanis
271 2971 495 3038 confitebantur
515 2978 644 3054 peccata
665 2993 737 3052 sua;
771 2993 841 3039 esse
863 2973 955 3038 aliam
977 2972 1164 3039 laudationis
1189 2975 1248 3051 dei,
1276 2992 1301 3030 u

161 3164 333 3232 lproiatiam
351 3164 441 3232 adque
464 3165 490 3217 V
538 3165 698 3218 2ramissi0
721 3165 887 3233 populorum
911 3165 936 3219 V
960 3167 1003 3234 qui
1025 3175 1117 3235 postea
1144 3181 1192 3218 om.
1221 3171 1249 3218 et

122 3267 287 3322 remissorum
309 3275 488 3337 peccatorum
540 3246 565 3322 dh
581 3268 760 3322 remissorum
778 3275 955 3338 peccatorum
966 3270 991 3322 P
1001 3275 1069 3322 eti-1
1080 3269 1248 3322 §remissio

122 3359 285 3418 peccatorum
313 3353 393 3420 (erce.
418 3355 481 3420 ini)
510 3356 535 3408 R
587 3357 807 3424 3coneequatur
839 3355 940 3408 VPTE
998 3357 1097 3410 deum
1124 3375 1154 3408 es
1181 3353 1246 3409 sord

124 3456 150 3489 aa
166 3439 185 3490 2
202 3441 227 3492 V
273 3442 337 3496 bin
361 3442 409 3495 uia
427 3441 453 3494 R
503 3441 690 3496 inhabitantes
717 3461 747 3495 ea
774 3441 930 3496 habitantes
958 3443 984 3494 P
1034 3439 1205 3496 6relict0rr'r
1232 3441 1254 3494 l'

122 3525 148 3577 in
170 3529 353 3596 cognitionem
376 3529 402 3581 V
455 3528 520 3582 'lid
537 3534 631 3598 saqtur
656 3531 681 3583 V
729 3529 799 3583 ads
816 3529 870 3582 RP
886 3523 916 3583 di
940 3530 965 3584 V
1014 3529 1155 3583 9iudicas
1173 3527 1251 3581 PT¹e

124 3614 193 3666 loin
218 3619 319 3669 terram
351 3616 414 3669 VRe
440 3615 475 3684 cf.
502 3617 622 3670 Sabaria
648 3616 687 3680 ΙΙ,
714 3615 771 3668 130
797 3615 827 3670 in
853 3621 929 3670 terra
957 3617 1019 3670 PTb
1073 3616 1170 3682 dirigis
1200 3614 1250 3668 T¹e

124 3701 204 3754 nex
229 3703 315 3756 tribua
339 3702 388 3755 VR
439 3702 642 3756 adcredentes
660 3703 687 3756 R
741 3703 918 3756 lemanem
943 3704 967 3755 P
1020 3705 1052 3756 14
1070 3703 1098 3755 in
1127 3708 1202 3756 terra
1228 3703 1252 3754 Τ

125 3788 152 3836 15
168 3793 195 3840 et
210 3805 257 3856 spe
275 3789 301 3842 V
348 3789 518 3873 directarum
535 3787 578 3858 (cc
596 3791 624 3842 ia
640 3787 704 3857 ras.)
722 3790 749 3842 P
765 3790 951 3843 rectarumV
1003 3789 1034 3844 17
1052 3789 1118 3842 hinc
1136 3789 1207 3842 nihil
1227 3789 1252 3841 l'

125 3891 152 3942 18
166 3892 250 3945 isdem
275 3893 327 3945 RP
349 3891 457 3946 hisdem
481 3893 547 3948 Vra
599 3895 721 3948 itenatus
744 3893 780 3948 V¹
833 3897 868 3949 20
886 3895 970 3949 icitur
988 3895 1014 3948 R
1066 3897 1100 3948 22
1119 3894 1207 3948 isdem
1226 3895 1251 3946 R

124 3973 220 4031 hisdem
242 3979 289 4032 VT
338 3982 373 4033 23
391 3996 451 4034 esse
476 3981 651 4035 tractandam
676 3983 731 4044 (am
750 4001 780 4034 ex
799 3987 818 4035 n
835 3999 901 4034 corr.
921 4000 953 4036 m.
973 3980 1003 4046 2)
1027 3982 1052 4036 V
1075 3981 1250 4034 tractandam

125 4079 175 4117 csse
191 4066 267 4119 ΡΤΕ
314 4070 350 4123 24
365 4063 404 4122 δῖ
416 4083 500 4123 unam
512 4068 538 4120 R
549 4085 633 4122 unam
651 4069 730 4121 Vra
781 4069 951 4122 consessione
971 4065 1030 4133 (sed
1040 4069 1102 4122 ione
1114 4070 1141 4120 in
1153 4067 1255 4132 ras-3)

127 4149 199 4217 alb)
216 4155 251 4222 cf.
268 4156 352 4210 dead.
365 4175 395 4227 p.
413 4155 452 4210 59
503 4155 538 4209 26
556 4171 616 4208 esse
634 4173 682 4208 orn.
706 4156 731 4210 V
781 4156 864 4209 aliam
891 4174 921 4208 ex
948 4155 1049 4209 aeliam
1076 4173 1107 4208 m.
1133 4153 1153 4206 2
1176 4154 1252 4223 Vas,

128 4240 197 4292 Aocd.
211 4260 239 4311 p.
257 4240 302 4296 10'.

171 4359 238 4401 xxrr.
252 4362 323 4404 ntur.
337 4365 394 4404 area
407 4373 460 4413 per·
473 4363 493 4404 1.
1066 4347 1100 4399 1⁸
