3075 4967
416 284 598 333 tractatus
624 280 659 332 in
684 280 856 348 psalmum
880 278 927 332 IX.
1200 277 1240 340 77

113 473 226 536 sormam
247 470 376 535 humani
400 470 536 550 corporis
559 469 707 534 induisse.
754 474 804 533 est
817 476 849 532 et
863 467 1026 544 occultum,
1045 474 1187 534 naturam
1211 470 1241 533 in

113 596 142 640 eo
162 577 256 640 curnis
279 573 426 638 humanae
457 593 515 636 non
547 593 583 636 er
614 573 771 638 communi
805 572 934 656 originis
957 591 1073 651 genere
1095 573 1241 645 induisse,

113 681 160 744 sed
180 680 312 744 extitisse
337 697 375 743 er
398 678 519 762 uirgine
543 685 573 741 θῖ
595 677 712 741 editam
735 677 858 760 uirgine
880 675 977 740 luisse
994 681 1026 740 et
1040 676 1158 760 absque
1173 697 1241 742 nas-

115 785 190 849 cendi
223 783 309 847 initio
340 785 543 862 procreatam.
579 787 626 846 ast
648 779 811 857 occultum,
842 799 921 857 eum,
951 781 1005 863 qui
1034 788 1171 846 mortuns
1193 781 1242 859 sit,

114 908 144 952 er
162 893 253 952 morte
275 886 400 962 uixisse,
425 884 558 968 gloriam
579 883 806 949 inmortalitatis
827 903 864 948 ex
879 903 1006 964 corpore
1021 890 1242 950 resumentem.
1282 911 1295 946 a

113 992 236 1055 sednon
260 991 285 1054 is
310 988 437 1072 quidem
460 987 531 1053 finis
554 996 608 1054 est.

149 1097 175 1158 l.
197 1094 307 1158 Finem
338 1101 441 1158 autem
474 1113 534 1157 non
568 1091 652 1157 uelut
682 1093 840 1175 quendam
870 1112 974 1156 rerum
1004 1111 1158 1167 occasum,
1188 1090 1244 1156 sed

114 1199 326 1263 decurrentium
350 1198 478 1262 modum
501 1195 863 1279 consummationemque
886 1194 1058 1279 significat;
1087 1202 1245 1278 nequent

113 1302 138 1365 in
158 1301 349 1367 abolitionem
374 1301 539 1377 desinatur,
563 1302 618 1365 sed
641 1305 675 1364 ut
696 1300 727 1364 in
748 1299 905 1383 quendam
918 1299 1243 1363 manenditerminum

114 1426 150 1473 aa.
171 1408 207 1471 de
230 1407 341 1489 quibus
365 1405 474 1488 agitur,
497 1403 688 1470 collocentur.
734 1403 804 1487 quis
827 1423 903 1487 ergo
918 1401 970 1467 hic
985 1401 1056 1468 finis
1072 1404 1120 1480 sit,
1143 1403 1174 1467 id
1197 1410 1245 1467 est
1272 1430 1296 1464 to

114 1528 171 1592 qua
191 1530 301 1575 rerum·
318 1509 457 1573 omnium
491 1509 632 1574 absoluta
665 1507 814 1588 perfectio
848 1514 879 1573 θῖ
913 1527 982 1591 quaa
1015 1508 1166 1572 absconsa
1195 1507 1244 1582 sit,

114 1614 207 1678 baalin
231 1613 386 1694 apostolus
408 1615 448 1678 ad
472 1611 647 1678 Corinthios
671 1615 713 1677 ita
735 1615 883 1695 loquitur:
919 1612 1115 1695 quomodo
1139 1611 1243 1676 enim

114 1717 273 1782 luridam
297 1737 435 1782 omnes
460 1717 694 1794 moriuntur,
718 1717 777 1782 sic
799 1723 837 1781 et
858 1718 898 1780 in
919 1713 1086 1780 Christo
1109 1733 1245 1779 omnes

113 1822 383 1886 uiuificantur.
407 1822 692 1904 unnsquisque
716 1826 847 1886 autem
878 1840 947 1885 sno
978 1820 1137 1883 ordine:
1171 1819 1245 1899 pri·

115 1927 223 1990 mitiae
262 1924 463 2000 Christus
502 1925 650 1990 deinde
681 1926 748 2007 qui
779 1928 872 1988 sunt
902 1921 1068 1999 Christi,
1100 1924 1167 2005 qui
1202 1922 1241 1987 in
1270 1949 1296 1985 aa

114 2029 278 2094 aduentu
302 2031 389 2094 eius
406 2029 694 2109 crediderunt;
718 2029 864 2092 deinde
884 2027 993 2104 linis,
1017 2047 1102 2091 cum
1124 2028 1245 2092 tradi-

114 2133 208 2198 derit
229 2155 399 2219 regnum
423 2134 497 2198 deo
527 2134 644 2215 patri,
677 2152 762 2198 cunr
794 2132 1061 2197 euacuauerit
1091 2151 1243 2195 omnern

114 2239 377 2320 principatum
414 2246 451 2302 et
485 2242 742 2318 potestatem.
787 2240 950 2316 oportet
988 2235 1094 2299 enim
1131 2233 1245 2298 illnm

114 2361 283 2426 regnare,
308 2343 436 2407 donec
460 2347 583 2421 ponat
606 2359 742 2405 omnes
765 2340 959 2405 inimicos
982 2339 1053 2403 sub
1074 2338 1246 2422 pedibus

115 2448 201 2512 suis:
225 2449 322 2512 deus
345 2447 450 2510 enim
474 2447 607 2510 omnia
631 2443 812 2509 subiecit
842 2444 913 2507 sub
944 2442 1119 2523 pedibus
1150 2443 1245 2506 eius.
1273 2467 1299 2504 aa

115 2551 325 2616 nouissima
357 2551 525 2614 inimica
567 2549 733 2613 deuicta
764 2552 825 2612 est
854 2546 893 2611 in
925 2567 968 2611 eo
1001 2565 1116 2611 mors.
1162 2565 1245 2611 cum

115 2673 196 2718 uero
219 2655 391 2720 dixerit:
415 2654 548 2718 omnia
571 2653 761 2717 subiecta
792 2656 892 2727 snut,
916 2651 1071 2733 absque
1102 2670 1152 2727 eo,
1180 2651 1245 2733 qni

115 2759 279 2824 subiecit
310 2757 375 2823 illi
407 2759 550 2834 omnia,
579 2763 673 2821 tunc
703 2757 792 2837 ipse
823 2754 1035 2819 subiectus
1069 2755 1149 2819 erit
1171 2752 1246 2827 illi,

115 2862 172 2944 qui
194 2863 272 2927 sibi
295 2861 477 2928 subiecit
499 2860 765 2937 omnio,utsit
791 2861 888 2924 dens
910 2860 1044 2923 omnia
1067 2859 1104 2922 in
1128 2857 1247 2921 omni·

116 2963 185 3030 bns.
228 2965 280 3032 hio
303 2967 399 3050 igitur
421 2970 469 3030 est
491 2964 562 3029 finis
578 2965 714 3040 occultis
739 2968 928 3027 mortuorum
945 2963 1136 3039 resurrectio,
1160 2980 1248 3026 sanc·
1275 2986 1300 3022 aa

116 3075 203 3132 torum
227 3068 418 3145 clarificatio,
442 3067 566 3134 malitiae
587 3067 779 3134 dominantis
802 3066 934 3144 abolitio,
957 3066 1067 3130 mortis
1089 3065 1248 3142 interitns3

117 3183 144 3235 et
163 3193 217 3253 par
239 3173 295 3238 boc
312 3172 429 3239 Christi
444 3191 573 3256 regnum
592 3173 689 3253 patris
712 3191 835 3255 quoque
856 3172 905 3236 dei
921 3189 1067 3254 regnum:
1091 3168 1140 3234 bis
1163 3170 1248 3233 enim

117 3277 205 3358 gestie
226 3284 389 3361 postquam
412 3275 475 3340 filio
498 3283 588 3342 erunt
610 3297 629 3340 a
652 3281 741 3357 patre
770 3275 916 3340 uniuersa
945 3273 1092 3349 subiecta,
1123 3291 1185 3337 non
1215 3277 1250 3337 nt

119 3397 165 3458 per
206 3382 428 3447 subiectionem
473 3380 562 3465 regni
615 3380 769 3444 adimatur
813 3380 977 3454 aeternitas,
1022 3378 1080 3442 sed
1123 3381 1156 3440 ut
1194 3394 1250 3439 nos

157 3505 188 3555 ra
204 3504 217 3556 1
234 3503 294 3557 cor.
314 3505 356 3570 15,
375 3504 487 3556 aa-ae.

154 3643 170 3694 3
198 3648 224 3696 et
247 3643 350 3696 editam
378 3641 465 3695 inisse
494 3640 519 3694 V
568 3646 596 3694 et
619 3641 723 3708 absque
747 3644 844 3693 nostro
868 3639 1001 3693 nascendi
1024 3638 1166 3690 Benedici
1190 3637 1251 3688 oda.

116 3727 130 3778 8
151 3729 466 3797 consummationemque
490 3746 521 3781 ex
546 3727 812 3781 consummationem
830 3743 901 3796 quae
919 3745 953 3778 m.
972 3724 992 3777 2
1014 3725 1040 3778 V
1100 3726 1133 3777 10
1156 3721 1186 3775 id
1209 3725 1251 3776 est

117 3845 177 3898 quae
200 3831 267 3886 Vid
284 3843 303 3902 q
321 3853 335 3886 r
353 3832 422 3886 item
441 3833 543 3901 quaeb
604 3833 634 3884 11
655 3835 683 3884 et
701 3848 785 3900 quam
807 3831 822 3884 b
884 3831 1004 3884 abeonae
1026 3829 1052 3882 V
1110 3828 1144 3880 14
1158 3791 1251 3879 0rdine

117 3933 175 3971 corr.
194 3937 224 3972 nr.
245 3921 258 3972 l
281 3920 306 3974 V
358 3919 391 3973 19
409 3917 536 3972 inimicos
555 3935 584 3970 es
602 3917 730 3972 inimicos
749 3933 813 3970 enea
830 3934 896 3970 corr.
913 3915 980 3968 m.2
998 3916 1024 3969 V
1036 3913 1085 3979 (cs.
1097 3913 1167 3966 Non.
1182 3913 1207 3966 Τ
1206 3922 1250 3965 cet·

122 4001 173 4056 Vnt.
191 4006 320 4060 Ticctcad.
343 4006 427 4072 1475)
480 4007 510 4059 21
527 4021 590 4058 oum
609 4020 676 4058 uero
695 4003 828 4058 indixerit
845 4002 939 4057 omnia
961 4020 1018 4072 cap.
1037 4003 1082 4054 lin.
1100 4019 1118 4054 a
1135 4019 1168 4053 m.
1186 3999 1207 4052 2
1229 3998 1255 4053 V

119 4089 154 4146 to
170 4091 297 4147 indixerit
314 4093 349 4160 cf·
371 4094 451 4146 Acod.
467 4111 496 4162 p.
516 4089 567 4158 22)
620 4093 655 4144 22
682 4091 808 4145 subiecta
826 4093 892 4144 sunt
910 4090 968 4143 eir
1020 4090 1055 4142 st
1078 4087 1164 4141 nteit
1183 4085 1251 4141 deus

121 4177 203 4231 omnia
225 4197 305 4233 enar
366 4181 401 4234 25
428 4181 585 4232 sanctorum
612 4177 779 4246 glorificatio
803 4179 818 4230 b
888 4178 922 4231 27
949 4177 994 4230 dei
1022 4181 1050 4228 et
1076 4189 1195 4243 regnum
1221 4175 1251 4225 rt

121 4263 150 4316 te
172 4263 366 4320 subiectionem
390 4285 419 4319 ea
437 4265 642 4333 subreptionem
661 4283 727 4320 corr.
746 4263 818 4318 rra-2
841 4264 866 4320 V
916 4263 965 4317 red
988 4280 1040 4316 nos
1058 4261 1122 4328 lom.
1140 4260 1183 4322 ut)
1207 4259 1250 4313 Vr.
