3075 4967
284 282 346 347 442
632 284 749 338 sancti
768 284 904 337 Hilarii
922 283 1087 353 episcopi

284 473 484 539 tradiderunt.
531 474 694 557 egregium
717 472 779 538 hoc
801 474 905 556 itaque
928 478 959 538 et
981 472 1163 554 praeclarum
1181 474 1213 537 in
1230 472 1354 538 homine
1369 478 1418 549 est

284 578 355 661 quia
378 597 396 642 a
418 577 529 643 ceteris
552 577 703 661 dignitate
727 576 913 658 operationis
937 577 1095 658 excipitur.
1140 578 1180 643 de
1195 576 1420 643 confirmatione

283 688 386 747 autem
410 681 476 746 caeli
499 681 542 745 ite
565 682 699 764 quodam
733 681 766 745 in
799 680 866 746 loco
900 680 1050 766 legimus:
1085 700 1160 766 ego
1194 701 1309 747 mann
1341 699 1422 745 meu

283 784 448 851 firmani
479 784 624 851 caelum.
670 805 746 869 ergo
774 792 952 869 exsequatur
982 786 1153 866 operationi
1182 785 1317 851 hominis
1345 785 1421 850 istud

244 915 256 953 s
283 889 479 967 elementum,
503 908 575 955 cum
598 888 731 970 idipsum
755 909 851 955 manu
874 889 924 955 dei
946 888 1104 955 firmatum
1126 909 1196 955 esse
1214 886 1422 955 memoratur?

284 995 339 1059 sed
363 1012 551 1077 quamquam
583 993 691 1059 caelum
723 1013 826 1073 mann,
855 992 947 1059 homo
981 1002 1083 1059 tamen
1108 994 1257 1060 manibus.
1303 999 1423 1077 praestut

283 1116 359 1182 ergo
382 1095 484 1163 officio
508 1098 597 1162 unius
619 1116 730 1164 manus
754 1100 885 1163 duarum
907 1098 1060 1179 operatio:
1085 1110 1117 1164 et
1138 1098 1179 1177 id,
1195 1099 1279 1181 quod
1300 1098 1340 1161 ad
1354 1117 1422 1162 con-

283 1200 489 1267 firmationem
513 1202 580 1267 oaeli
603 1202 678 1269 satis
703 1203 812 1279 estin
836 1202 974 1268 hominis
997 1202 1182 1269 condicione
1212 1222 1275 1268 non
1305 1200 1420 1267 suffieit

283 1305 525 1390 intellegendum
550 1318 653 1371 autem
678 1314 732 1386 est
754 1326 810 1372 our
832 1307 975 1373 manibus
996 1303 1149 1391 propheta
1171 1326 1206 1373 se
1228 1306 1343 1372 iactum
1358 1325 1421 1372 essa

232 1434 257 1471 ιο
285 1410 374 1489 dicat,
397 1430 500 1493 neque
519 1410 619 1476 solum
635 1410 760 1487 suetum,
785 1412 840 1477 sed
857 1412 950 1477 etiam
965 1412 1131 1495 figuratum
1146 1410 1198 1477 uel
1213 1418 1420 1495 praeparatum

329 1513 357 1579 6.
381 1512 561 1580 Ceteromm
583 1515 720 1581 omnium
746 1514 970 1581 elementomm
993 1516 1109 1581 creatio
1132 1535 1170 1581 eo
1192 1516 1260 1596 ipso
1290 1516 1322 1580 in
1351 1522 1420 1580 tem·

285 1638 357 1699 pore
381 1624 411 1684 et
433 1618 573 1683 instituta
595 1632 625 1684 et
648 1617 759 1686 effecta
781 1627 837 1696 est
862 1639 922 1703 quo
946 1619 1114 1685 subsistere
1132 1619 1306 1694 iubebatur,
1329 1637 1421 1701 neque

284 1722 509 1789 inchoationem
533 1742 639 1788 eorum
663 1729 694 1788 ct
718 1723 941 1805 perlectionem
964 1732 1088 1805 tempus
1118 1723 1242 1807 aliquod
1265 1723 1422 1799 disecmit;

284 1846 357 1892 nem
381 1828 675 1892 consummationem
699 1826 854 1893 inchoatio
877 1828 908 1892 in
931 1847 976 1905 eo,
992 1828 1075 1911 qnod
1091 1835 1138 1893 est
1157 1834 1267 1912 empta,
1285 1827 1423 1909 percepit

233 1954 258 1991 ιθ
285 1930 378 1995 homo
410 1951 490 2005 uero,
524 1950 593 1997 eum
622 1932 777 1997 internam
812 1939 844 1997 et
878 1939 1041 1998 externam
1070 1932 1102 1996 in
1133 1952 1168 1997 se
1195 1944 1338 1997 naturam
1367 1931 1425 1995 dis

285 2043 446 2100 sonantem
461 2035 550 2100 aliam
564 2036 603 2099 ab
619 2035 679 2100 alia
695 2038 851 2102 contineat
871 2045 902 2102 et
917 2058 953 2102 er
970 2036 1090 2103 duobus
1105 2036 1272 2121 generibus
1287 2036 1319 2101 in
1335 2054 1425 2101 unum

285 2141 324 2205 sit
347 2139 460 2205 animal
483 2139 612 2204 rationis
643 2142 798 2225 particeps
828 2141 1020 2218 constitutus
1051 2140 1165 2225 duplici
1196 2148 1244 2206 est
1272 2140 1425 2205 institutus

285 2244 419 2309 exordio.
465 2244 598 2324 primum
634 2246 717 2309 enim
747 2245 865 2311 dictum
896 2253 959 2311 est:
993 2244 1194 2311 faciamus
1227 2243 1426 2309 hominem

285 2348 332 2413 ad
370 2348 590 2432 imaginem
628 2354 666 2413 et
708 2348 1027 2415 similitudinem
1072 2357 1269 2427 nostram3
1316 2347 1427 2414 dehine

233 2471 259 2511 uo
286 2454 437 2517 secundo:
462 2461 499 2518 et
522 2453 686 2537 occepit
709 2455 807 2519 dens
831 2453 1039 2534 puluerem
1064 2452 1427 2518 deterraetsinxit

286 2556 496 2622 hominem.

330 2660 358 2724 7.
384 2659 524 2725 Primum
546 2680 623 2741 opus
650 2682 711 2727 non
735 2661 830 2727 habet
851 2663 884 2727 in
908 2682 942 2728 se
964 2662 1138 2743 adsumptae
1158 2661 1284 2727 aliunde
1306 2660 1427 2727 alterins

285 2772 401 2829 naturae
424 2764 586 2849 originem.
632 2766 825 2847 incorporale
848 2775 905 2843 est,
929 2766 1080 2851 quidquid
1109 2765 1186 2831 illud
1207 2772 1273 2831 tum
1297 2766 1339 2831 de
1362 2784 1428 2831 con·

285 2867 344 2933 silii
368 2870 520 2935 sententia
542 2868 719 2936 inchoatur:
751 2870 787 2935 fit
810 2872 892 2936 enim
916 2872 957 2935 ad
986 2871 1159 2955 imaginem
1191 2870 1250 2935 dei.
1296 2889 1360 2935 non
1382 2868 1429 2933 dei
1536 2949 1537 2954 ἵ

234 2989 259 3029 a
284 2973 399 3055 imago,
423 2974 496 3056 quia
517 2972 622 3059 imago
646 2975 694 3041 dei
720 2984 767 3040 est
788 2975 1015 3058 primogenitos
1045 2974 1149 3041 omnis
1179 2980 1347 3052 creaturae3
1377 2972 1431 3037 sed
1536 3029 1537 3054 1

286 3078 325 3141 ed
347 3076 526 3161 imaginem,
550 3078 580 3142 id
597 3086 646 3143 est
661 3079 831 3145 seeundum
846 3079 993 3164 imaginis
1008 3085 1040 3144 et
1054 3077 1267 3143 similitudinis
1283 3078 1430 3158 speciem.

287 3181 427 3247 diuinum
459 3182 492 3245 iu
526 3202 562 3247 eo
597 3192 627 3249 et
664 3182 858 3264 incorporale
894 3182 1101 3265 condendum,
1140 3183 1224 3266 quod
1261 3181 1431 3247 secundum
1537 3212 1538 3221 κ

285 3285 455 3369 imaginem
479 3286 528 3351 dei
553 3292 584 3352 et
606 3285 841 3351 similitudinem
871 3292 935 3351 tum
968 3286 1080 3352 tiebat:
1115 3283 1290 3365 exemplum
1315 3284 1432 3350 scilicet

328 3460 345 3513 3
363 3458 435 3512 Esai.
454 3458 537 3527 XLV,
558 3460 590 3513 12
609 3458 719 3525 (13121).
757 3463 790 3514 18
809 3460 876 3514 Gen.
895 3462 916 3529 I,
934 3462 976 3515 26.
1012 3462 1047 3515 20
1064 3460 1135 3514 lbid.
1153 3460 1189 3527 ll,
1207 3463 1232 3513 7.

331 3596 489 3653 ltradidel·
509 3600 547 3668 l'p
565 3598 706 3655 tradidere
720 3600 748 3651 E
798 3601 953 3655 2aooall
1005 3601 1111 3655 listnt
1129 3604 1191 3691 atat
1207 3598 1350 3655 elementa
1367 3616 1432 3653 corr.

287 3718 405 3773 ru.2V
456 3718 661 3774 lofficiumV
711 3722 921 3775 manucensis
972 3722 1047 3791 qnod
1065 3720 1275 3775 confirmatione
1295 3722 1320 3772 (¹
1370 3719 1434 3775 ain
1534 3713 1535 3718 ’

286 3809 346 3874 odd.
365 3805 486 3859 m.2V
535 3809 623 3875 9an
641 3808 667 3859 R
720 3824 771 3861 our
787 3836 822 3845 -
840 3808 916 3863 dicad
933 3827 982 3863 om.
1007 3810 1032 3861 V
1082 3811 1113 3862 11
1134 3816 1291 3863 ceterarum
1316 3806 1353 3861 V¹
1405 3805 1434 3859 in

286 3912 335 3946 ons.
362 3896 398 3963 pt
470 3894 504 3947 12
533 3894 697 3947 subsisteret
733 3894 768 3948 V¹
841 3897 873 3949 18
903 3889 1071 3949 locationem
1107 3894 1155 3950 VC'
1189 3904 1212 3948 ct
1247 3896 1284 3947 sic
1321 3896 1350 3947 in
1384 3910 1434 3963 aco,

288 3982 321 4035 14
338 3980 517 4065 penzogpit
543 3982 570 4046 (e
588 3998 618 4034 ea
635 3979 645 4033 i
663 4000 696 4034 m.
714 3978 790 4047 3)ss
842 3984 876 4036 16
894 3982 949 4037 alia
974 3982 1010 4037 ab
1033 3981 1089 4037 alia
1116 3982 1142 4036 R
1196 3983 1228 4034 17
1246 3978 1436 4035 rationnml'

287 4084 454 4139 constitutus
472 4086 509 4138 ed.
527 4096 585 4155 post
603 4085 686 4137 aaut.
705 4086 782 4139 1550
797 4086 979 4140 constitutum
996 4087 1104 4157 Vucpa
1156 4090 1200 4140 ast
1217 4084 1391 4139 constitutus
1413 4082 1438 4137 V
1533 4103 1534 4140 3

286 4172 321 4225 20
340 4174 454 4243 sodmp
506 4171 647 4240 acceperit
673 4172 704 4226 V¹
757 4174 792 4227 23
810 4173 923 4227 illutV
978 4178 1038 4227 tum
1058 4192 1140 4227 ome
1191 4174 1226 4228 at
1243 4169 1279 4225 ad
1296 4187 1435 4229 summor.

288 4276 320 4311 m.
340 4258 356 4310 l
375 4258 401 4310 R
454 4257 499 4311 dei
518 4257 546 4310 id
566 4263 608 4311 est
628 4258 687 4328 (pl).
