3075 4967
434 288 616 338 tractatus
635 284 670 337 iu
688 285 861 353 psalmum
880 282 997 337 CXLVI.
1223 285 1287 351 853

142 473 284 540 ecclesiae
307 474 447 557 requiem
471 474 585 541 habeat
607 476 637 539 in
661 475 783 555 saeculo,
807 475 927 540 mauult
949 482 1051 541 tamma
1082 475 1113 539 in
1144 476 1289 542 inanibus

143 576 249 643 saculi
266 579 427 645 demorari.
473 578 695 664 huncquoque
718 600 809 645 auem
832 579 966 665 legimus
989 579 1021 643 in
1043 587 1166 663 pastum
1190 579 1289 646 Helia

141 682 324 763 deputatam
347 683 432 749 cibos
466 703 590 764 semper
613 684 640 749 ci
664 683 760 749 luisse
783 682 907 749 solitam
929 683 1045 749 inferre
1079 689 1110 749 et
1133 683 1193 747 hoc
1215 691 1289 761 tum,

141 806 216 852 cum
239 786 425 867 impiissime
448 788 549 852 omnis
572 788 702 868 populus
726 795 756 853 et
779 786 1047 873 inreligiosissime
1066 790 1288 854 deuersaretur.

143 889 382 956 intumulatum
406 892 579 975 ergotanti
604 891 761 972 prophetae
792 890 861 957 haec
890 892 965 970 auis,
1000 911 1069 976 quae
1099 892 1131 957 in
1155 892 1289 958 sormam
1327 919 1342 958 a

142 995 314 1079 peccatoris
348 1000 414 1060 erat
451 996 624 1072 constituta,
663 995 786 1061 delecta
819 1000 876 1061 cst.
927 1016 998 1061 cum
1036 997 1117 1061 anim
1155 996 1290 1062 anterior

142 1098 274 1180 populus
296 1098 501 1181 inprobabilis
520 1106 733 1180 reportasset,
758 1106 824 1165 tum
840 1100 891 1165 dei
907 1100 1092 1181 predicatio,
1116 1118 1186 1184 quae
1201 1100 1289 1166 cibus

141 1210 174 1268 et
198 1202 322 1268 esuritio
347 1210 394 1269 est
416 1202 646 1286 prophetarum,
678 1223 732 1287 per
762 1223 880 1279 eorum,
913 1204 965 1289 qui
989 1210 1169 1285 peccatores
1192 1211 1290 1281 erant,

141 1306 245 1372 officia
268 1306 414 1389 expletur.
458 1327 514 1373 nos
538 1307 621 1374 enim
645 1308 693 1373 uel
717 1309 811 1373 ceteri
834 1314 906 1374 ante
929 1328 985 1374 nos
1008 1329 1045 1374 er
1068 1308 1289 1390 inpudentibus

141 1417 174 1477 et
197 1412 379 1492 procacibus
410 1418 441 1478 et
472 1412 629 1477 inmundis
660 1419 690 1478 et
720 1414 854 1480 cruentis
888 1414 985 1498 geniti
1009 1421 1101 1498 atque
1123 1414 1187 1479 uati
1211 1420 1287 1479 tam·
1317 1444 1342 1481 ro
1423 1443 1428 1449 ·

143 1534 239 1599 quarn
269 1514 345 1597 pulli
375 1536 536 1581 cornorum
567 1517 660 1582 deum
691 1516 870 1583 inuocamus
894 1518 1060 1603 agnitione,
1085 1518 1289 1596 confessione,

142 1618 309 1685 famulatu:
345 1628 378 1685 ut
411 1641 450 1686 ex
482 1620 628 1687 iumentis
663 1631 694 1688 et
727 1622 891 1705 pecoribus
929 1642 985 1704 per
1017 1623 1208 1707 agnitionem
1238 1622 1288 1687 dei

143 1721 287 1789 homines
318 1722 428 1803 effecti,
458 1724 585 1790 rationis
615 1726 733 1792 scilicet
761 1726 928 1808 participes
952 1747 990 1792 er
1012 1727 1140 1791 rationis
1161 1726 1289 1811 ignaris,

143 1827 257 1911 quibus
287 1827 398 1895 cotidie
420 1851 439 1894 a
461 1832 520 1896 deo
542 1830 731 1911 producente
761 1830 793 1895 in
824 1831 984 1911 prophetis
1007 1830 1155 1896 doctrinae
1178 1831 1290 1911 praedi·

142 1932 298 1997 astionem
329 1938 490 2018 tamquam
514 1935 545 1998 in
569 1934 725 2001 montibus
748 1935 864 2000 laenum
896 1935 957 2000 cibi
981 1935 1111 2001 calestia
1133 1937 1289 2017 prabetur
1316 1964 1342 2000 o

141 2033 297 2101 alimonia.

190 2140 240 2205 13.
263 2140 306 2206 Ut
328 2148 431 2209 autem
454 2144 557 2207 omnia
580 2142 657 2219 nac,
681 2164 750 2227 qum
767 2142 932 2229 allegorice
952 2152 1195 2209 commemorata
1209 2149 1289 2220 sunt,

143 2245 177 2310 iu
193 2244 367 2325 proiectum
384 2245 527 2313 humana
544 2246 652 2313 salutis
667 2248 735 2332 geri
751 2246 1015 2333 intellegerentur,
1039 2246 1194 2330 psalmum
1217 2266 1289 2313 con·

143 2345 283 2416 elusione
317 2349 487 2417 confirmat.
534 2351 577 2417 ita
610 2351 692 2417 enim
726 2352 784 2418 ait:
819 2372 896 2418 uon
930 2352 967 2416 in
1002 2351 1162 2418 uiribus
1197 2353 1289 2436 equi

144 2450 400 2519 uoluntatem
431 2454 563 2535 habet,
594 2475 665 2521 nec
699 2456 738 2520 iu
761 2454 1047 2523 tabernaculis
1071 2457 1150 2521 uiri
1172 2457 1288 2521 bene
1316 2487 1342 2523 ao

143 2556 341 2639 placitum
365 2559 494 2625 estei.
541 2558 846 2641 beneplacitum
879 2566 939 2627 est
974 2560 1135 2626 domino
1161 2580 1289 2642 ,super

145 2662 341 2727 timentes
366 2683 452 2729 eum
475 2669 512 2729 et
534 2664 572 2728 in
596 2684 739 2741 omnes,
756 2664 824 2747 qui
847 2671 1018 2746 sperent
1037 2665 1290 2747 supermise-

143 2766 367 2831 ricordiam
401 2768 495 2833 eius.
541 2760 696 2833 contraria
729 2768 790 2834 sibi
824 2769 884 2833 ista
916 2774 996 2847 sunt,
1031 2769 1057 2834 si
1088 2768 1290 2853 corporaliter

144 2868 372 2954 intellegantur.
418 2872 572 2955 quomodo
607 2872 691 2937 enim
725 2872 803 2937 deus
836 2872 981 2938 iumentis
1011 2872 1127 2939 fanum
1149 2874 1290 2955 producit

144 2974 177 3037 in
201 2974 366 3058 montibus,
390 2976 437 3041 cui
461 2995 522 3040 nou
545 2982 593 3042 est
616 2976 843 3058 beneplacitum
873 2977 906 3041 in
939 2977 1052 3061 equis?
1094 2979 1289 3045 necessitatis
1317 3006 1343 3044 aa

144 3096 279 3162 namque
302 3079 516 3157 ministerium,
546 3099 606 3145 non
638 3081 841 3162 prouidentiae
875 3082 1053 3167 benignitas
1077 3092 1124 3147 est
1145 3081 1290 3148 alimonia

142 3182 283 3263 praebere
306 3202 367 3247 non
399 3184 530 3265 placitis.
575 3184 631 3249 sed
654 3185 726 3269 quia
749 3186 851 3252 omnis
875 3185 924 3251 dei
947 3186 1160 3251 misericordia
1183 3206 1290 3252 curam

142 3284 239 3352 habet
273 3284 415 3353 humana
450 3288 565 3367 salutis,
600 3288 766 3375 allegorice
801 3290 940 3370 superius
971 3290 1053 3355 dicta
1083 3289 1288 3356 conclusionis

185 3497 301 3549 flauam
319 3492 374 3563 (em
392 3499 419 3551 ia
437 3496 501 3563 roa.)
520 3499 546 3552 R
597 3497 687 3586 haliae
706 3498 733 3551 R
786 3497 999 3566 rimpiicaimao
1014 3499 1040 3552 R
1092 3498 1288 3553 deuersaretur

142 3599 169 3653 R
187 3599 377 3654 diuersaretur
406 3602 433 3653 Ε
492 3603 509 3655 6
535 3601 674 3657 delectata
700 3606 742 3656 est
761 3603 787 3655 R
849 3605 883 3656 10
906 3600 1042 3669 adqueG
1103 3604 1136 3657 18
1162 3601 1289 3656 homines

143 3687 169 3740 G
197 3685 322 3741 homines
353 3706 383 3741 cc
411 3688 531 3742 hominis
561 3708 593 3743 ra.
624 3690 638 3741 l
665 3690 691 3743 R
743 3688 848 3757 ignaris
877 3688 903 3739 G
929 3688 1035 3757 ignaris
1064 3706 1094 3743 ca
1124 3689 1236 3759 ignarus
1266 3689 1292 3742 R

141 3773 448 3841 repastinationem
512 3776 543 3829 17
563 3775 729 3844 allegoricae
750 3776 802 3829 GR
865 3777 898 3831 18
915 3776 1054 3844 psalmum
1076 3776 1101 3828 G
1118 3775 1219 3845 psalmi
1237 3776 1292 3829 RE

143 3862 176 3913 19
204 3861 268 3928 equi
282 3861 322 3914 ·G
339 3862 421 3929 aequi
439 3862 465 3915 R
518 3864 553 3917 20
572 3862 656 3917 habet
677 3862 716 3916 Ge
733 3862 847 3917 habebit
864 3863 906 3916 Rb
958 3863 993 3917 22
1011 3868 1041 3917 et
1057 3862 1087 3916 iu
1105 3879 1201 3917 omnes
1222 3862 1289 3916 GRb

665 3959 687 3988 m

140 4004 171 4053 et
194 4016 320 4054 omnese
372 4017 456 4070 super
479 4001 670 4056 misericordia
705 4002 730 4055 G
754 4019 838 4071 snper
854 4000 1046 4056 misericordia
1073 4002 1102 4054 E
1126 4003 1156 4056 in
1182 4002 1290 4056 miseri-

139 4086 238 4140 cordia
256 4086 282 4139 R
334 4088 368 4140 23
396 4087 450 4142 sibi
476 4088 531 4143 ista
551 4089 603 4142 GR
620 4088 676 4143 ista
702 4089 755 4143 sibi
774 4090 803 4142 E
853 4089 887 4142 25
910 4089 940 4142 in
959 4088 1038 4157 equis
1058 4090 1083 4143 G
1101 4088 1130 4142 in
1149 4089 1245 4156 aequis
1263 4088 1289 4141 R

139 4174 176 4228 26
194 4172 365 4227 alimoniaG
384 4172 432 4242 (cf.
451 4176 482 4228 da
491 4175 587 4244 sonna
606 4174 767 4229 alimonium
783 4178 855 4246 plar.
874 4175 1006 4229 alimonia
1025 4175 1101 4229 Klotz
1114 4176 1174 4229 dcx.
1189 4176 1212 4240 I,
1226 4174 1292 4247 289,

142 4260 259 4329 Georges
283 4260 377 4330 Wortf.
396 4258 449 4327 33)
468 4261 628 4316 alimoniam
647 4263 703 4316 RE
753 4262 789 4317 28
807 4263 973 4332 allegoricae
993 4263 1026 4316 R.
