3075 4967
311 267 375 334 240
659 271 775 325 sancti
794 271 927 325 Hilarii
946 272 1108 341 episcopi

311 458 702 543 uallesliquesccnt,
718 462 1182 544 tamquamceraasaeie
1198 463 1319 546 ignis.
1341 483 1441 543 prop·

311 570 374 628 ter
396 565 653 645 impietatem
688 564 808 630 Iacob
843 564 925 630 haec
955 567 1087 630 omnia
1117 570 1157 631 et
1178 573 1346 647 propter
1366 586 1441 648 pec

310 673 401 734 cata
439 669 578 735 domus
615 669 787 736 Israhel.
839 675 871 735 et
907 689 1047 735 rursum:
1086 679 1281 736 commota
1318 677 1376 736 cst
1408 675 1441 734 et

311 773 560 839 contremuit
582 779 699 852 terra,
723 782 762 839 et
784 773 1051 839 fundamenta
1078 775 1275 840 montium
1298 780 1441 840 contur-

272 877 405 942 sbata
438 883 532 943 sunt
563 883 603 942 et
630 885 829 943 commota
863 885 965 955 sunt,
1000 879 1191 963 quoniam
1226 879 1357 943 iratas
1389 883 1442 942 est

311 982 371 1046 eis
394 983 499 1046 deus.
545 982 735 1048 ascendit
767 981 900 1047 tumus
935 981 981 1047 ab
1015 983 1076 1047 ira
1109 983 1202 1062 eius,
1237 989 1274 1049 et
1303 983 1443 1067 iguisa

310 1084 418 1151 facie
440 1086 528 1152 eius
551 1089 803 1165 exardescet,
827 1093 865 1152 et
887 1073 1086 1153 carbones
1109 1087 1276 1154 accensi
1292 1092 1383 1152 sunt
1401 1086 1440 1150 ab

311 1210 361 1255 eo.
408 1195 447 1255 et
479 1190 699 1256 inclinauit
733 1190 889 1257 caelum
920 1197 957 1257 ct
988 1193 1214 1262 descendit.
1249 1201 1286 1257 et
1319 1190 1443 1275 caligo

310 1294 380 1359 sub
403 1295 576 1375 pedibus
599 1297 695 1361 eius.
735 1295 814 1361 etin
830 1296 1090 1380 consequentibus
1106 1302 1170 1361 est:
1196 1296 1311 1362 misit
1331 1295 1444 1380 sagit

312 1404 372 1463 tas
397 1403 435 1463 et
457 1399 684 1480 dissipauit
706 1419 789 1480 e0s;
824 1405 863 1465 et
893 1399 1059 1484 fulgura
1092 1400 1390 1482 multiplieauit
1409 1405 1446 1464 ct

311 1503 574 1568 conturbauit
604 1523 679 1570 eos.
725 1505 810 1569 etin
833 1503 893 1582 his,
917 1510 1067 1588 quantum
1089 1504 1179 1570 lectio
1203 1506 1301 1584 docet,
1324 1504 1444 1570 descon-

310 1608 430 1672 sionem
453 1606 570 1703 domini
595 1609 634 1673 de
655 1606 732 1673 caelo
755 1628 812 1690 per
833 1607 1017 1690 prophetam
1040 1609 1167 1690 spiritus
1190 1615 1317 1674 sanctus
1350 1615 1445 1672 osten·

311 1711 364 1785 dit,
399 1696 514 1776 metum
551 1719 651 1791 terrae,
688 1713 839 1778 montium
878 1713 1124 1794 trepidationem,
1162 1711 1202 1778 ob
1232 1713 1272 1788 id,
1303 1713 1373 1797 qnia
1400 1711 1446 1776 his

312 1816 454 1881 dominus
484 1816 579 1881 iratus
613 1817 661 1894 sit,
691 1816 776 1882 fumo
807 1819 847 1882 dc
877 1817 924 1882 ire
961 1819 1027 1884 eius
1057 1824 1170 1892 exorto,
1203 1818 1278 1897 igne
1308 1817 1447 1896 deinceps

311 1921 350 1985 de
373 1927 541 2000 conspectu
557 1920 622 1986 eius
637 1922 845 1986 accendendo.
890 1921 923 1985 in
945 1921 1041 2004 sumo,
1066 1923 1118 2005 qui
1137 1921 1285 2000 ascendit,
1309 1919 1447 2002 praetcriti

311 2025 461 2106 temporis
476 2044 527 2090 res
551 2031 614 2104 est;
636 2027 669 2090 in
691 2026 765 2109 igne
788 2031 890 2090 autem
921 2026 1118 2091 accendendo
1148 2026 1241 2090 sutnri
1271 2023 1449 2110 significatio

310 2130 491 2194 continetur.
536 2128 658 2206 dehinc,
681 2148 721 2195 ne
748 2131 915 2213 quicquam
932 2131 971 2196 de
995 2138 1103 2195 natura
1126 2130 1231 2196 hebeti
1255 2135 1286 2195 et
1299 2127 1445 2194 immobili

310 2233 427 2297 dictum
451 2233 687 2311 existimaretur,
710 2233 767 2298 hoa
802 2239 923 2299 montes
946 2235 1067 2317 sagittae
1091 2235 1195 2300 missae
1219 2235 1400 2318 dispergunt
1421 2239 1449 2297 et

310 2335 433 2420 fulgura
455 2335 657 2418 multiplicata
678 2338 872 2402 conturbant.

258 2467 263 2476 ·
355 2443 383 2505 9.
407 2439 444 2504 In
468 2439 527 2505 hoc
549 2442 643 2524 igitur
672 2443 823 2506 montium
854 2442 980 2507 nomiae
1011 2443 1294 2521 supereminentem
1327 2461 1446 2506 omnem

309 2549 495 2626 potestatem
516 2543 656 2628 intellegi
679 2551 806 2627 oportet,
824 2565 892 2630 quae
916 2565 950 2611 se
973 2551 1080 2612 contra
1096 2546 1189 2611 deum
1205 2545 1347 2612 exaltans
1362 2553 1448 2629 atquc

310 2647 441 2714 efferens
474 2648 528 2713 irae
560 2649 611 2714 dei
645 2649 790 2715 subdidit.
836 2650 1030 2716 descendens
1069 2651 1165 2734 igitur
1202 2651 1279 2715 deus
1314 2650 1449 2716 uerbum.

309 2754 509 2832 adsumptum
541 2753 602 2818 sibi
634 2752 796 2819 hominem
829 2755 966 2836 potantia
999 2756 1175 2836 accingens,
1212 2756 1350 2836 primum
1385 2753 1449 2818 haec

353 2929 371 2981 3
389 2927 431 2981 Ps.
450 2927 535 2996 XVII,
553 2932 570 2982 8
588 2945 648 2996 sqq.
684 2927 790 2983 91bid.
811 2930 851 2981 15.

354 3065 458 3119 lfaoie
482 3084 512 3119 cx
534 3065 623 3119 faciae
642 3066 668 3119 R
719 3066 823 3120 Rheeo
850 3067 995 3120 omnia-
1014 3066 1119 3120 Israhel
1147 3084 1196 3120 om.
1221 3067 1248 3120 V
1296 3073 1326 3122 et
1344 3071 1452 3136 propter

254 3167 257 3172 ·
310 3153 363 3206 ΒΡ
387 3150 435 3220 (cf.
455 3154 574 3206 Sabatia
591 3154 646 3222 III,
665 3153 730 3220 943,
748 3154 793 3204 καὶ
811 3146 846 3206 δι’
866 3153 957 3220 LXX)
976 3159 1091 3223 propter
1109 3155 1137 3207 Ε
1188 3157 1364 3209 Βοοωπιοια
1386 3154 1409 3206 V
1424 3161 1451 3204 at

309 3244 448 3294 commota
466 3240 545 3293 RPE
595 3243 612 3293 4
630 3242 800 3295 contremuit
824 3242 859 3295 l'e
876 3240 1022 3296 intremuIt
1040 3241 1108 3294 RPb
1160 3243 1177 3295 ὅ
1195 3241 1283 3295 iratus
1301 3245 1347 3296 est
1364 3240 1402 3294 eis
1418 3239 1450 3292 ds

316 3328 341 3381 l'
354 3325 400 3396 (cf.
419 3329 539 3381 Sabatr'cr
555 3327 595 3396 ΙΙ,
612 3326 660 3393 33,
688 3328 808 3396 ὠργίσθη
827 3329 919 3384 αὐτοῖς
943 3327 1043 3384 testis
1062 3327 1153 3396 LXX)
1181 3328 1269 3381 iratus
1288 3327 1333 3380 his
1360 3325 1450 3380 darn

308 3415 396 3468 iratus
415 3419 456 3468 est
474 3414 516 3468 his
536 3415 589 3467 PE
637 3415 768 3470 dabira
793 3416 868 3470 VPE
884 3415 914 3468 in
933 3416 975 3468 ira
992 3416 1018 3468 R
1071 3414 1268 3468 ‘lexardescet
1284 3415 1362 3468 VPE
1376 3429 1450 3468 exau
1521 3467 1522 3470 ,

253 3554 256 3558 ⁴
309 3501 398 3557 deecit
415 3503 441 3555 R
493 3507 522 3556 ct
549 3503 682 3556 carbones
706 3503 731 3554 V
754 3501 887 3557 carbones
912 3501 992 3554 RPE
1042 3502 1150 3556 accensi
1180 3501 1269 3555 VRPb
1296 3501 1451 3556 succensio
1521 3489 1522 3494 ¹

308 3591 372 3643 Set
389 3588 536 3642 inclinauit
560 3590 585 3642 V
599 3588 748 3643 inclinauit
764 3589 845 3643 RPE
895 3592 974 3642 9est
992 3607 1057 3641 cros.
1071 3589 1184 3642 Rome
1233 3587 1352 3657 sagittas
1367 3589 1391 3642 V
1406 3585 1450 3653 (cs.

310 3673 352 3728 Ps.
373 3675 494 3728 CXLIII
508 3693 565 3746 cap.
584 3675 602 3728 9
621 3677 741 3729 Sabutier
759 3676 797 3740 II,
816 3673 856 3729 33
873 3677 943 3740 adn,
969 3678 1031 3742 βέλη
1051 3673 1141 3741 LXX)
1161 3675 1277 3742 sagittas
1296 3691 1360 3728 suas
1379 3673 1453 3728 RPE

310 3765 343 3815 10
360 3762 508 3831 dissipauIt
526 3763 551 3815 R
569 3762 712 3832 dissiparit
730 3783 760 3816 cc
777 3763 957 3832 dissipaucrit
972 3763 996 3816 Γ
1011 3761 1142 3831 dispersit
1159 3761 1213 3814 PE
1265 3764 1298 3816 ta
1316 3766 1422 3816 motum
1439 3777 1451 3814 e

309 3849 375 3917 qnia
393 3848 421 3915 (a
438 3851 466 3902 in
483 3867 537 3903 ras.
555 3868 588 3902 m.
608 3852 638 3916 l)
656 3852 682 3903 R
735 3854 768 3905 17
787 3851 927 3919 neqniqnd
946 3850 971 3902 P
1020 3849 1116 3904 hebeti
1134 3867 1164 3902 η
1181 3847 1270 3903 habiti
1280 3846 1450 3902 commlR

309 3936 400 3990 aebeti
428 3936 454 3988 P
504 3940 539 3992 20
556 3937 586 3990 iu
612 3956 660 3990 om.
688 3937 729 3990 Pe
787 3937 1088 3991 montiumznominc
1112 3936 1139 3990 R
1200 3937 1449 4005 supereminentem

309 4027 391 4076 omne
408 4027 575 4092 potestatem
598 4024 628 4077 in
652 4025 747 4094 tellegi
776 4023 819 4088 (in
838 4027 865 4078 in
883 4043 965 4095 rrscry.
984 4026 1044 4078 cdd.
1063 4043 1095 4078 m.
1114 4021 1147 4089 3)
1166 4022 1193 4076 R
1211 4039 1324 4076 omnem
1342 4037 1448 4092 supere·

309 4109 462 4163 minentem
470 4110 605 4166 uirtutem
620 4111 747 4180 intellegi
763 4112 817 4164 PE
829 4128 940 4165 omnem
953 4111 1060 4165 scilicet
1076 4109 1310 4178 supereminetenr
1320 4110 1449 4164 uirtutem

311 4247 336 4300 V
389 4251 423 4303 21
442 4250 567 4304 exaltans
586 4268 616 4303 ce
634 4251 761 4305 exultans
777 4251 803 4304 R
838 4198 1021 4306 annominem
1040 4247 1299 4318 potentiazstras.
1318 4249 1361 4314 m)
1381 4249 1412 4302 R.
