3075 4967
367 287 547 338 tractatus
567 283 601 335 in
620 282 793 350 psalmum
812 281 972 335 CXXXVII.
1177 282 1240 347 735

98 483 122 540 et
146 474 206 541 hoc
228 476 271 539 ita
301 493 377 552 esse,
412 493 450 539 ax
483 471 673 558 euangelicis
706 473 798 538 dictis
831 479 1009 554 promptum
1034 479 1081 538 θεῖ
1102 491 1241 539 noscere.

97 599 166 644 nom
190 599 261 645 cum
286 579 328 644 ait
361 578 521 643 dominus:
555 577 762 644 confiteor
798 576 885 654 tibi,
920 583 1045 657 pater,
1079 576 1242 642 domine

97 682 183 748 omli
206 690 244 748 et
266 690 395 760 terre,
419 683 514 766 quia
535 679 799 747 abscondisti
829 680 911 746 haec
934 702 952 745 a
974 682 1241 762 sapientibus

96 796 130 852 et
164 785 437 868 prudentibus
472 785 611 852 saculi
657 791 695 850 et
727 785 928 851 reuelasti
962 805 1007 850 ea
1044 785 1240 866 paruulis,

96 890 217 956 laudem
251 891 302 956 dai
335 892 432 973 patris
466 891 505 956 ob
539 889 675 956 reuelato
709 890 854 970 paruulis,
877 909 946 973 qua
968 889 1112 975 ignorata
1135 897 1242 956 essent
1281 915 1294 950 a

96 995 305 1075 prudentibus,
333 995 504 1072 confitetur,
535 994 655 1060 docens·
679 994 747 1060 ideo
778 994 931 1060 absconsa
952 1013 990 1059 ee
1013 1012 1083 1060 esse
1106 993 1164 1070 his,
1188 995 1241 1077 qui

95 1099 261 1180 prudentes
283 1100 472 1176 uiderentur,
503 1098 575 1182 quia
604 1117 666 1162 non
696 1097 869 1163 seeundum
896 1097 1105 1164 innocentiam
1128 1118 1242 1179 paruu-

96 1201 194 1268 lorum
217 1203 381 1284 proneptis
405 1202 593 1287 euangelicis
610 1202 823 1283 credidissent
868 1207 900 1267 at
921 1221 1005 1280 nero,
1024 1202 1078 1267 ubi
1092 1201 1124 1267 in
1140 1202 1241 1268 isdem

94 1307 403 1392 euangeliisdioiiur:
434 1313 471 1372 et
493 1307 814 1388 baptizabantur
835 1326 973 1371 omnes
998 1306 1036 1372 in
1065 1305 1241 1372 Iordane

95 1409 349 1477 confitentes
379 1417 551 1492 peecata
581 1431 658 1487 sua,
681 1409 743 1477 illic
768 1408 920 1476 confessio
943 1418 1143 1491 peccatorum
1174 1411 1241 1477 siue
1268 1434 1293 1471 lo

94 1515 295 1600 ambiguitate
317 1515 553 1600 significationis
576 1514 701 1582 alterius
724 1515 908 1581 continetur.

136 1621 165 1684 2.
192 1619 329 1686 Maxima
352 1626 457 1686 autem
480 1625 511 1686 et
533 1619 697 1685 utilissima
724 1625 773 1684 est
794 1617 932 1684 letalium
954 1619 1099 1686 uitiorum
1121 1619 1240 1685 morbis

93 1724 123 1786 in
146 1743 258 1788 eorum
281 1723 475 1790 consessione
504 1723 665 1790 medicina.
711 1725 767 1788 sed
789 1723 942 1789 confessio
966 1724 1087 1804 peccati
1108 1743 1171 1788 non
1194 1729 1242 1789 est

95 1833 254 1912 tamquam
277 1847 381 1893 rernm
404 1828 473 1894 aliis
496 1829 706 1912 ignoratarum
730 1827 892 1908 professio,
915 1834 951 1892 ut
973 1829 1000 1893 si
1023 1828 1072 1893 fur
1094 1827 1239 1907 desorto,

94 1937 144 1997 aut
168 1931 326 1998 homicida
348 1934 387 1999 de
410 1934 496 2000 cade
518 1933 726 2017 interrogatus
750 1932 926 2012 confitetnr;
957 1952 1058 2015 neque
1080 1939 1240 2015 tamquam
1268 1953 1294 1989 o

93 2036 250 2120 ignorans,
274 2038 328 2120 qui
350 2045 492 2102 scrutans
522 2037 616 2102 corda
644 2045 676 2102 et
704 2057 796 2102 renes
819 2038 895 2102 daus
919 2043 974 2116 est,
1004 2039 1045 2102 ad
1079 2037 1240 2102 scientiam

92 2141 139 2204 sui
163 2141 359 2206 consessione
383 2147 435 2206 tua
455 2141 583 2226 indiget
607 2141 656 2206 oui
678 2147 858 2222 promptum
880 2148 1002 2207 estnon
1020 2142 1161 2224 cogitatu,
1185 2142 1240 2207 sed

93 2245 257 2329 cogitanda
290 2247 475 2328 perspicere.
521 2245 674 2311 consessio
705 2251 810 2311 autam
839 2248 959 2326 peccati
989 2267 1026 2312 aa
1055 2253 1111 2324 est,
1144 2255 1177 2312 nt
1199 2246 1240 2324 id,

93 2350 177 2432 qnod
201 2369 218 2412 a
242 2355 271 2414 te
294 2355 418 2434 gestum
443 2356 497 2428 est,
521 2369 576 2430 per
599 2351 812 2434 cognitionem
834 2351 953 2430 peceati
973 2350 1148 2416 confitearis
1170 2369 1241 2416 esse

92 2459 264 2534 peecatum.
309 2473 401 2519 nemo
425 2454 517 2534 enim,
541 2455 624 2537 qnod
648 2455 722 2538 egit,
745 2455 785 2519 ad
808 2454 840 2518 id
864 2455 1020 2538 agendum
1044 2475 1105 2519 non
1128 2462 1180 2521 aut
1203 2477 1240 2520 ex
1267 2476 1293 2514 oo

90 2556 191 2623 fructu
221 2556 435 2624 oblectationis
469 2557 598 2624 alicuius
629 2567 681 2623 aut
712 2558 827 2624 iudicio
857 2559 946 2623 bona
975 2559 1008 2623 in
1031 2558 1067 2624 eu
1090 2559 1241 2640 opinionis

91 2663 284 2746 adgreditur,
308 2664 385 2728 dnm
407 2669 461 2728 unt
482 2669 601 2728 rectum
627 2663 659 2728 id
683 2669 769 2744 putat
792 2669 845 2728 aut
860 2682 897 2728 eo
916 2663 1043 2746 gaudet.
1090 2663 1146 2730 sed
1169 2683 1241 2729 cum

91 2785 148 2848 per
171 2766 344 2832 doctrinam
368 2766 418 2830 dei
453 2767 578 2850 uerique
608 2767 759 2833 rationem
790 2787 836 2843 aa,
867 2787 936 2851 qnae
967 2769 1025 2833 snb
1058 2768 1160 2849 specie
1190 2775 1242 2833 aut

90 2869 232 2936 utilitatis
255 2875 308 2935 aut
323 2870 490 2952 uoluptatis
506 2871 577 2954 egit,
600 2869 755 2955 intellegit
770 2891 841 2937 asse
857 2879 1029 2952 peccatum,
1052 2892 1109 2954 per
1124 2875 1241 2954 peccati

89 2973 337 3059 intellegentiam
367 2981 530 3067 peecatum
560 2975 592 3040 id
615 2995 693 3054 esse,
725 2978 811 3060 quod
833 2997 851 3042 a
877 2997 911 3043 εθ
933 2983 1057 3060 gestum
1081 2984 1137 3055 est,
1168 2997 1240 3043 oon·
1267 2995 1293 3032 u

89 3075 204 3143 litetur.

135 3184 166 3246 3.
188 3181 300 3250 Nullus
323 3189 433 3250 autem.
458 3185 540 3268 qnod
562 3192 722 3266 peccaturm
747 3205 817 3252 esse
840 3186 1003 3252 consessus
1019 3192 1076 3260 est,
1094 3187 1241 3269 deinceps

90 3305 164 3350 cum
186 3287 277 3354 uenia
300 3287 450 3366 admittet,
474 3289 545 3372 quia
574 3289 693 3370 peccati
716 3277 876 3356 'confessio'
907 3290 1060 3370 professio
1090 3296 1137 3355 est
1159 3290 1240 3356 desi·

89 3389 196 3455 nendi.
242 3398 378 3458 ceterum
401 3393 434 3457 in
457 3391 619 3458 intellectis
643 3401 675 3459 et
697 3394 848 3459 confessis
861 3413 1006 3472 manere,
1030 3394 1097 3460 haec
1122 3396 1240 3476 peceati

133 3531 152 3582 a
172 3529 269 3584 uacca.
287 3530 333 3598 m,
351 3532 394 3584 nc.
431 3531 565 3586 umecta.
584 3533 631 3598 111,
651 3535 674 3586 θ.

133 3649 374 3721 2ᾱοιιιίθθρθῖθτ
387 3653 507 3717 PTEef.
520 3655 584 3707 Aur.
597 3653 648 3723 IV,
662 3653 702 3707 82
754 3655 881 3708 beaaeR
935 3655 1243 3711 ddooensexdioensP

87 3736 232 3792 8hisdem
241 3739 335 3803 RPcs.
345 3740 420 3794 Neue
432 3741 611 3806 Formenlll,
627 3739 685 3794 201
742 3744 775 3795 le
790 3742 928 3796 oaedaell
981 3745 1014 3796 17
1030 3760 1131 3797 rueme
1182 3760 1239 3796 non

86 3823 216 3894 cogitare
235 3825 261 3879 G
278 3843 334 3880 non
362 3827 451 3883 solum
479 3828 602 3896 cogitata
620 3829 649 3880 E
700 3831 736 3884 20
753 3828 790 3882 ed
806 3828 837 3882 id
857 3829 936 3883 GRP
951 3828 980 3882 id
1007 3830 1044 3883 ad
1062 3830 1087 3882 Τ
1139 3835 1187 3884 eut
1205 3847 1241 3884 ex

85 3909 187 3964 fructu
206 3911 230 3965 G
247 3913 338 3969 audax
355 3913 449 3969 fructu
469 3915 511 3968 Pa
538 3931 573 3969 ex
601 3915 694 3970 fructu
714 3916 739 3969 R
757 3921 806 3969 ant
832 3915 927 3971 fructu
944 3917 982 3969 Tc
1032 3919 1067 3972 21
1088 3933 1120 3971 εο
1143 3935 1192 3971 om.
1213 3919 1239 3969 G

85 3999 123 4051 22
142 4003 252 4054 rectum
278 4000 308 4054 id
338 4001 391 4054 GR
417 4007 524 4056 rectum
552 4002 633 4056 PTE
683 4004 717 4056 23
736 4001 782 4056 dei
810 4020 858 4056 om.
887 4004 913 4057 R
966 4005 1001 4057 24
1018 4004 1170 4058 uoluntatis
1190 4004 1243 4056 ΗΡ

86 4083 367 4154 egitRelegitl'FE
417 4089 451 4142 27
470 4088 544 4157 quod
564 4090 589 4142 G
608 4108 638 4142 er
656 4107 703 4144 ceu
723 4090 810 4143 Ililor.
828 4090 862 4150 cs.
873 4091 1001 4143 Addendo
1010 4090 1039 4144 id
1050 4091 1122 4158 quod
1133 4090 1242 4144 RPTE

86 4171 122 4223 28
142 4187 210 4224 curn
227 4173 307 4228 uenio
325 4173 455 4229 admittet
470 4175 522 4230 GR
534 4175 618 4231 dabat
635 4177 784 4230 admittere
794 4177 874 4229 PTE
924 4179 959 4232 28
977 4177 1086 4246 peccati
1104 4177 1239 4232 confessio

88 4257 144 4310 GR
163 4259 298 4314 confessio
317 4262 424 4330 peccati
437 4262 517 4316 PTE
567 4263 687 4334 dllbaeo
700 4263 778 4316 R1⁷r
795 4279 829 4316 ex
842 4264 940 4322 Beoed.
958 4266 986 4318 ia
1003 4266 1065 4317 oda.
1080 4265 1145 4332 sorr.
1165 4275 1239 4319 recte.
