3075 4967
444 250 621 300 tractatus
645 245 675 298 in
693 247 864 313 psalmum
889 244 946 298 LV.
1205 243 1266 309 163

143 435 211 518 quod
231 435 360 514 idipsum
382 433 494 516 psalmi
517 434 578 500 fine
602 441 755 513 noscetur,
789 453 860 500 cum
894 433 986 501 huius
1019 434 1116 517 ipsius
1147 433 1266 500 intelle-

142 539 238 622 gentiae
260 544 370 604 nostroe
394 537 617 605 absolutionem
641 539 667 604 is
691 539 831 616 maxime,
865 558 927 622 quo
957 539 1068 620 psalmi
1098 538 1171 604 linis
1194 559 1267 604 con-

142 642 265 722 cluditur,
288 661 391 707 sermo
415 642 558 708 declaret.

178 818 201 881 2.
223 817 280 880 Per
303 816 369 880 hssc
394 837 478 900 ergo,
514 835 581 899 quae
616 816 868 898 superscriptioni
902 823 1014 898 prater
1047 836 1153 881 rerum
1177 824 1267 901 gesta

142 939 241 986 sonoro
273 928 349 998 sunt
385 919 537 1002 psalmum
572 921 664 986 etiam
689 941 726 985 er
748 941 880 1002 persona
910 920 1026 985 domini
1057 921 1266 1010 tractabimus²
1306 947 1319 984 ι

142 1031 310 1090 nontamen
334 1045 352 1088 a
374 1023 531 1106 prophetae
556 1024 651 1105 ipsius
668 1023 855 1090 dissidentes
872 1022 1026 1108 querellis.
1072 1044 1173 1108 noque
1196 1044 1266 1090 eum

142 1131 167 1194 in
187 1128 238 1206 his,
261 1148 327 1213 quae
350 1129 484 1210 pertulit,
519 1148 579 1194 non
603 1129 695 1195 etiarn
726 1129 919 1214 ingemuisse
942 1128 1179 1194 existimandum
1202 1136 1265 1205 cst;

142 1235 201 1317 quia
221 1234 332 1299 idcirco
356 1233 405 1298 his
427 1234 511 1316 ipsis
535 1253 603 1318 quae
627 1233 797 1314 spiritalem
821 1253 947 1298 sensum
981 1233 1132 1310 intimant,
1162 1254 1264 1299 rerum

141 1347 216 1421 gesta
236 1358 349 1405 consna
372 1343 452 1417 sunt,
476 1344 508 1402 ut
530 1358 585 1420 per
607 1337 760 1403 actionem
790 1337 947 1420 prophetes
970 1357 1080 1403 sensus
1103 1356 1139 1402 ac
1163 1357 1265 1402 sermo

141 1449 294 1508 notesceret
329 1443 506 1524 prophetias,
540 1461 612 1506 cum
646 1441 798 1524 propheta
838 1462 897 1506 non
932 1449 993 1507 tam
1027 1442 1137 1524 spiritu
1171 1460 1264 1526 quam
1293 1466 1317 1502 n

140 1547 314 1626 passionibus
338 1545 544 1628 prophetaret.
590 1547 648 1614 erit
671 1567 746 1630 ergo
769 1567 872 1612 sermo
895 1547 976 1613 inter
994 1546 1093 1611 Dauid
1116 1547 1266 1627 ipsumsi

141 1648 280 1715 hominem
303 1649 408 1716 lesum
443 1649 600 1717 Christum
638 1657 842 1732 temperatus:
880 1657 921 1728 ut,
960 1650 1031 1735 quia
1068 1649 1265 1715 infirmitates

139 1755 259 1820 omnium
282 1755 450 1837 portenarit
471 1762 502 1820 at
524 1761 718 1837 peccatomm
743 1764 918 1821 nostrorum
934 1754 1112 1839 frequenter
1135 1762 1166 1818 et
1188 1775 1264 1820 uoce

136 1858 169 1922 sit
189 1879 255 1924 usus
277 1867 308 1924 et
329 1859 475 1938 lacrimis,
510 1867 595 1925 extra
628 1860 845 1925 contumeliam
879 1860 931 1924 dei
964 1859 1005 1924 sit
1027 1867 1058 1923 et
1080 1857 1209 1924 affectus
1233 1866 1265 1924 ct

137 1981 224 2027 sermo
246 1963 298 2047 qui
321 1962 457 2028 heminis
481 1971 535 2029 est.
1293 1985 1317 2022 o

171 2135 197 2200 3.
222 2136 520 2215 misereremei,
538 2137 705 2212 domine,
723 2137 1191 2221 quoniamconculcauit
1209 2155 1265 2201 me

137 2239 249 2306 horno:
285 2246 370 2305 tota
404 2242 467 2305 die
501 2261 687 2325 pugnans
710 2241 1021 2317 tribulauitme
1053 2239 1265 2306 conculca·

135 2351 266 2411 uerunt
289 2364 347 2409 me
371 2345 531 2410 inimici
556 2346 630 2409 mei
655 2345 826 2410 totadie.
873 2345 957 2409 diem
973 2346 1151 2429 frequenter
1167 2345 1264 2429 signi-

136 2447 208 2513 ficari
230 2470 283 2530 pro
307 2457 398 2514 aetute
422 2451 631 2534 cognonimus‚
665 2457 698 2513 ut
727 2448 779 2513 ubi
804 2449 871 2514 dies
894 2454 957 2513 rore
988 2455 1043 2526 est,
1077 2447 1140 2515 illic
1174 2468 1265 2514 omne

135 2553 194 2616 uites
216 2561 335 2636 ternpus
359 2565 515 2619 ostensum
540 2555 588 2618 sit.
635 2554 838 2638 nequeenim
862 2553 911 2619 uel
928 2553 1029 2618 Dauid
1051 2553 1099 2618 uel
1123 2553 1265 2619 dominus
1293 2573 1318 2610 eo

135 2657 211 2722 unius
233 2665 352 2723 tantum
375 2659 436 2723 diei
459 2659 659 2724 insectatione
681 2665 809 2724 uexatus
832 2665 888 2722 est.
935 2657 992 2723 sed
1014 2659 1066 2742 qui
1090 2657 1264 2722 misericor·

136 2761 205 2826 diurn
228 2763 276 2827 dei
300 2762 434 2844 postulat
455 2782 587 2847 seseque
611 2762 823 2829 conculcatum
846 2782 914 2827 esse
937 2763 1143 2846 conqueritur,
1170 2761 1266 2828 habet

136 2868 293 2932 securitatis
317 2875 348 2932 et
368 2867 489 2932 uirtutis
513 2887 575 2932 suae
599 2888 693 2946 arma,
718 2867 828 2951 quibus
852 2886 911 2930 non
936 2865 1035 2932 solnm
1050 2866 1265 2941 terrenaodia‚

136 2971 182 3033 sed
204 2977 233 3035 et
254 2970 435 3054 spiritalium
460 2971 664 3056 nequitiarum
689 2970 768 3038 bella
799 2977 958 3049 sustentat,
993 2973 1158 3036 aduersum
1189 2991 1265 3054 ques

138 3074 223 3152 potius
253 3095 343 3159 quarn
379 3076 544 3141 aduersum
577 3095 700 3141 curnem
732 3083 763 3141 et
794 3075 978 3160 sanguinem
1007 3094 1143 3158 pugnam
1175 3074 1264 3138 nobis
1293 3089 1318 3126 ²⁶

137 3179 274 3257 apostolus
309 3181 400 3246 doust
434 3200 511 3245 esse.
551 3181 737 3246 ministeriis
772 3181 854 3245 enim
889 3181 1053 3262 impiorum
1078 3185 1202 3244 utuntur
1225 3181 1265 3244 ed

137 3284 296 3349 uexationes
320 3283 594 3369 tribulationesque
617 3293 801 3363 sanctorum,
824 3305 895 3350 cum
919 3303 1023 3349 eorum
1056 3285 1148 3348 corda
1170 3303 1265 3364 pene·

138 3393 240 3453 tractes
262 3389 292 3452 in
315 3409 441 3453 omnem
465 3409 516 3454 eos
539 3390 686 3473 impetum
712 3389 895 3455 turbulente
918 3389 1031 3454 mentis
1053 3389 1211 3472 instigent.

171 3669 249 3735 iper
274 3669 343 3722 huso
370 3674 445 3722 certe
464 3669 526 3722 Vre
579 3685 672 3722 rerum
699 3685 803 3737 genera
822 3668 858 3720 Pe
911 3669 1052 3721 dcoficxa
1072 3668 1096 3718 'l'
1147 3665 1263 3719 ddissi·

135 3750 245 3808 dentisld
296 3759 312 3809 7
332 3773 387 3808 non
401 3755 484 3809 stium
496 3772 551 3807 non
564 3755 700 3824 gemuisse
713 3755 824 3807 lanon
838 3754 921 3808 etium
933 3753 1071 3822 gemuisse
1084 3752 1223 3821 (genmsse
1233 3753 1263 3818 α)

136 3889 158 3942 Ε
201 3840 267 3947 etis
293 3913 360 3948 corr.
388 3913 421 3946 m.
451 3894 465 3946 l
493 3895 518 3947 R
582 3897 612 3948 ll
632 3893 806 3962 prophetarit
835 3893 912 3945 Vre:
974 3895 1006 3946 13
1034 3892 1158 3990 portauit
1186 3892 1266 3945 RPs'

138 4048 163 4098 19
179 4051 363 4118 cognoscimus
375 4051 436 4104 Vre
489 4050 609 4104 etubill
663 4053 696 4101 22
715 4050 1016 4118 esseconquueriturll
1040 4005 1066 4035 ω
1095 4005 1139 4116 0d3
1159 4049 1231 4102 ritur
1240 4050 1266 4102 1’

135 4135 164 4186 ur
179 4137 223 4190 red
247 4138 415 4206 spiritalium
445 4139 468 4190 R
537 4141 571 4192 26
589 4137 722 4191 aduersus
751 4137 912 4191 uexationes
941 4135 1035 4188 RPTc
1109 4137 1147 4208 27⁴
1163 4152 1263 4204 paene-

136 4226 226 4277 trsntes
244 4225 269 4278 R
285 4225 458 4294 penitrsntes
478 4225 502 4277 T
554 4227 588 4278 28
606 4224 636 4278 in
655 4223 729 4278 omni
748 4241 794 4278 eos
813 4223 920 4292 impetu
938 4225 963 4276 R
1015 4228 1122 4276 mentes
1141 4224 1173 4275 R.

1060 4329 1109 4382 11*
