3075 4967
289 280 351 345 798
626 282 742 333 sancti
767 279 902 333 Hilarii
926 280 1090 349 episcopi

288 471 547 551 operantium
581 470 858 553 iniquitatem.
914 469 1025 534 intenti
1064 469 1222 551 prophetae
1260 472 1301 535 ad
1338 472 1434 537 deum

287 574 367 641 oculi
389 594 450 639 non
475 574 679 639 deflectuntur
702 574 734 638 iu
756 574 878 657 aliquae
908 572 1136 652 superfluarum
1167 594 1272 639 rerum
1300 576 1434 639 adrnira-

291 679 397 757 tiones
432 698 492 742 non
526 679 566 743 ad
601 678 818 743 contumeliam
854 677 1009 758 pudicitie
1044 677 1192 744 honestes
1225 677 1433 743 humanorum

287 802 448 863 corporum
472 782 592 862 speeies
627 787 818 860 contuentur,
852 800 915 846 non
951 782 1113 861 capiuntur
1145 789 1198 847 aut
1226 783 1433 863 pretiosarum

249 912 262 951 e
287 887 422 953 uestium
445 906 547 967 opere,
570 891 623 951 eut
646 885 758 951 blando
782 886 902 969 argenti
937 886 1042 961 nitore,
1076 891 1129 950 aut
1158 885 1352 952 inlecebroso
1375 886 1433 951 ful·

287 1010 362 1075 gere
385 991 459 1068 auri,
483 996 533 1054 aut
556 991 640 1055 inani
663 989 781 1054 honore
804 1008 1011 1073 gemmarum,
1035 996 1089 1053 ant
1110 988 1241 1055 factioso
1263 990 1432 1070 spectaculi

288 1094 448 1159 theatralis
486 1095 669 1173 certamine,
714 1100 765 1158 aut
811 1094 975 1159 ambitiosa
1012 1099 1200 1173 potestatum
1237 1094 1432 1160 secularium

287 1219 411 1279 pompa,
441 1199 551 1263 sedin
575 1199 680 1262 omnia
709 1196 878 1282 magnifiee
908 1197 957 1263 dei
988 1217 1091 1278 opera,
1122 1198 1163 1263 ed
1192 1198 1431 1264 admirationem

287 1302 362 1381 eius,
386 1304 438 1386 qui
461 1324 497 1368 ea
520 1309 569 1369 est
591 1307 743 1383 operatus,
778 1302 952 1367 intendunt.
997 1322 1099 1385 neque
1123 1301 1223 1367 solum
1246 1303 1353 1380 oculis,
1375 1304 1432 1368 sed

236 1430 261 1467 ιο
288 1406 382 1472 etiam
412 1413 518 1471 mente
546 1426 671 1489 semper
700 1406 839 1471 intentus
872 1411 921 1470 est
954 1406 1077 1471 dicens:
1113 1407 1151 1470 in
1185 1414 1223 1471 te
1257 1408 1431 1488 speraui,

288 1531 364 1575 non
387 1510 552 1575 auferas
576 1510 749 1574 animam
772 1529 907 1575 meam.
954 1509 1066 1574 ablatio
1090 1510 1203 1575 animae
1225 1530 1288 1574 non
1308 1510 1431 1575 abolitio

288 1615 352 1680 eius
376 1620 437 1681 est:
462 1615 516 1679 sed
540 1634 610 1679 curn
634 1634 652 1677 a
675 1612 776 1695 gloria
798 1613 954 1678 constituti
974 1613 1034 1679 sibi
1051 1612 1176 1678 honoris
1191 1613 1337 1693 aufertur,
1361 1633 1429 1680 curn

287 1719 325 1783 ab
349 1719 561 1799 expectatione
584 1723 616 1783 et
639 1716 749 1783 ellectu
772 1717 839 1797 spei
861 1738 925 1783 suae
948 1716 1073 1782 decidit.

333 1823 381 1889 15.
406 1821 506 1887 Multa
536 1828 638 1886 autent
669 1822 736 1901 spei
767 1842 831 1885 suae
861 1820 998 1902 pericula
1021 1841 1082 1885 non
1104 1822 1228 1905 ignorat
1250 1842 1328 1900 esse,
1363 1841 1431 1886 eum

237 1952 263 1991 n
290 1928 346 1991 ait:
370 1927 532 1991 custodi
556 1946 614 1991 nie
638 1948 656 1990 a
679 1925 834 2009 laqueo,
857 1927 961 2009 qnod
991 1932 1228 1991 statuerunt
1257 1925 1364 2003 nini,
1394 1932 1431 1990 et

288 2051 306 2095 a
329 2030 540 2096 scandalis
564 2030 824 2110 operantium
851 2030 1130 2112 iniqui-tatem.
1176 2030 1291 2113 ubique
1320 2028 1428 2113 laquei.

287 2136 402 2218 ubique
425 2140 497 2200 eunt
519 2133 675 2212 seandala,
699 2134 833 2199 mundus
863 2134 964 2198 omnis
993 2133 1102 2213 plenus
1132 2134 1254 2199 insidiis
1287 2133 1429 2211 estsine

289 2258 343 2320 per
379 2239 551 2319 principem
590 2238 670 2303 aeris
708 2237 809 2310 huius,
846 2238 913 2302 siue
950 2258 1006 2317 per
1043 2237 1196 2318 spiritales
1232 2238 1362 2303 uirtutes
1397 2238 1427 2301 in

289 2343 469 2420 celestibus,
494 2343 559 2408 siue
574 2362 631 2424 per
649 2342 730 2408 filios
745 2341 979 2419 inobedientia,
1002 2342 1034 2406 in
1050 2342 1162 2425 quibus
1178 2342 1305 2422 spiritus
1318 2342 1427 2407 erroris

238 2469 263 2508 eo
289 2452 442 2529 operatur.
489 2446 639 2512 habemus
662 2447 744 2511 enim
774 2445 901 2530 laqueos
929 2446 960 2510 in
991 2444 1171 2511 horninibus
1200 2445 1289 2511 melae
1318 2444 1427 2509 adhor-

288 2552 418 2629 tationis,
454 2551 617 2633 periculosi
640 2550 775 2631 euempli
798 2563 828 2614 et
851 2548 960 2615 elicitae
983 2550 1184 2629 necessitatis,
1215 2569 1286 2616 cum
1312 2570 1366 2615 nos
1388 2550 1427 2612 ad

289 2655 461 2736 uoluptates
485 2653 695 2733 adhortantur,
727 2674 798 2718 cum
826 2655 858 2718 iu
889 2654 1047 2735 prosperis
1080 2653 1173 2719 rebus
1196 2654 1261 2719 suis
1283 2655 1315 2718 in
1337 2654 1426 2717 deum

288 2760 374 2839 impii
408 2766 487 2833 sunt,
522 2778 592 2824 eum
628 2778 683 2839 per
717 2757 919 2822 contumeliae
950 2764 981 2822 et
1013 2758 1140 2823 iniurias
1170 2759 1210 2821 ad
1233 2764 1350 2823 motum
1371 2775 1426 2819 uos

289 2860 472 2927 turbulentae
495 2862 659 2927 uoluntatis
682 2861 850 2946 exagitant.
896 2859 1000 2926 differt
1026 2868 1129 2926 autern
1153 2860 1280 2944 laqueus
1303 2882 1321 2924 a
1341 2878 1426 2924 sean-

238 2986 263 3025 ar
290 2966 367 3030 dele.
411 2965 538 3049 laqueus
573 2966 657 3031 enim
691 2970 738 3031 est
767 2964 941 3029 adhortatio
971 2965 1164 3046 uoluptatum
1188 2971 1219 3030 et
1241 2965 1424 3030 incentiuum

289 3070 484 3150 adpetitionis
508 3070 689 3145 inhonestae,
725 3071 807 3153 quod
831 3069 923 3135 rnodo
946 3068 1050 3153 laquei
1074 3068 1183 3134 fallens
1205 3070 1298 3149 capit.
1342 3086 1424 3132 scen

289 3174 393 3241 delum
416 3180 519 3239 autem
540 3180 586 3239 est
601 3194 677 3238 uxor
699 3173 885 3257 inreligiosa,
908 3173 991 3238 filius
1005 3174 1105 3238 inicus
1121 3180 1152 3239 et
1167 3178 1271 3239 cetera
1286 3173 1423 3249 deinceps

289 3280 372 3346 dorni
394 3280 519 3343 nomina
542 3284 572 3343 et
595 3278 697 3343 <mnis
720 3298 757 3343 ex
781 3277 912 3343 ecelesia
935 3276 1030 3342 frater
1052 3283 1105 3341 aut
1126 3277 1361 3343 contumeliosus
1375 3280 1423 3337 aut

289 3404 399 3449 auarus
424 3389 476 3448 aut
498 3383 637 3448 ebriosus
668 3388 719 3446 eut
752 3382 858 3462 turpis.
905 3381 937 3445 in
967 3380 1017 3446 his
1051 3383 1134 3446 enim
1159 3381 1249 3447 nobie
1272 3386 1320 3446 est
1340 3397 1421 3444 scen

237 3507 263 3545 eo
290 3488 404 3565 delum,
429 3488 634 3571 quotiensque
658 3488 696 3551 ad
720 3486 938 3550 necessitatem
969 3486 1133 3564 irascendi,
1164 3486 1322 3569 arguendi,
1350 3480 1421 3547 inhi-

289 3593 391 3669 bendi,
424 3591 601 3655 uindicandi
636 3610 673 3655 en
706 3588 758 3653 illa
796 3590 909 3673 quietae
943 3588 1016 3654 fidei
1048 3599 1163 3654 nostrae
1197 3586 1420 3653 mansuetudine

289 3715 500 3777 prouocemur.

335 3892 415 3946 ldnt
433 3910 462 3944 ex
480 3886 548 3945 dn‘rfr
566 3909 632 3944 corr.
658 3910 690 3943 m.
711 3891 726 3941 1
745 3891 771 3943 11
789 3890 871 3943 deum
890 3907 903 3942 e
922 3888 1098 3941 dominumb
1151 3882 1419 3957 lpreetioserumR

290 3982 306 4033 7
324 3978 450 4032 teatralis
468 3978 494 4032 11
549 3979 581 4031 ta
600 3995 663 4031 curn
687 3978 733 4030 ab·
746 3976 937 4045 expectatione
956 3976 1011 4027 RE
1026 3981 1086 4029 turn
1104 3976 1139 4029 ab
1157 3970 1417 4044 expectationem

290 4066 386 4119 Bened.
443 4068 474 4119 ts
493 4064 606 4118 effectus
635 4066 660 4117 11
687 4064 787 4117 affectu
815 4064 843 4115 E
896 4066 928 4116 15
947 4063 1022 4130 quod
1049 4064 1075 4115 R
1103 4079 1185 4129 quem
1213 4063 1241 4115 E
1290 4062 1323 4114 23
1339 4058 1375 4127 pii
1392 4054 1417 4106 R

290 4154 324 4207 27
342 4150 434 4220 inique
450 4153 475 4204 R
527 4154 562 4205 28
580 4152 658 4235 ‘¹⁰ml.
673 4148 693 4215 (i
706 4170 736 4204 ec
748 4167 763 4204 e
776 4168 842 4204 corr.
861 4168 894 4203 m.
913 4148 940 4216 1)
956 4150 982 4203 R
1034 4151 1069 4203 dl)
1087 4149 1235 4217 quotiensq
1253 4150 1279 4201 11
1294 4148 1329 4217 ‘ff-
1345 4142 1415 4197 Amet.

287 4274 315 4325 p.
334 4254 372 4309 99
390 4256 517 4323 quotiens
537 4256 564 4307 E
615 4253 759 4307 inhibendi
777 4272 825 4307 om.
844 4256 876 4307 R.
