3075 4967
270 298 333 366 230
614 300 731 354 sancti
750 297 885 352 Hilarii
903 297 1066 366 episcopi

270 491 360 575 quis
383 489 544 556 uidebit
566 491 658 555 cos?
702 495 824 570 tempus
848 487 1034 554 discernitur
1056 493 1086 552 et
1108 487 1261 553 inferendi
1277 487 1412 554 uulneris

269 601 300 662 et
323 592 441 661 consilii
464 593 587 659 firmati.
632 613 706 658 uam
729 613 798 658 curn
824 592 952 657 dicitur:
986 592 1122 656 subito
1146 592 1413 675 sagittabunt

269 699 363 765 futuri
400 698 547 781 temporis
584 717 660 780 opus
690 698 832 774 docetur;
871 715 942 761 cum
971 699 1100 760 autem:
1139 696 1416 762 firmauerunt

269 805 433 869 uerbum
457 802 561 868 melu
571 822 611 879 m,
633 802 697 867 iam
720 821 757 867 rx
781 801 936 882 praeterito
960 797 1123 865 consilium
1146 799 1277 866 firmatae
1295 801 1415 882 pridem

230 907 435 974 ruoluntotis
468 906 648 972 ostenditur.
693 925 818 987 semper
851 904 934 969 enirn
975 904 1095 970 excidia
1132 904 1282 970 aduersus
1319 903 1416 972 fidem

271 1018 384 1093 praesto
406 1017 487 1090 sunt,
518 1017 549 1076 et
571 1009 698 1076 occultis
721 1029 757 1075 ao
780 1007 959 1074 fallentibus
982 1008 1104 1074 insidiis
1126 1009 1280 1090 pestit'erae
1304 1008 1417 1075 adber-

270 1116 394 1181 tationis
416 1113 476 1180 doli
500 1114 653 1196 adiacent,
677 1133 755 1198 quos
771 1133 789 1178 a
804 1113 883 1178 raris
898 1113 1074 1197 quibusque
1090 1113 1226 1194 conspici
1243 1113 1417 1194 opinantur.

271 1225 302 1286 et
324 1220 393 1285 ideo
410 1219 524 1285 dictum
542 1225 604 1284 est:
627 1217 935 1284 absconderunt
954 1215 1126 1301 laqueos
1149 1223 1188 1282 et
1210 1217 1417 1283 dixerunt:

271 1325 362 1409 quis
399 1323 562 1389 uidebit
598 1322 688 1388 eos?
732 1322 758 1387 si
794 1322 877 1388 enim
912 1321 1075 1387 haereticus
1110 1327 1289 1402 peruertere
1323 1321 1417 1387 fidem

219 1454 245 1489 lo
272 1433 409 1510 temptet
431 1425 612 1493 incredibile
634 1432 681 1493 est
704 1427 827 1509 quantis
851 1445 921 1492 eam
946 1424 1024 1490 dolis
1040 1424 1220 1491 subuertere
1236 1428 1418 1502 contendst3

272 1534 297 1598 si
329 1551 416 1614 spem
447 1530 627 1597 aeternitatis
661 1537 775 1596 nostrae
809 1529 1011 1612 philosophus
1045 1531 1204 1614 inpugnet,
1239 1531 1352 1594 mirum
1387 1532 1417 1595 in

271 1636 399 1702 modum
421 1654 515 1700 omno
537 1637 651 1700 bonum
673 1636 837 1716 praesentis
870 1634 942 1699 uitae
976 1640 1068 1715 ponet
1101 1634 1299 1715 incorpore:
1333 1636 1419 1699 omni

274 1741 391 1826 ingenii
424 1741 471 1804 sui
505 1739 663 1804 alacritate
697 1759 744 1815 ea,
779 1740 891 1822 quibus
929 1737 1076 1803 doctrine
1107 1737 1238 1804 calestis
1268 1738 1420 1804 institutio

273 1845 378 1910 subrui
401 1844 506 1925 possit
528 1849 658 1928 uterque
681 1847 862 1908 scrutantes.

221 1972 247 2007 1⁵
318 1949 349 2014 9.
373 1948 433 2014 Sed
457 1949 532 2032 quid
555 1947 710 2014 addeum
743 1946 881 2012 humana
908 1945 1116 2028 peruersitas?
1160 1946 1234 2030 quid
1270 1947 1421 2012 aduersus

272 2051 415 2135 opificem
437 2053 540 2136 operis
562 2051 748 2136 ingenium?
791 2051 954 2135 exquirant
976 2049 1048 2116 licet
1078 2051 1220 2116 omnibus
1254 2069 1420 2134 argumen-

273 2157 396 2223 tationis
417 2176 481 2222 suae
504 2154 735 2240 quastiunoulis
765 2156 920 2222 excidium
942 2155 1090 2234 ueritatis,
1113 2153 1236 2220 deficiet
1258 2159 1364 2219 tamam
1388 2155 1421 2218 iu

273 2263 411 2328 ueritatis
434 2261 643 2327 destructione
665 2258 810 2325 falsitatis
833 2259 982 2334 adserti0;
1006 2265 1097 2344 atque
1119 2259 1189 2325 ideo
1205 2259 1420 2341 subsequitur:

274 2367 529 2451 perscrutati
545 2371 640 2430 sunt
654 2365 910 2448 iniquitates,
929 2363 1170 2429 defecerunt
1185 2368 1423 2429 scrutantes

223 2489 248 2523 20
275 2469 487 2536 scrutinio.
511 2469 642 2536 defectio
657 2469 861 2533 scrutantium
877 2467 1084 2533 defectionem
1099 2485 1298 2548 superuacua
1313 2473 1425 2531 contra
1497 2483 1501 2492 ·

275 2576 368 2639 deum
401 2572 624 2638 adhortationis
646 2573 789 2638 ostendit
835 2591 904 2656 qma
939 2572 1022 2636 enim
1057 2589 1116 2637 non
1151 2569 1426 2636 labefactabuntur

275 2679 399 2762 ingonia
421 2677 656 2742 contradictioni
685 2677 824 2742 ueritatis
854 2675 993 2741 intenta?
1037 2676 1185 2739 rimentur
1214 2675 1288 2739 licet
1317 2677 1426 2740 omnia

275 2781 461 2846 naturalium
491 2801 652 2847 causarum
687 2787 807 2846 secreta
839 2779 1055 2863 peruicacique
1088 2779 1259 2844 studiorum
1294 2797 1426 2844 suorum

275 2887 382 2970 uigore
405 2887 473 2966 ipsa
494 2884 664 2951 caelestium
688 2897 828 2952 motuum
843 2885 964 2949 interna
980 2889 1162 2964 scrutentur,
1186 2884 1216 2947 in
1232 2882 1301 2963 ipsa
1316 2891 1425 2948 tamen

224 3006 249 3043 aa
276 2990 378 3073 operis
415 2991 462 3054 sui
499 2990 665 3055 intentione
698 2989 844 3054 deficient
876 2987 1023 3053 doctrinis
1057 2987 1245 3069 spiritalibus
1287 2987 1426 3052 refutati.

277 3095 330 3178 qui
352 3093 433 3159 enim
458 3094 590 3159 fortuitis
612 3093 747 3159 motibus
778 3094 829 3178 agi
858 3093 963 3157 omnia
993 3092 1112 3170 docent,
1143 3092 1268 3156 audient
1290 3111 1310 3155 a
1333 3091 1427 3156 nobis

276 3204 400 3263 aeternae
423 3199 543 3263 uirtutis
567 3200 658 3263 deum
683 3217 744 3263 uon
767 3198 799 3261 in
823 3195 955 3262 fortuitis
978 3215 1115 3272 manere,
1144 3196 1199 3261 aed
1223 3213 1292 3259 esse
1314 3195 1425 3259 mundi

322 3340 436 3406 ltspus
455 3339 481 3390 R
533 3337 677 3392 bexoidia
704 3355 734 3390 ca
761 3336 891 3390 extendis
917 3353 949 3388 m.
975 3335 992 3387 1
1016 3335 1042 3389 R
1094 3333 1267 3404 bprestoR
1320 3333 1427 3387 ocultis

277 3423 339 3487 (ltin
358 3426 387 3477 io
403 3424 470 3490 ros.)
489 3425 517 3477 R
568 3423 698 3492 pestifere
721 3421 906 3478 adortationis
924 3422 950 3476 R
1003 3421 1130 3476 'licceat
1147 3421 1199 3473 PT
1250 3419 1428 3489 quibusquac

278 3512 304 3564 R
355 3513 505 3581 opinantur
532 3529 597 3564 cros.
619 3512 644 3563 Τ
693 3510 931 3600 8di3'3-2-tum
953 3507 1021 3574 (cio
1034 3527 1095 3576 rus„
1110 3505 1387 3579 postremarum)
1402 3507 1428 3560 R
1532 3549 1533 3552 η

277 3621 310 3670 et‘
331 3616 463 3670 dixerunt
489 3633 537 3669 om.
565 3616 591 3668 R
643 3615 799 3670 9ereticus
827 3615 853 3667 R
909 3614 958 3668 ‘12
975 3619 1038 3682 post
1068 3611 1141 3666 uitae
1171 3613 1199 3665 in
1228 3629 1281 3665 ros.
1312 3611 1374 3665 uita
1402 3611 1429 3666 R
1532 3677 1533 3680 Ἴ

279 3738 313 3790 14
330 3741 581 3790 scrutan÷÷ttes
601 3735 626 3787 Τ
680 3737 711 3789 17
730 3709 935 3803 questiunqulis
953 3737 990 3788 or'c
1007 3751 1039 3788 arr.
1059 3734 1076 3786 1
1094 3733 1121 3787 R
1181 3735 1217 3789 ilo
1234 3697 1390 3788 scrutionil'l
1403 3735 1430 3790 R

278 3820 687 3894 scrutinidl’l'ofisapr.cap.d
722 3820 1107 3890 defectionesuperuacuaeP
1138 3820 1430 3905 ssllabsfaqtgbuntur

279 3958 441 4028 (timuis
483 3961 761 4015 220mniaexomma
771 3961 830 4013 nal
837 3961 863 4013 R
907 3940 1255 4014 28studiosdmsuorumR
1289 3935 1430 4015 aotam?

279 4102 306 4152 in
324 4117 376 4152 rus.
395 4100 422 4152 R
473 4102 508 4154 26
525 4045 579 4153 rabbi
596 4099 671 4153 enirn
690 4099 717 4153 R
765 4110 826 4170 post
845 4099 946 4153 docent
964 4101 1015 4152 des.
1026 4099 1054 4168 s.
1075 4098 1110 4152 44
1127 4099 1152 4152 Τ
1169 4101 1260 4153 deinde
1276 4101 1305 4152 r'a
1323 4115 1352 4153 eo
1371 4102 1428 4154 cod

278 4187 412 4257 conplura
430 4187 591 4251 ecciderunt·
609 4203 670 4239 narn
680 4187 710 4255 f.
729 4185 766 4239 do
786 4189 861 4256 incip.
880 4203 897 4240 a
921 4187 1005 4240 uerbis
1024 4195 1052 4240 et
1076 4185 1202 4240 exultent
1221 4186 1265 4239 Ps.
1285 4184 1372 4247 LXV,
1394 4187 1429 4240 11

279 4274 314 4327 2⁷
331 4272 360 4326 in
379 4291 427 4325 om.
446 4273 472 4324 P
521 4273 648 4327 fortuitis
666 4274 700 4326 R.
