3075 4967
289 258 352 324 658
396 218 403 229 ·
628 261 747 315 sancti
770 260 905 315 Hilarii
924 260 1090 330 episcopi

287 451 320 514 in
342 448 502 535 euangelio
524 451 581 516 ait:
605 449 767 516 eleuate
790 449 930 516 oeulos
952 458 1116 516 uestros
1139 458 1177 516 et
1198 450 1408 535 conspicite

287 555 488 640 regiones,
521 555 614 639 quis
636 553 738 620 aibae
761 563 854 619 sunt
885 555 931 620 sd
963 573 1144 620 messem.
1189 554 1327 622 sisnandi
1348 573 1409 638 ergo

286 664 358 723 sunt
380 657 475 738 oeuii;
498 659 554 724 ssd
576 678 637 724 non
660 679 782 724 rursum
812 659 843 724 in
875 658 958 724 aiiud
988 657 1140 735 sisnandi,
1172 665 1204 724 ut
1226 660 1318 726 semei
1339 658 1409 723 inid

287 763 369 846 quud
392 762 464 828 sisti
487 772 559 828 sunt
581 772 790 844 personarent.

247 894 259 929 ο
330 866 360 932 3.
385 864 506 934 Dehinc
529 867 683 951 sequitur:
714 887 845 950 neque
876 866 1080 932 ambuiaui
1114 868 1152 932 in
1188 867 1410 953 magnisne·

286 990 362 1054 que
391 971 429 1034 in
461 969 725 1035 mirabilibus
756 991 879 1051 super
909 991 974 1038 me.
1021 971 1129 1055 magui
1152 971 1280 1052 periculi
1301 991 1347 1036 res
1367 977 1411 1034 est

286 1074 313 1138 si
336 1074 367 1139 in
390 1074 522 1140 modicis
545 1073 742 1140 ambulamus
765 1076 845 1142 etsi
868 1095 930 1140 uon
952 1075 983 1140 in
1007 1073 1201 1140 mirabilibus
1224 1075 1410 1140 demoramur.

286 1197 402 1264 msgua
424 1178 545 1263 eloquia
567 1178 618 1244 dei
640 1190 720 1256 sunt,
744 1179 812 1259 ipss
835 1178 985 1244 mirabilis
1007 1178 1039 1243 in
1063 1178 1193 1246 excelsis
1215 1185 1279 1246 est:
1302 1187 1330 1245 et
1349 1197 1411 1262 qno·

287 1282 378 1347 modo
401 1283 696 1366 tamquambonum
721 1302 798 1363 opus
822 1284 861 1347 ds
883 1303 917 1348 se
940 1281 1092 1364 propheta
1121 1283 1256 1364 praesert
1286 1284 1361 1368 quud
1387 1282 1411 1346 in

235 1411 260 1448 lo
286 1386 410 1472 magnis
433 1392 464 1451 et
486 1385 680 1453 mirabilibus
702 1406 764 1452 non
788 1386 946 1452 ambulet?
983 1387 1039 1453 ssd
1061 1407 1132 1453 cum
1152 1388 1286 1454 addidit:
1308 1404 1413 1466 super

285 1511 351 1570 me,
374 1491 406 1555 in
429 1490 480 1556 his
503 1510 564 1556 non
587 1490 735 1570 ambulat,
758 1509 828 1574 quae
850 1491 882 1554 iu
906 1490 1082 1557 hominibus
1101 1491 1256 1557 mirabilia
1271 1499 1301 1558 et
1315 1507 1413 1575 magua

286 1595 462 1660 creduntur.
508 1594 611 1660 Dauid
634 1595 725 1672 enim,
750 1601 781 1660 et
803 1593 954 1677 prophete
977 1602 1008 1662 et
1029 1615 1093 1673 rex,
1116 1606 1182 1661 erat
1197 1595 1322 1662 humilis
1337 1601 1412 1660 autes

286 1706 316 1764 et
338 1699 477 1764 abiectus
500 1718 602 1783 neque
625 1699 767 1764 conuiuio
789 1699 888 1780 patris
912 1699 959 1764 sui
983 1700 1113 1784 dignus;
1148 1699 1205 1765 sed
1229 1701 1286 1765 deo
1307 1697 1413 1780 conpia-

286 1802 356 1880 cuit
379 1809 490 1868 unctus
513 1803 546 1867 in
567 1822 677 1888 regern
708 1809 763 1880 est,
794 1803 970 1884 adspiratus
1001 1811 1048 1869 est
1077 1803 1109 1868 in
1131 1803 1322 1886 prophetem
1362 1821 1411 1866 non

236 1929 261 1965 ιο
287 1906 444 1973 insolescit
458 1907 489 1971 in
505 1927 613 1992 regno,
632 1927 692 1971 non
708 1907 787 1973 odiis
803 1915 1029 1974 commoustur:
1052 1914 1275 1991 persequentes
1290 1927 1323 1974 ss
1335 1913 1413 1972 amat.

287 2011 483 2077 inimicorum
505 2017 621 2076 mortes
650 2009 789 2088 honoret,
820 2011 1003 2078 incestuosis
1034 2019 1065 2078 et
1093 2011 1327 2093 parricidalibus
1354 2007 1413 2074 iiiiis

287 2116 394 2197 parcit.
439 2115 608 2199 imperetur
626 2116 843 2192 contemnitur,
867 2121 955 2196 pater
969 2115 1098 2194 iaeditur,
1122 2115 1275 2198 prophete
1288 2121 1413 2182 uerear:

287 2219 436 2286 ultionem
459 2240 520 2284 non
543 2225 580 2284 ut
600 2218 753 2300 propheta
776 2225 850 2298 orat,
884 2220 1055 2286 uindictam
1077 2240 1140 2286 non
1162 2227 1197 2286 ut
1219 2227 1306 2302 pater
1327 2217 1413 2285 sumit

287 2322 505 2389 contumeliam
534 2343 596 2388 non
627 2329 660 2388 ut
689 2323 856 2405 imperator
885 2326 1072 2408 exsequitur.
1116 2324 1148 2391 in
1170 2323 1221 2390 his
1245 2343 1325 2409 ergo,
1356 2339 1413 2405 qua
1511 2387 1512 2392 ,

133 2486 137 2496 .
235 2448 261 2484 2⁰
287 2447 436 2510 superse
459 2447 576 2512 mogus
599 2434 629 2493 et
650 2427 806 2492 mirabilia
829 2434 908 2507 sunt,
931 2447 993 2493 nou
1016 2428 1161 2496 ambulat

330 2531 361 2597 4.
384 2532 446 2597 Sed
468 2532 639 2611 uideamus,
655 2552 724 2615 quae
747 2541 902 2598 secuntur.
947 2533 980 2597 si
1004 2552 1078 2598 non
1109 2532 1322 2598 humiliter
1342 2547 1413 2596 sen·

289 2636 450 2713 tiebam,
480 2638 550 2702 sed
580 2635 759 2702 exaiteui
792 2637 965 2702 animam
995 2657 1128 2703 meam.
1174 2655 1243 2719 quas
1274 2633 1414 2718 propheta

288 2738 348 2804 ista
370 2738 534 2805 diuersitas
564 2741 635 2804 est?
677 2757 737 2803 nou
762 2738 875 2806 exaltat
897 2759 963 2805 cor:
988 2739 1102 2806 exsitat
1123 2741 1271 2806 animam.
1314 2758 1370 2803 non
1389 2735 1415 2799 iu
1510 2795 1511 2819 2

290 2842 414 2926 magnis
436 2850 467 2907 et
489 2842 681 2909 mirsbiiibus
715 2863 810 2925 super
842 2865 876 2909 se
908 2843 1061 2910 ambulet:
1095 2845 1152 2910 ssd
1185 2864 1247 2909 non
1277 2840 1416 2909 humiliter

237 2963 263 3000 2⁶
289 2947 389 3012 sentit.
433 2945 572 3012 excelsus
594 2947 699 3013 animo
723 2955 785 3013 est:
818 2953 849 3012 et
871 2950 964 3014 corde
987 2949 1174 3014 summissus
1204 2957 1261 3014 est
1304 2941 1416 3011 humilis

288 3051 320 3114 in
343 3050 492 3117 suisset:
527 3053 582 3117 sed
605 3071 667 3116 non
689 3050 817 3117 humilis
839 3051 871 3117 in
895 3071 986 3117 sensu
1010 3058 1065 3118 est
1109 3072 1222 3118 seusus
1252 3052 1333 3119 anim
1360 3048 1416 3114 eius

288 3155 320 3219 in
342 3153 449 3220 caeium
473 3161 527 3230 est
550 3156 744 3220 animosius
768 3164 816 3221 est
842 3155 872 3219 in
897 3155 1034 3222 excelsis.
1080 3175 1132 3221 cor
1153 3163 1267 3234 autem,
1290 3175 1331 3221 er
1353 3170 1415 3236 quo

332 3271 346 3320 1
365 3268 423 3322 rou.
442 3269 488 3336 lv,
506 3269 548 3324 ss.
584 3269 736 3324 suumn
755 3269 814 3336 xv,
836 3271 875 3323 ιθ.

330 3363 426 3425 dfert.
444 3368 476 3418 ut
493 3365 579 3418 semei
597 3364 626 3417 in
644 3365 720 3434 quod
736 3365 772 3433 cf.
791 3366 919 3418 Addeado
970 3369 990 3419 4
1007 3371 1187 3434 personarent
1208 3365 1307 3420 VRVF
1322 3381 1366 3416 ors.
1380 3360 1416 3412 Gi

287 3453 304 3505 6
322 3451 352 3504 in
369 3451 544 3505 mirabilibus
559 3450 639 3504 GVP
647 3450 687 3515 (P
701 3451 731 3503 in
749 3469 821 3522 supr.
838 3450 922 3518 odd),
934 3451 1108 3508 mirabilibus
1118 3452 1171 3506 ΒΤ
1222 3455 1239 3507 'i
1257 3452 1417 3507 demoremur

294 3537 342 3590 VR
360 3526 535 3592 demoremur
555 3538 581 3590 G
598 3536 805 3593 demutabimur
823 3539 848 3590 Τ
865 3538 1029 3593 demorabit
1047 3537 1074 3592 P
1124 3541 1156 3594 11
1174 3538 1218 3594 his
1238 3557 1269 3594 ez
1285 3539 1307 3592 is
1325 3537 1350 3590 P
1393 3533 1416 3585 in

287 3623 445 3678 hominibus
465 3625 491 3676 G
508 3624 615 3678 homini
632 3643 646 3678 e
663 3623 805 3678 homiuum
830 3625 944 3678 VRPTb
996 3625 1136 3680 mirabilis
1153 3631 1182 3680 et
1200 3642 1300 3695 magns
1313 3619 1417 3677 estut

287 3717 426 3780 magnast
435 3710 623 3766 mirabilisiie
676 3713 709 3764 la
724 3717 785 3765 erat
803 3712 851 3765 VR
866 3717 909 3765 est
924 3711 975 3765 ΡΤ
1026 3715 1060 3766 14
1077 3711 1234 3782 adspiratus
1252 3719 1294 3767 est
1311 3705 1417 3764 inGVR

288 3798 425 3866 aspiratus
450 3797 479 3851 in
504 3799 529 3850 T
551 3797 693 3867 adspirate
720 3797 750 3850 in
775 3798 801 3850 P
853 3799 885 3852 15
902 3802 1099 3867 persequentes
1118 3816 1146 3854 se
1167 3797 1206 3852 Ge
1224 3799 1377 3868 pereeq.tes
1392 3809 1417 3845 ct

288 3885 441 3953 perseq.tis
465 3885 716 3954 Vpersequeutern
735 3901 763 3938 se
776 3884 868 3938 RPTir
923 3888 956 3940 16
978 3889 1076 3939 onorat
1094 3884 1131 3938 P¹
1186 3886 1219 3940 18
1243 3889 1274 3939 ut
1295 3880 1417 3953 prophet·

288 3976 350 4025 orat
373 3972 527 4026 uindictam
549 3988 605 4025 non
629 3989 678 4026 om.
702 3971 729 4024 V
767 3973 810 4025 sl
830 3977 962 4026 secuntur
980 3973 1006 4025 R
1023 3977 1176 4041 sequuntur
1200 3973 1274 4028 ΤΡΥ
1322 3971 1354 4024 ffi
1370 3981 1416 4020 non

287 4057 317 4111 in
335 4059 444 4128 magnis
458 4058 531 4113 VPI'
542 4059 592 4112 sed
609 4075 665 4112 uon
677 4059 707 4112 in
718 4059 863 4127 megnisR
914 4060 949 4113 25
967 4059 1128 4114 summissus
1146 4063 1188 4114 eet
1206 4059 1266 4114 Veis
1280 4055 1416 4112 submissus

289 4144 368 4197 ΡΤΕ
417 4146 544 4200 sesnin
564 4146 619 4199 RE
634 4164 683 4198 om.
707 4145 781 4199 Vm*
831 4147 865 4199 27
883 4147 912 4199 in
930 4145 1036 4200 caelum
1062 4151 1103 4200 est
1122 4146 1175 4200 ΒΡ
1198 4146 1228 4199 in
1254 4144 1356 4200 caelum
1381 4143 1414 4194 eei

289 4234 332 4285 est
355 4232 423 4285 Vin
441 4231 518 4286 caelo
536 4236 579 4287 est
597 4232 651 4285 TE
700 4249 748 4286 oor
772 4232 859 4286 VRPe
876 4231 961 4286 corde
980 4233 1025 4286 Tu.
