3075 4967
271 241 333 308 338
608 239 726 316 sancti
749 238 885 291 Hilarii
909 238 1071 306 episcopi

269 433 417 497 uarietate
440 431 610 496 rationibus
633 450 666 494 se
689 428 805 493 lunaris
828 428 1012 493 incrementi
1043 427 1284 511 detrimentique
1307 429 1407 492 mode-

268 543 353 600 retur
375 545 406 602 et
429 533 580 616 profunda
594 533 777 617 infinitaque
792 533 838 597 aui
854 532 942 597 obice
954 543 1092 597 ment-em
1105 531 1250 596 humanae
1262 532 1408 613 opinionis

268 641 403 717 excedat,
427 645 459 703 ut
481 655 584 721 neque
608 638 681 721 quid
704 643 792 702 extra
821 656 855 701 se
888 656 990 720 neque
1025 637 1099 719 quid
1133 635 1215 700 intra
1247 637 1287 700 sit
1319 655 1409 701 sensu

268 749 471 828 persequente
495 743 661 823 capiamus.
709 741 740 805 in
764 740 940 805 distamen
965 741 1059 804 tantis
1083 745 1207 824 lamque
1224 740 1409 804 admirabili·

227 876 240 914 a
269 850 325 912 bus
348 865 450 912 rerum
475 859 714 930 naturarumque
736 845 899 910 uirtutibus
922 845 953 909 in
975 846 1033 909 deo
1049 843 1116 923 hoc,
1140 847 1222 929 quod
1239 844 1310 909 Sion
1328 843 1410 908 salua

267 953 308 1017 sit
330 952 531 1036 ciuitatesque
555 951 668 1016 ludaeae
690 950 883 1014 aedificandae
907 950 975 1022 siut,
999 948 1074 1021 caeli,
1097 957 1187 1028 terra,
1218 949 1316 1013 maria
1351 949 1410 1012 lau-

267 1053 405 1121 dabunt?
449 1053 586 1120 humana
608 1055 717 1138 utique
739 1074 833 1134 opera
855 1060 887 1118 et
909 1054 1027 1119 caduca
1056 1059 1088 1118 et
1117 1053 1184 1134 ipso
1215 1063 1353 1134 tempore
1375 1074 1410 1117 ae

266 1167 419 1226 nemetate
442 1160 603 1225 soluenda!
628 1159 711 1243 quod
734 1159 761 1222 si
782 1164 934 1222 extmctas
951 1177 1019 1222 esse
1036 1177 1090 1222 eae
1113 1157 1203 1222 laude
1219 1158 1259 1222 sit
1274 1158 1410 1240 dignuin,

268 1280 327 1329 oon
350 1267 452 1349 magis
484 1273 681 1329 conseruatas
712 1283 782 1328 esse
812 1282 874 1338 eae,
910 1283 949 1328 ne
981 1263 1218 1334 destruerentur.
1249 1263 1410 1344 proliceret

215 1395 240 1431 ro
267 1371 307 1435 ud
330 1369 477 1436 laudem?

310 1526 359 1591 30.
383 1526 454 1590 Non
478 1545 553 1610 ergo
577 1525 623 1590 hae
647 1525 790 1588 maxima
814 1524 918 1606 utique
946 1523 1275 1607 pr‘aeatantissimaeqne
1307 1543 1410 1588 rerum

266 1631 403 1695 omnium
428 1630 476 1696 uel
500 1630 611 1714 magia,
635 1629 746 1711 quibus
769 1629 922 1693 uniuersae
951 1647 1001 1692 res
1032 1627 1246 1693 contineantur
1277 1628 1411 1691 alantur·

266 1755 334 1818 qne,
357 1741 474 1799 naturae
498 1735 602 1810 maris,
626 1745 715 1797 terrae
738 1739 771 1797 et
793 1731 859 1796 caeli
884 1732 923 1796 ad
944 1733 1084 1797 inanium
1107 1752 1196 1812 paene
1226 1752 1263 1796 ae
1299 1732 1409 1797 lenium

265 1859 391 1919 operum
427 1839 549 1904 laudem
584 1839 789 1902 aduocantur:
823 1837 854 1901 id
892 1844 947 1914 est,
979 1837 1051 1920 quia
1074 1836 1147 1901 Sion
1178 1835 1351 1901 saluificata
1373 1837 1410 1901 sit

214 1967 239 2003 ιι
265 1949 471 2027 extructaque
495 1942 607 2008 Iudaeae
630 1941 779 2016 ciuitates,
803 1961 882 2024 quas
903 1948 973 2021 post
997 1940 1236 2025 Babyloniorum
1249 1941 1409 2006 Antiochi-

264 2067 325 2130 que
348 2047 507 2113 uictoriam
531 2045 645 2112 bellum
669 2065 792 2129 quoqne
813 2044 944 2109 Romani
966 2045 1051 2129 regie
1066 2045 1251 2110 absumeret
1298 2043 1409 2110 dehine

265 2153 364 2231 ipsam
387 2151 468 2216 hanc
491 2151 614 2232 inopem
631 2151 820 2234 impiamque
836 2151 1021 2215 sententiam
1036 2149 1080 2214 rei
1096 2169 1221 2233 qnoque
1236 2151 1409 2215 communis

264 2256 392 2320 seientia
426 2262 457 2321 et
489 2257 567 2320 ratio
602 2257 797 2321 condemnat.
844 2274 914 2318 nam
949 2254 988 2318 ob
1023 2254 1055 2318 id
1088 2252 1234 2319 aedificari
1270 2255 1408 2319 ciuitates

264 2358 377 2424 Iudaeae
400 2357 598 2441 propheticus
621 2379 723 2425 sermo
746 2356 890 2435 declarat,
921 2369 954 2423 ut·
976 2359 1008 2423 iu
1039 2379 1082 2433 ea,
1113 2377 1183 2442 quae
1212 2359 1300 2422 salua
1330 2357 1407 2422 sacta

264 2463 311 2540 sit,
336 2462 408 2528 Sion
431 2463 613 2528 inhabitent
660 2464 734 2547 quid
756 2461 808 2526 hic
831 2464 1001 2527 secuudum
1024 2460 1175 2527 humanas
1203 2463 1407 2527 extructiones

263 2567 490 2651 ciuitatumque,
508 2567 641 2632 fabricas
664 2565 883 2650 intellegentiae
905 2565 963 2632 loci
986 2574 1041 2643 est,
1065 2585 1136 2631 enm
1152 2585 1254 2649 neque
1279 2567 1312 2631 in
1335 2566 1407 2630 aedi·

262 2670 391 2736 ficandis
414 2670 464 2736 his
487 2671 554 2736 laus
577 2670 639 2736 ulla
662 2671 707 2748 sit
731 2690 801 2755 qnae
834 2671 896 2734 sint
928 2679 1037 2754 postea
1071 2671 1277 2748 destruendo,
1309 2690 1406 2752 neque

262 2775 339 2838 ratio
362 2781 392 2839 et
414 2784 524 2841 natura
547 2776 679 2856 patiatur
701 2774 850 2840 aedificari
872 2776 911 2839 ob
935 2775 967 2838 id
989 2775 1139 2852 ciuitates,
1168 2783 1202 2838 nt
1232 2772 1408 2839 inhabitent

262 2877 443 2944 ciuitatem?

307 3070 777 3124 llunarieerlumenlumeurrt.2
795 3071 817 3122 V
866 3069 1026 3124 aobieit'1
1079 3071 1147 3124 but
1159 3088 1207 3122 om.
1224 3070 1249 3122 V
1301 3070 1372 3122 infra
1386 3068 1409 3119 Γ

261 3160 279 3209 4
297 3157 505 3212 admirabilibus
519 3186 551 3193 -
565 3163 783 3225 naturarumque
801 3159 829 3210 in
847 3175 931 3226 marg.
950 3157 1025 3221 inser.
1044 3159 1105 3210 add.
1125 3175 1157 3209 m.
1175 3155 1196 3208 2
1219 3157 1245 3208 Γ
1296 3160 1313 3209 t
1331 3156 1361 3208 in
1372 3155 1405 3207 de

261 3295 313 3349 hoc
338 3297 363 3350 V
412 3297 543 3350 diudeae
568 3297 617 3348 ΓΡ
640 3297 721 3350 indae
742 3297 766 3348 T
818 3243 974 3349 aiiicandae
1002 3297 1038 3349 rit
1071 3297 1096 3349 V
1101 3294 1290 3382 {dificandq
1304 3297 1360 3349 rint
1383 3293 1408 3345 P

261 3398 423 3468 deligandae
435 3401 525 3454 aintll
577 3409 666 3455 terras
686 3401 710 3452 V
760 3403 850 3468 8qno
863 3401 926 3453 siT
977 3404 1120 3454 extructae
1132 3417 1192 3454 erae
1209 3416 1256 3453 eae
1276 3399 1403 3469 temptaui,

262 3493 390 3541 extructa
410 3489 456 3541 VR
474 3493 654 3542 exztructa
672 3505 704 3541 ea
722 3493 754 3541 ut
772 3488 809 3540 ait
822 3485 886 3552 Ρ(α)
906 3492 1047 3541 extructae
1066 3504 1112 3540 eae
1130 3492 1162 3540 nt
1179 3487 1236 3540 aiut
1247 3487 1403 3540 Texstrnc-

261 3631 303 3680 tas
322 3643 366 3680 eas
394 3643 454 3680 aeae
482 3631 513 3680 ut
536 3626 623 3680 einte
676 3625 758 3680 laude
785 3624 817 3680 fit
840 3626 906 3678 VPa
959 3629 1118 3680 9nonnee
1173 3627 1203 3679 ll
1223 3581 1273 3679 ha·
1287 3643 1353 3678 corr.
1371 3641 1401 3675 ιιι.

262 3713 281 3764 2
306 3714 330 3766 Γ
378 3713 498 3767 maxime
520 3713 633 3794 utiquae
656 3713 930 3782 praeabdtiaeimeque
963 3714 987 3764 V
1044 3715 1077 3767 13
1104 3713 1174 3766 caeli
1199 3713 1359 3767 animalium
1382 3711 1406 3762 V

274 3827 288 3855 Ι

261 3887 331 3936 pene
356 3870 381 3922 V
394 3886 483 3939 poene
510 3871 535 3922 R
589 3872 623 3924 14
638 3869 721 3924 lande
745 3870 771 3922 V
820 3873 853 3924 16
871 3876 935 3938 poet
963 3889 1011 3922 om.
1037 3870 1062 3922 Γ
1110 3870 1334 3939 babylloniorum
1357 3867 1404 3920 VP

261 3957 418 4025 antiocique
453 3957 476 4009 V
500 3956 676 4025 anthiociqne
704 3956 766 4010 ΕΡι
830 3960 863 4011 16
880 3957 1000 4010 uictoria
1033 3957 1058 4008 V
1118 3960 1151 4011 17
1169 3974 1213 4010 res
1241 3972 1349 4025 qnoque
1381 3955 1402 4004 l'

263 4045 295 4096 18
314 4043 426 4098 scietiae
445 4049 474 4097 et
491 4044 515 4097 V
564 4042 710 4097 aedificare
730 4045 755 4096 P
805 4044 905 4097 ciuitas
931 4044 955 4094 Γ
1004 4046 1039 4099 ‘20
1056 4043 1193 4098 inhabitet
1219 4042 1319 4097 VRPE
1364 4047 1398 4094 et.

262 4130 330 4198 qnid
353 4127 478 4184 V¹R⁸PT
478 4131 506 4182 E
556 4134 591 4185 22
610 4148 680 4199 quae
704 4131 740 4184 ait
765 4132 791 4184 R
842 4133 877 4185 23
895 4136 925 4184 et
951 4137 1067 4184 naturae
1095 4132 1201 4199 patitur
1225 4131 1251 4182 V
1302 4129 1330 4182 id
1349 4127 1402 4179 odd

262 4235 294 4269 m.
313 4215 333 4269 2
356 4217 382 4268 V
430 4210 550 4272 ihabitet
568 4219 680 4272 ciuitate
705 4219 737 4271 V.
