3075 4967
319 291 381 357 750
661 294 778 346 sancti
802 293 934 346 Hilarii
959 293 1122 362 episcopi

318 484 520 568 cognoscitur,
544 504 599 564 per
621 483 833 566 cognitionem
856 483 970 566 dignus
993 491 1042 548 est
1072 483 1244 548 ministerio
1274 485 1442 569 angelorum.

317 589 348 652 in
372 588 484 652 ceteris
507 594 609 653 autem
634 589 776 671 quotiens
798 588 944 668 probatus
967 593 1023 665 est,
1052 589 1165 654 totiens
1189 595 1220 654 et
1243 591 1382 674 cognitus
1400 600 1444 653 est

318 691 431 756 Petms
454 693 630 773 passionem
656 693 720 757 eins
745 694 917 758 detestatus
940 701 996 762 est.
1021 693 1120 758 crucis
1152 694 1183 757 in
1214 713 1251 758 eo
1284 693 1443 759 scandalum

319 815 381 876 prae
415 816 520 861 amore
555 805 585 862 et
619 797 768 862 confessae
802 797 865 860 iam
888 817 906 860 a
929 816 963 862 εθ
994 797 1163 863 diuinitatis
1196 799 1370 881 cognitione
1396 817 1444 862 non

280 925 293 963 a
320 901 491 978 sustinens;
515 901 570 965 sed
593 901 665 984 quia
688 921 759 965 eum
782 901 821 965 ob
845 898 1061 966 infidelitatem
1092 901 1192 966 crucis
1225 909 1363 966 satanam
1382 921 1445 965 nun·

318 1017 473 1085 cupasset,
506 1025 567 1068 non
603 1003 698 1069 multo
732 1011 813 1085 post,
837 1023 907 1069 cum
941 1004 972 1068 in
1005 1013 1109 1069 monte
1139 1005 1246 1088 gioriae
1269 1027 1332 1070 suae
1355 1005 1445 1069 habitu

318 1109 513 1184 constitisset,
549 1108 600 1173 tali
632 1115 761 1190 epatre
795 1128 870 1172 uoce
905 1109 1115 1191 cognoscitur:
1153 1108 1218 1174 hic
1252 1118 1314 1174 est
1346 1109 1446 1175 titius

318 1231 427 1278 meus
450 1212 636 1278 dilectus.
661 1213 699 1276 in
723 1233 798 1296 quo
822 1212 1048 1294 conplacui,
1072 1213 1177 1278 hunc
1200 1214 1350 1279 audite.
1390 1233 1447 1294 pro

319 1317 483 1392 bationem,
523 1337 614 1400 quarn
651 1318 812 1396 temptatio
849 1315 977 1397 apostoli
1016 1315 1167 1395 effecerat,
1205 1326 1343 1398 patemae
1377 1319 1447 1382 uocis

267 1444 291 1481 ιο
318 1420 435 1504 agnitio
458 1425 506 1485 θεῖ
529 1429 700 1487 consecuta.

362 1575 391 1640 7.
414 1575 536 1641 Dehinc
560 1578 713 1660 sequitur:
738 1579 974 1662 cognouisti
1005 1579 1236 1644 sessionem
1266 1599 1387 1643 meam
1416 1585 1447 1641 et

318 1682 667 1746 resurrectionem
700 1701 834 1746 meam.
880 1683 911 1746 in
934 1683 1074 1748 sessione
1097 1683 1271 1748 doctrinam
1294 1681 1447 1766 significari

321 1783 501 1868 euangelica
523 1785 688 1850 auctoritas
712 1794 767 1849 est.
813 1787 968 1868 sessiones
990 1794 1094 1850 autem
1119 1787 1280 1852 nobiscum
1311 1787 1359 1851 hae
1379 1793 1445 1850 suat.

320 1908 388 1971 quae
408 1889 557 1953 aGraecis
573 1888 729 1954 cathedrae
745 1896 969 1970 nuncupantur.
1016 1890 1142 1973 Moyses
1158 1890 1340 1956 cathedram
1355 1888 1445 1953 hahuit

269 1993 492 2057 sesecundum
541 1993 658 2058 domini
705 1993 837 2058 dictum:
883 2014 1004 2074 super
1048 1993 1179 2077 Moysi
1224 1995 1445 2059 cathedram

319 2097 516 2162 sederunt
555 2098 700 2162 scriba
739 2103 778 2162 θῖ
810 2097 1016 2162 Pharisaei.
1069 2099 1203 2162 omnia
1240 2118 1344 2182 ergo,
1376 2117 1445 2180 qus

320 2201 460 2265 dicunt
482 2202 606 2276 uobis,
623 2202 752 2266 facite
774 2197 1062 2267 etobseruate:
1086 2203 1306 2267 seeundum
1329 2211 1444 2266 auten

318 2325 440 2384 opera
474 2325 609 2370 eorum
645 2305 773 2370 notite
808 2305 959 2375 iacere:
996 2307 1137 2372 dicunt
1172 2307 1277 2370 enim
1316 2313 1352 2371 et
1383 2323 1444 2368 nou

320 2407 485 2474 faciunt.
531 2430 602 2475 cum
630 2410 724 2494 igitur
747 2410 888 2475 doctrina
910 2410 1137 2475 Pharisaeorum
1162 2410 1201 2474 oh
1232 2411 1265 2475 id
1294 2407 1445 2492 probabitis

267 2533 293 2572 aa
320 2533 389 2578 esse
412 2517 566 2590 doceatur,
590 2515 662 2598 quia
685 2515 742 2595 ipsi
766 2517 798 2578 in
823 2514 924 2599 Moysi
947 2513 1096 2580 cathedra
1126 2516 1283 2592 sederunt,
1323 2513 1444 2578 doctrina

318 2618 492 2682 necessario
516 2619 707 2703 significatur
730 2619 761 2682 in
785 2619 941 2684 cathedra.
987 2618 1131 2702 cognouit
1151 2620 1257 2701 itaque
1284 2618 1445 2683 sessionem.

319 2740 390 2785 cum
414 2721 597 2806 dignitatem
622 2723 686 2788 eius
710 2723 741 2787 in
764 2723 908 2787 omnihus
923 2724 1080 2805 praedicat,
1096 2743 1167 2788 cum
1183 2723 1369 2788 uoluntatem
1384 2721 1445 2785 eius.

320 2824 371 2907 qui
395 2847 429 2890 sc
452 2826 547 2903 misit,
571 2827 756 2910 exsequitur,
794 2847 863 2892 cunr
888 2825 1052 2891 humilitati
1087 2827 1225 2908 corporis
1255 2828 1302 2892 sui
1330 2823 1444 2910 gloriam

319 2929 476 3008 postulans
493 2931 717 2996 auditecaelo:
742 2937 779 2996 et
803 2930 1086 2996 honorificaui
1110 2927 1445 2996 ethonorisicaha

266 3051 292 3090 aa
320 3033 375 3097 sed
399 3033 538 3098 doctrina
560 3055 620 3098 non
645 3035 746 3099 minus
768 3035 800 3098 in
824 3036 962 3100 sessione
986 3037 1058 3111 eius,
1089 3054 1182 3119 quam
1213 3036 1246 3099 in
1274 3033 1446 3100 surrectione

319 3156 395 3217 opus
418 3139 623 3221 cognoscitur.
669 3159 742 3202 nam
766 3145 799 3202 ut
820 3140 917 3203 sessio
941 3139 1088 3204 doctrinar
1118 3151 1308 3220 praeceptum
1340 3144 1392 3210 est,
1412 3135 1445 3198 ita

320 3248 351 3305 et
372 3243 520 3306 surrectio
554 3242 739 3324 operationis
770 3241 896 3307 effectus
932 3251 986 3307 est.
1031 3244 1144 3309 sedens
1180 3243 1269 3309 Iesus
1298 3241 1395 3306 docuit
1419 3239 1444 3302 in

318 3351 439 3424 monte;
473 3347 529 3411 sed
563 3353 632 3426 post
666 3347 841 3411 doctrinam
878 3347 918 3411 ad
955 3368 1049 3428 opera
1083 3349 1253 3413 descendit.
1303 3347 1342 3411 ite
1374 3344 1444 3408 eninr

361 3562 376 3612 r
395 3559 493 3612 aratri.
512 3559 597 3625 xrn,
616 3563 640 3612 s.
679 3562 711 3613 rs
729 3559 829 3612 matth.
847 3559 946 3626 axin,
965 3563 981 3611 a
999 3578 1040 3626 sq.
1076 3561 1111 3612 at
1128 3559 1186 3612 ron.
1205 3560 1265 3626 xri,
1283 3561 1322 3612 aa.

360 3732 496 3786 2totiens
515 3738 544 3785 θῖ
563 3733 642 3786 RTE
658 3732 761 3786 totiens
780 3732 806 3784 P
856 3735 873 3786 3
899 3733 1031 3786 scandali
1054 3751 1085 3785 er
1108 3732 1240 3786 scandalo
1258 3733 1284 3784 Ρ
1328 3733 1343 3782 7
1370 3727 1444 3781 talis

318 3819 396 3870 Vra·
412 3819 466 3872 alia
485 3821 510 3872 R
564 3821 597 3873 10
616 3820 722 3888 agnitio
732 3819 985 3887 RecognitioPTt
1039 3822 1071 3873 11
1091 3819 1210 3888 cognoni
1229 3819 1256 3872 P
1305 3820 1333 3872 rs
1349 3811 1444 3868 haerR

319 3905 352 3958 15
370 3923 452 3973 super
469 3906 558 3974 moysi
577 3905 738 3960 cathedram
749 3907 801 3958 ΒΤ
812 3924 895 3974 super
912 3907 1000 3974 moysi
1019 3905 1152 3959 cathedra
1164 3907 1283 3974 Pauper
1298 3901 1443 3958 cathedram

317 3991 405 4060 moysi
424 3993 452 4044 E
505 3996 536 4046 16
555 3991 665 4046 farisaei
684 3995 708 4046 R
761 4010 832 4061 qnae
851 3994 877 4045 R
895 4010 1083 4060 quaecumque
1103 3993 1181 4045 PTE
1235 3996 1266 4047 18
1283 3991 1350 4046 enim
1367 3983 1445 4038 ossP

316 4080 352 4132 20
379 4078 510 4133 cathedra
529 4081 554 4132 R
616 4081 648 4133 ‘21
679 4080 828 4132 sessionem
855 4096 919 4133 cnm
937 4080 964 4133 R
981 4079 1165 4132 sessioncmei
1185 4080 1211 4131 P
1226 4079 1367 4134 sessionem
1391 4072 1442 4126 eins

317 4181 381 4218 cum
401 4166 453 4217 TE
503 4168 537 4219 25
556 4165 821 4220 insurrectionem
839 4183 892 4218 ros.
905 4165 931 4219 R
948 4166 978 4218 in
996 4165 1288 4219 resurrectioneH'E
1331 4160 1365 4214 ²6
1381 4171 1442 4224 opu-⁶

318 4253 357 4303 Τῖ
376 4251 434 4306 eius
452 4270 472 4318 e,
498 4271 546 4305 om.
567 4253 619 4304 BP
669 4255 703 4305 27
722 4252 857 4306 surrectio
876 4253 901 4305 R
924 4253 1091 4306 resurrectio
1111 4253 1161 4304 W
1162 4254 1190 4304 E
1239 4251 1267 4305 in
1283 4254 1397 4326 montem
1414 4243 1440 4294 1'·
