3075 4967
280 272 318 338 18
616 272 733 326 sancti
758 271 893 325 Hilarii
921 272 1086 340 episcopi

277 470 329 528 out
351 484 418 544 pro
442 461 618 527 occultis
635 460 729 539 sitii,
753 470 885 543 autpro
908 460 1423 541 diooctaun,peroorporalem

277 568 573 651 superscriptionum
602 563 860 647 significationem
893 563 1042 645 spiritalis
1076 564 1191 645 psalmi
1225 563 1425 648 intellegatur

278 672 388 750 editio;
419 669 476 746 uel,
500 690 569 734 cum
593 668 710 733 illius
734 667 874 745 Dauid,
897 666 946 733 uel
970 668 1037 732 illi
1060 667 1199 743 Dauid,
1230 667 1278 733 uel
1302 668 1424 733 Abes-

278 774 400 852 salon,
431 773 479 839 uel
506 772 608 847 Saul,
640 771 688 837 uel
720 772 823 837 [loeo
853 772 885 835 in
916 771 1003 837 titulo
1026 772 1084 836 sub
1108 778 1267 855 gestomm
1294 772 1427 837 historia

238 908 251 947 ι
280 884 494 959 praenotantur,
518 878 549 941 in
573 896 608 940 eo
631 886 684 941 aut
706 896 761 957 per
782 876 998 955 pronominum
1022 874 1196 960 qualitates,
1219 885 1253 939 ut
1286 874 1352 940 illi
1375 875 1427 941 uel

279 981 395 1047 illius
417 980 553 1057 Dauid,
573 986 625 1044 aut
642 1000 698 1060 per
713 980 874 1044 nominum
892 980 1027 1057 uirtutes,
1039 985 1073 1044 ut
1087 979 1427 1045 estinAbessalon

280 1094 310 1151 et
332 1085 425 1151 Saul
448 1092 475 1151 et
504 1084 615 1162 Doec,
640 1082 842 1165 prophetiam,
859 1103 927 1168 quae
941 1084 973 1148 in
989 1083 1109 1165 psalmo
1125 1086 1172 1161 sil,
1188 1104 1427 1167 consequamur.

323 1189 374 1255 23.
398 1179 635 1269 Dlapsalma
669 1208 748 1265 uero,
784 1189 866 1271 quod
899 1190 1091 1253 interiectum
1121 1187 1263 1272 plurimis
1294 1188 1427 1269 psalmis

279 1299 334 1369 est,
358 1295 606 1377 cognoscendum
630 1301 686 1369 est,
717 1292 961 1358 demutationem
984 1305 1037 1356 aut
1059 1312 1201 1373 personae
1231 1300 1284 1357 aut
1315 1312 1429 1357 sensus

227 1430 252 1465 ιο
279 1398 336 1462 sub
367 1397 568 1463 conuersioue
598 1397 684 1461 modi
719 1396 828 1461 musici
862 1395 1018 1461 inchoari:
1053 1404 1094 1473 nt,
1129 1397 1227 1462 sicubi
1252 1396 1430 1477 diapsalma

279 1500 494 1577 intercesserit,
519 1504 572 1564 aut
594 1499 711 1584 aliquid
734 1498 816 1565 uliud
841 1500 911 1578 dici,
945 1506 998 1565 aut
1031 1500 1128 1565 etiam
1157 1500 1199 1565 ab
1232 1499 1330 1565 altero
1355 1502 1429 1575 dici,

279 1605 385 1669 autin
408 1604 504 1670 altero
517 1604 590 1668 artis
615 1604 740 1668 musicen
764 1603 889 1669 modulo
901 1605 1017 1669 cantari
1040 1603 1287 1688 intellegendum
1310 1605 1361 1669 sit.
1397 1622 1430 1669 et

280 1710 319 1774 do
343 1708 482 1793 personis
505 1728 542 1771 nc
565 1708 716 1785 sensibus,
739 1702 793 1771 ubi
816 1707 989 1788 diapsalma
1012 1708 1203 1775 intercedere
1225 1708 1429 1790 reperiemus,

278 1814 428 1877 rationem
453 1811 574 1877 adferre
598 1812 828 1895 temptabimus.
872 1815 1010 1877 ceterum
1040 1812 1123 1876 modi
1148 1814 1259 1878 musici
1290 1811 1429 1894 discipli-

228 1948 253 1984 ιι
280 1937 353 1983 ιιιιιιι
387 1936 569 1982 conseruare
602 1914 763 1981 translatio
798 1936 900 1999 grace
933 1923 965 1981 et
993 1915 1089 1982 latina
1110 1938 1173 1981 uon
1206 1917 1311 1999 potuit.
1357 1916 1430 1982 berc

280 2029 381 2087 autem
406 2022 437 2085 in
461 2021 701 2105 conpendiosam
726 2019 907 2085 breuitatem
930 2020 1060 2085 festinus
1071 2022 1110 2086 ad
1123 2022 1224 2104 ipsam
1235 2020 1430 2102 psalmorum

281 2126 502 2207 expositionem
526 2144 627 2189 sermo
652 2122 784 2208 collegit.

323 2229 375 2293 24.
397 2228 456 2293 Est
485 2237 585 2293 eutem
617 2227 750 2313 diligens
784 2248 1033 2313 perpensumque
1065 2229 1211 2294 iudicium
1243 2229 1430 2309 expositioni

280 2332 391 2417 psalmi
413 2332 652 2415 uniuscuiusque
675 2334 894 2413 praestandum,
935 2344 969 2397 ut
1002 2340 1214 2417 cognoscatur,
1250 2352 1311 2415 qua
1335 2352 1430 2398 unus-

229 2468 253 2503 ιι
281 2436 411 2519 quisque
435 2455 543 2501 eorum
578 2435 666 2501 olaus
699 2436 920 2521 intellegentias
943 2437 1130 2521 aperiendus
1153 2437 1202 2502 sit.
1246 2456 1321 2501 uam
1349 2435 1431 2502 liber

281 2541 382 2605 omnis
407 2540 517 2605 similis
541 2552 589 2605 est
613 2540 680 2605 urbi
704 2538 842 2622 pulobrae
865 2554 957 2625 utque
980 2562 1110 2626 magne,
1140 2543 1190 2607 cui
1215 2541 1320 2622 plures
1342 2543 1432 2607 aedes

281 2644 476 2728 diuersaeque
510 2644 581 2723 sint,
617 2662 749 2726 quarum
783 2645 865 2710 sores
899 2646 1031 2727 propriis
1066 2646 1205 2711 clouibus
1235 2646 1431 2730 diuersisque

281 2748 476 2814 claudantur:
500 2768 568 2831 quse
592 2768 660 2813 cum
691 2768 788 2813 unum
817 2750 849 2814 in
879 2749 981 2815 locum
1016 2756 1172 2835 congestae
1205 2750 1431 2834 permixteque

282 2860 363 2927 suut,
395 2851 510 2917 uolenti
541 2872 794 2937 unamquamque
827 2854 925 2919 aedem
960 2855 1081 2935 aperire
1114 2854 1286 2919 maximam
1316 2854 1431 2937 ignaro

230 2984 255 3023 ιι
282 2957 423 3021 adferant
446 2955 671 3039 difficultatem,
696 2964 728 3021 ιιι
750 2955 868 3023 clauom
898 2957 1137 3042 uniuscuiusque
1166 2959 1243 3023 aedis
1274 2956 1431 3023 inueniat:

282 3061 383 3142 sitque
406 3064 459 3125 eut
481 3060 644 3125 familiaris
666 3061 811 3138 scientior,
842 3063 999 3146 cognitam
1030 3062 1151 3129 clauom
1181 3063 1240 3127 cito
1271 3082 1308 3127 ex
1338 3064 1431 3144 copia

281 3163 333 3228 illu
355 3170 510 3249 congestas
533 3165 565 3228 iu
589 3184 680 3229 ιιιιιιιιι
705 3165 865 3230 uarietatis
887 3166 1013 3251 eligere,
1053 3174 1105 3231 aut
1136 3167 1273 3251 ingentis
1303 3165 1430 3242 laboris,

282 3280 384 3349 aptam
409 3274 440 3332 et
462 3287 629 3353 congruum
652 3268 773 3333 clauom
803 3270 959 3351 aperiendi
991 3272 1228 3353 uniuscuiusque
1258 3272 1360 3335 aditus
1383 3272 1430 3335 in·

326 3424 428 3477 lfilil'
467 3424 611 3479 ddoechr
651 3436 710 3495 post
724 3425 842 3480 historia
856 3428 933 3497 incip.
934 3429 1052 3497 sol.?It
1086 3430 1316 3497 bpraenotaturb
1352 3428 1382 3479 in
1396 3445 1429 3480 eo

282 3516 331 3565 aut
342 3529 393 3579 per
401 3512 596 3579 pronominum
609 3512 757 3579 qualitates
772 3516 865 3583 scripsi
875 3516 947 3567 Stud.
959 3514 1033 3567 1886
1039 3534 1067 3585 p.
1077 3515 1137 3568 3:16
1146 3514 1175 3568 in
1186 3532 1219 3567 eo
1231 3515 1430 3582 pronominum

282 3598 431 3667 qualitates
456 3600 481 3650 rt
504 3598 534 3651 in
558 3616 590 3651 eo
613 3615 665 3666 per
688 3600 885 3668 pronominum
912 3602 1060 3669 qualitates
1084 3620 1097 3653 c
1120 3602 1149 3654 in
1174 3618 1206 3654 eo
1230 3600 1429 3669 pronominum

283 3737 463 3804 qualitatibus
491 3738 525 3791 t'r
577 3740 594 3792 5
620 3744 652 3792 ut
669 3696 723 3792 ilfi⁸
756 3741 783 3793 R
835 3744 919 3795 daut
936 3758 984 3793 om.
1003 3762 1018 3793 r
1069 3742 1294 3811 perception
1313 3741 1382 3792 nal
1408 3740 1432 3792 ι’

284 3826 299 3874 7
325 3824 472 3892 profetiam
507 3826 530 3877 1'
580 3826 598 3880 8
624 3825 778 3893 diapsalma
804 3828 830 3879 R
856 3828 886 3880 in
917 3827 1069 3896 diapsalma
1101 3828 1152 3880 l'E
1177 3827 1206 3880 in
1234 3826 1386 3895 diapsalmo
1415 3848 1430 3880 r

285 3912 317 3963 10
343 3910 394 3963 rub
421 3912 631 3965 conuersatione
665 3913 700 3965 l'r
762 3916 795 3966 ll
822 3913 893 3967 aliut
929 3915 952 3966 l'
1011 3917 1045 3966 12
1070 3914 1289 3980 intellegendum
1316 3918 1358 3967 est
1393 3915 1430 3967 l'r

284 3998 316 4049 13
335 3997 522 4065 repperiemus
547 3999 594 4051 VR
648 3998 681 4053 14
704 4000 902 4068 temptauimus
927 4002 951 4054 ι’
1000 4004 1033 4053 21
1058 4001 1148 4069 adque
1173 4002 1220 4053 l'lt
1272 4000 1429 4069 complures

181 4136 184 4142 ,
283 4082 364 4136 aedes
391 4102 410 4133 α
437 4083 517 4139 aedes
545 4085 701 4153 complures
728 4106 740 4137 ι
810 4089 846 4140 23
870 4088 901 4141 in
933 4104 1020 4141 nnnm
1052 4088 1146 4141 locum
1171 4108 1187 4140 ι·
1256 4090 1292 4141 24
1318 4087 1374 4141 sint
1401 4089 1431 4140 Ia'

283 4170 391 4238 aperire
408 4186 491 4223 omr
543 4173 752 4227 senecensem
770 4192 853 4243 uturp.
872 4178 933 4228 orld.
952 4195 985 4229 m.
1004 4177 1020 4227 1
1039 4177 1065 4227 lt
1116 4177 1151 4229 27
1170 4178 1335 4243 congestar
1378 4181 1428 4228 ant

283 4256 405 4324 ingentis
423 4276 453 4311 er
471 4258 506 4311 ad
525 4258 645 4327 ingentis
663 4262 690 4312 in
709 4278 793 4330 morp.
811 4280 878 4315 corr.
896 4280 930 4313 ιιι.
949 4263 966 4315 1
984 4264 1017 4313 R.
