3075 4967
260 285 326 350 234
610 284 729 338 saneti
746 284 883 339 Hilarii
902 283 1065 353 episcopi

261 475 385 541 deone:
419 480 457 541 te
492 475 613 542 daeet
645 473 837 559 hymnum
872 474 967 539 dens
1001 475 1039 538 in
1074 473 1176 540 Sion.
1221 474 1297 541 Sion·
1319 495 1414 541 mons

261 580 389 663 quidem
411 578 609 675 Hiemsalem
633 580 779 644 adiacens
813 582 877 652 est3
911 579 966 643 sed
1001 584 1139 644 montem
1174 578 1257 645 hune
1280 579 1415 664 eiusque

260 703 375 749 nomen
397 690 490 768 atque
525 685 620 749 etiam
653 682 738 749 urbis
772 684 868 765 ipsius
903 681 1075 756 eeclesiam,
1110 703 1180 767 quae
1214 703 1326 766 eorpus
1363 692 1417 749 est

260 787 385 867 Christi,
428 793 636 869 nuncupatam
671 806 796 868 semper
828 787 1013 868 accepimus,
1048 788 1173 852 domiuo
1210 789 1243 853 iu
1279 787 1417 870 psalmis

220 915 234 958 s
261 893 398 958 dieente:
423 911 495 978 ogo
517 898 653 957 autem
675 891 933 958 constitutus
956 911 1040 956 sum
1063 911 1132 957 ren
1153 893 1200 958 ab
1223 911 1267 958 eo
1289 912 1418 974 snper

261 997 357 1062 Sion
380 1001 552 1061 montem
568 1004 752 1061 sanetum
772 997 867 1061 eins.
891 996 1205 1080 etneinregnoeum
1219 995 1418 1062 oollislruius

261 1101 460 1166 constitutum
484 1101 718 1178 arbitraremur,
751 1101 783 1164 in
815 1099 974 1181 prophetis
1004 1105 1098 1184 atque
1129 1103 1222 1166 etiam
1252 1101 1283 1166 in
1317 1121 1420 1166 euan-

261 1204 494 1290 geliisdietum
526 1211 590 1270 est:
625 1205 754 1288 gande
788 1203 914 1280 ualde,
949 1203 1041 1269 lilia
1075 1203 1179 1283 Sion,
1217 1205 1418 1286 praediea,

262 1308 358 1374 lilia
379 1307 656 1375 Hierusalem:
680 1327 776 1374 enee
798 1328 868 1374 rex
891 1315 981 1373 tuus
1003 1310 1119 1375 uenit
1137 1308 1223 1374 tibi.
1246 1314 1421 1390 etaposto-

209 1437 236 1473 ιο
261 1413 324 1478 lus:
349 1433 392 1478 ea
414 1420 556 1493 autem,
588 1432 671 1497 quae
694 1432 853 1478 sursum
885 1421 946 1478 est
975 1412 1244 1493 Hierusalem,
1275 1412 1421 1479 libera

262 1523 332 1595 est,
363 1537 446 1601 quae
476 1523 540 1582 est
569 1522 697 1583 mater
730 1523 878 1582 nostra.
924 1515 1060 1598 hymnus
1084 1537 1159 1602 ergo
1181 1516 1232 1582 hie
1256 1517 1315 1583 deo
1339 1537 1421 1583 eon·

262 1623 360 1700 decet,
384 1623 437 1705 qui
459 1623 500 1686 sit
522 1622 553 1685 iu
578 1620 651 1687 Sion
675 1620 803 1702 spiritali
828 1635 858 1687 et
886 1620 1094 1687 eeclesiastico
1117 1622 1237 1686 cantico
1260 1623 1421 1687 innoeens

262 1731 294 1792 et
316 1726 366 1790 dei
389 1724 531 1791 laudibus
556 1725 661 1791 duleis.

306 1829 334 1894 3.
357 1828 470 1895 Omnia
491 1836 595 1895 auteur
617 1830 871 1911 superstitionum
894 1849 1017 1914 genera,
1034 1849 1103 1913 quae
1123 1838 1211 1895 entra
1224 1829 1422 1914 religionem

211 1955 236 1994 ra
263 1934 314 2000 dei
337 1934 407 2010 sint,
430 1933 624 1999 oondemnat
669 1933 774 2015 plures
797 1935 881 1999 enim
897 1940 967 1999 sunt
991 1934 1022 1999 in
1046 1934 1280 2000 demersissimo
1296 1936 1422 2000 erroris

261 2038 413 2120 profundo
436 2037 534 2112 loeati,
558 2039 611 2123 qui
634 2039 782 2103 doetrinae
806 2059 869 2104 sua
892 2038 1131 2119 pemersitatem
1149 2039 1285 2123 quadam
1308 2038 1423 2104 inanis

262 2142 377 2208 laboris
399 2143 551 2224 probitate
585 2143 815 2208 commendent
859 2142 1015 2208 ceruimus
1037 2161 1173 2226 namque
1196 2142 1287 2206 nudis
1312 2141 1422 2223 philo·

263 2245 378 2327 sophos
401 2246 581 2328 corporibus
610 2246 732 2330 algere;
766 2247 835 2328 ipso
869 2247 963 2312 etiam
994 2247 1204 2330 coniugiorum
1236 2265 1292 2310 usu
1325 2249 1423 2332 magi

262 2350 435 2430 abstinent;
471 2350 607 2416 baeretici
641 2351 723 2416 sieeo
756 2352 845 2431 panis
876 2351 943 2416 oibo
968 2351 1082 2415 uiuunt.
1128 2349 1184 2416 sed
1207 2351 1259 2434 qui
1282 2349 1424 2416 tandem

212 2475 236 2510 20
262 2440 351 2540 otiosi
385 2453 476 2519 huius
509 2455 657 2536 propositi
690 2453 847 2536 proiectus
882 2459 953 2523 est?
987 2461 1086 2520 totum
1119 2453 1178 2520 hoe
1199 2455 1292 2519 inane
1316 2463 1423 2539 atque

262 2555 424 2623 ridiculum
449 2563 497 2623 est
518 2565 550 2624 et
572 2578 644 2623 eum
666 2559 743 2640 ipsis
765 2559 994 2640 superstitionis
1018 2559 1119 2624 causis
1135 2558 1321 2624 miserabile
1354 2561 1423 2625 deo

263 2681 338 2747 argo
374 2663 516 2727 nouanda
552 2669 625 2727 sunt
658 2667 851 2745 contemptus
885 2664 1033 2744 eorporis,
1072 2663 1221 2728 eastitatis
1259 2663 1424 2742 custodia,

262 2766 368 2832 ieiunii
391 2765 561 2831 tolerantia.
606 2773 700 2850 atque
722 2769 794 2833 ideo
813 2768 872 2832 ait:
896 2774 935 2833 et
958 2767 1035 2832 tibi
1057 2767 1254 2833 reddetur
1277 2773 1425 2834 uotum

263 2870 303 2934 in
328 2869 600 2936 Hierusalem.
645 2875 715 2936 uota
745 2871 829 2935 enirn
860 2876 979 2936 tanturm
1010 2870 1227 2938 ecelesiastica
1250 2868 1425 2955 religionis

211 2991 238 3031 2⁶
264 2972 351 3054 utilia
373 2981 453 3039 sunt.
499 2994 569 3058 quae
598 2995 667 3040 eurn
692 2984 723 3040 et
752 2975 857 3060 dignis
888 2975 946 3042 deo
974 2975 1167 3040 cantionibus
1190 2981 1221 3040 et
1247 2977 1425 3056 propositae

263 3078 295 3142 in
318 3077 449 3144 eeclesia
470 3078 674 3144 obseruantia
697 3080 799 3144 studio
828 3080 1047 3161 probabuntur,
1071 3085 1137 3144 tum
1167 3079 1255 3164 digni
1285 3080 1424 3160 erimus,

307 3221 324 3271 s
342 3219 386 3272 rs.
405 3219 439 3285 11,
458 3223 482 3272 a.
518 3221 536 3274 a
554 3218 636 3273 mea
653 3220 701 3287 rx,
719 3223 744 3287 o,
763 3219 798 3273 er.
816 3220 915 3274 narn.
934 3220 1007 3288 xxr,
1026 3221 1050 3273 5.
1088 3223 1122 3275 ιο
1140 3220 1199 3274 en.
1217 3219 1264 3287 rv,
1281 3221 1326 3274 ae.

308 3345 366 3396 lte
399 3341 440 3395 Va
468 3342 521 3395 tibi
540 3341 603 3394 RPs
656 3341 737 3396 deest
754 3341 818 3396 dffre
844 3342 868 3395 V
917 3341 1052 3410 hymnum
1074 3341 1109 3396 ds
1133 3341 1157 3396 V
1181 3358 1280 3410 ymnus
1300 3340 1376 3396 deus
1398 3344 1428 3396 P

264 3480 324 3534 sion
337 3482 438 3534 secund.
449 3481 496 3534 loc.
507 3497 579 3551 supr.
588 3497 637 3534 sor.
647 3499 680 3534 m.
689 3478 745 3535 3R
797 3427 983 3562 accipimus
1000 3480 1026 3532 P
1077 3479 1171 3534 salmis
1188 3481 1214 3533 id
1266 3479 1424 3536 bdioente

264 3602 295 3638 aa
311 3584 451 3638 dicentem
470 3583 497 3636 P
547 3583 683 3638 constitus
702 3585 728 3637 R
781 3585 870 3638 habeo
888 3581 1016 3652 superR
1068 3581 1255 3653 'lprofetisR
1309 3599 1424 3640 euuan-

264 3722 345 3790 μιῇ,
373 3722 399 3775 n
451 3722 576 3791 aganus
604 3740 634 3775 ea
661 3723 765 3790 ganea
792 3722 819 3776 P
881 3725 913 3776 ro
930 3679 1025 3776 risum
1052 3721 1079 3775 P
1128 3721 1247 3776 limma
1273 3727 1317 3776 aa
1344 3739 1425 3792 qm

264 3815 354 3863 mater
371 3809 503 3863 nostraP
555 3811 587 3863 13
606 3809 793 3864 dsoexddm.
808 3808 829 3862 2
844 3810 871 3862 P
924 3807 1374 3880 rspoaaomniaeras.5-61na
1396 3813 1426 3866 R

270 3949 301 4002 ld
319 3947 504 4016 condempnat
523 3949 549 4001 R
601 3947 631 4001 in
649 3949 775 4002 demerso
794 3947 821 4001 P
872 3951 904 4002 17
924 3904 1076 4016 oonddpnnds
1095 3948 1121 4000 R
1175 3950 1207 4002 18
1225 3945 1278 4001 usfi
1304 3967 1336 4002 er
1364 3967 1424 4005 usu

266 4105 300 4139 m.
316 4083 338 4139 s
354 4087 382 4140 a
435 4088 538 4156 -zagn
559 4048 684 4156 nmagr'
699 4088 726 4140 P
740 4087 870 4157 mapsan
884 4089 912 4140 n
962 4089 997 4142 ra
1015 4085 1167 4140 nemesin
1219 4088 1255 4141 ao
1272 4091 1368 4142 torum
1389 4109 1424 4144 a

266 4176 361 4227 tutum
379 4173 406 4227 R
458 4174 548 4242 adque
567 4176 593 4228 R
644 4176 677 4229 21
698 4172 732 4228 od
750 4174 805 4243 ipsi
825 4174 850 4226 P
900 4175 936 4228 22
949 4185 1010 4244 post
1028 4177 1202 4242 eontemptus
1220 4191 1288 4227 eros.
1307 4191 1381 4244 ergo
1396 4178 1425 4230 R

265 4261 300 4315 96
318 4260 496 4314 obseruantia
513 4260 540 4314 R
592 4262 747 4329 probantur
766 4261 812 4314 ne.
