3075 4967
401 287 584 336 tractatus
602 282 638 336 in
656 282 830 351 psalmum
847 282 892 335 LI.
1156 280 1217 345 107

97 478 124 534 et
150 475 368 552 tempestas
400 471 598 537 demersit
621 491 687 537 me.
730 471 907 556 unigenitus
929 470 1034 555 itaque
1057 470 1106 536 dei
1128 469 1220 547 iilius,

96 574 133 639 dci
161 573 282 638 uerbum
307 584 337 640 et
368 575 445 640 deus
471 576 609 650 uerbum,
644 577 683 641 ad
718 576 871 642 eruendos
904 593 962 640 nos
995 594 1034 640 ex
1067 574 1219 656 profundo

96 677 181 743 seculi
200 677 289 744 huius
312 679 478 764 naufragio
501 679 664 746 descendit
686 680 833 746 doctrinae
854 698 917 745 snae
932 678 1000 756 reti,
1023 679 1073 744 cui
1087 697 1217 764 regnum

96 781 219 848 calorum
241 783 341 848 simile
364 791 420 862 est,
444 783 512 849 haec
534 785 681 850 uniuersa
711 784 844 866 piscium
873 803 991 868 genera
1021 789 1219 848 extracturus.

97 886 125 950 ab
145 887 230 966 impio
253 887 366 971 populo
390 887 529 969 proditur
553 897 584 952 et
606 887 824 968 inhonoratur;
848 906 978 971 seseque
993 886 1124 969 populus
1147 905 1220 953 con·
1260 918 1273 953 a

96 989 225 1056 tornatus
254 991 293 1056 ad
322 991 528 1058 inludendum
555 993 682 1058 draconi
713 991 832 1058 socium
863 991 931 1072 ipse
954 991 1111 1075 demergit
1132 996 1164 1056 et
1187 992 1219 1055 in

98 1091 145 1159 hoc
173 1114 204 1160 se
236 1095 421 1178 profundum
457 1096 496 1161 ad
529 1095 679 1162 incolatus
716 1096 783 1161 eius
820 1094 1008 1161 consortium
1043 1094 1221 1176 praecipitat.

97 1198 132 1263 sie
150 1203 176 1264 ot
202 1197 375 1265 incredulus
406 1199 509 1284 Moysi
532 1200 759 1285 Aegyptiorum
790 1197 921 1281 populus
949 1198 1137 1282 praecipitari
1166 1199 1220 1264 de-

99 1302 239 1387 mergique
261 1303 383 1379 meruit,
410 1314 440 1369 et
463 1304 589 1385 impiam
612 1313 741 1388 gentem
763 1302 860 1369 refusi
883 1304 915 1366 in
938 1323 972 1368 se
994 1303 1089 1367 maris
1112 1302 1221 1367 ductus

99 1406 242 1485 secreuit,
253 1407 506 1491 praecipitationis
522 1408 617 1474 uerba
633 1415 713 1486 tunc,
730 1427 800 1473 cum
816 1409 874 1473 deo
889 1407 1014 1484 obstitit,
1030 1406 1220 1491 diligentem.
1250 1439 1274 1473 ιο

133 1510 175 1574 14.
196 1509 271 1590 Quia
315 1511 409 1598 igitur
450 1511 624 1578 Iudaeorum
661 1511 791 1597 populus
829 1510 1007 1576 incredulus
1044 1518 1075 1576 et
1111 1529 1222 1595 regern

98 1632 171 1678 suurn
198 1616 332 1698 prodens
365 1616 461 1686 uerba
495 1616 746 1698 praecipitationis
777 1615 893 1696 dilexit,
927 1616 1050 1681 dicens:
1084 1633 1221 1698 regem

99 1737 157 1782 nou
188 1718 316 1784 habeo
349 1720 431 1785 nisi
462 1719 668 1798 Gaesarem,
703 1722 761 1785 deo
795 1739 872 1804 rege
905 1718 1048 1804 neglecto
1083 1725 1114 1784 et
1145 1736 1221 1802 rege

99 1821 206 1888 homine
228 1823 370 1889 confesso
400 1823 431 1888 in
453 1823 513 1888 hoc
542 1843 577 1889 se
607 1824 711 1890 saeouli
746 1823 933 1904 profundum
963 1822 1030 1904 ipse
1057 1821 1221 1898 demersit;

99 1927 154 1990 ideo
174 1927 203 1991 in
230 1927 327 1992 finem
358 1928 524 1993 destruitur
547 1965 588 1976 —
611 1947 708 2012 usqua
738 1928 771 1993 in
805 1926 1104 1993 consummationem
1138 1925 1222 1992 enim
1250 1958 1275 1992 ra
1342 1931 1345 1936 ’

101 2031 186 2096 saculi
206 2051 336 2117 regnum
361 2033 523 2097 destructa
547 2033 678 2098 ciuitatis
701 2032 806 2096 amisit
828 2069 869 2078 —
893 2038 924 2095 et
953 2031 992 2095 de
1025 2027 1222 2094 tabernaculo

101 2134 203 2200 euulsns
226 2145 255 2200 et
278 2136 518 2220 transmigratus
541 2143 600 2201 est:
623 2155 722 2220 uagus
744 2154 826 2200 nunc
848 2136 880 2198 iu
904 2141 967 2198 roto
983 2133 1057 2199 orbe
1072 2141 1223 2198 terrarum

101 2244 125 2302 st
155 2239 260 2324 ubique
293 2241 477 2323 peregrinus
511 2240 732 2305 consummatis
766 2239 910 2304 omnibus
942 2237 1006 2303 suis
1039 2237 1072 2301 in
1105 2235 1222 2301 domini

102 2343 224 2420 passione
246 2344 390 2427 peccatis.

136 2445 178 2511 15.
208 2446 284 2528 Quia
324 2447 577 2529 praecipitationis
617 2446 713 2510 uerba
754 2445 875 2526 dilexit,
924 2443 1124 2510 tabernaculo
1170 2441 1223 2507 illo
1251 2476 1276 2514 oo

101 2555 175 2628 caret
195 2551 226 2614 in
248 2570 310 2635 quo
333 2550 487 2634 propheta
520 2569 644 2634 semper
666 2551 716 2616 dei
739 2551 850 2631 spiritu
880 2548 989 2630 plenus
1019 2548 1085 2626 tuit
1109 2548 1224 2631 inquo

101 2659 253 2720 auctarum
290 2657 441 2721 uirtutum
481 2655 650 2720 tremendae
691 2653 968 2736 contemplationes
1005 2663 1035 2718 et
1072 2651 1224 2718 salutares

100 2757 214 2824 uisiones
237 2761 427 2837 exstiterunt,
450 2760 481 2824 in
505 2778 565 2843 quo
589 2757 759 2824 hostiarum
783 2759 823 2824 ad
848 2757 1095 2839 redemptionem
1112 2757 1224 2820 animm

100 2861 173 2927 utiles
192 2863 370 2941 oblationes,
386 2865 419 2928 in
442 2883 502 2947 quo
525 2862 649 2944 pasche
665 2881 766 2947 agnus
782 2864 813 2927 in
829 2861 920 2927 clade
932 2861 1068 2946 Aegypti
1085 2859 1224 2924 fidelium

101 2977 187 3032 matos
208 2976 236 3033 et
258 2969 290 3032 in
314 2968 456 3033 liminum
480 2967 631 3052 sanguine
653 2975 762 3047 potens
785 2967 921 3050 signum,
952 2967 983 3030 iu
1014 2985 1074 3049 quo
1104 2962 1223 3028 aemula
1251 2997 1276 3033 n

136 3107 384 3176 mmmm

135 3265 190 3319 iet
205 3265 248 3320 dei
274 3266 393 3320 uerbum
411 3265 441 3317 E
491 3264 526 3317 ad
547 3263 713 3318 erudiendos
734 3278 785 3316 nos
802 3262 851 3315 VR
869 3262 917 3329 qui
935 3261 971 3314 sd
988 3260 1123 3314 eruendos
1141 3260 1227 3313 nosT

102 3348 229 3404 dretePT
277 3351 433 3407 4oelorum
451 3347 504 3416 (cel
523 3353 550 3403 in
568 3346 632 3415 rae.)
646 3349 672 3402 R
724 3349 856 3417 opopulo
875 3367 906 3401 ec
922 3348 988 3416 polo
1006 3345 1113 3401 ἨΥ
1161 3361 1226 3414 pro·

103 3433 164 3490 ditur
179 3462 211 3474 -
227 3439 347 3508 populus
375 3456 423 3492 om.
449 3437 473 3490 V
521 3437 626 3506 populo
644 3435 868 3490 conformatoRe
885 3431 1067 3500 (conformato
1091 3435 1168 3486 eriam
1191 3431 1226 3496 V]

103 3520 262 3578 idmoonem
281 3526 347 3579 PTe
399 3524 430 3578 in
451 3541 499 3578 om.
522 3523 549 3578 V
598 3521 801 3592 'ipraeeipitat
827 3539 858 3574 ex
882 3520 1079 3590 praecipitauit
1106 3518 1179 3573 rm?
1204 3519 1230 3571 V

103 3607 216 3678 Smoyra
234 3613 259 3664 P
309 3611 505 3680 Aegiptiorum
524 3610 550 3663 R
607 3612 640 3664 lo
663 3615 723 3662 tum
740 3609 842 3660 VPTE
892 3607 1048 3662 obsistiiV
1104 3607 1137 3662 ll
1161 3605 1227 3674 quia

104 3698 198 3764 ergon
244 3698 344 3753 Iudeae
359 3697 451 3750 Vm
469 3697 587 3751 Iudaeus
600 3696 629 3749 E
682 3696 714 3749 12
732 3695 891 3763 praecipitii
909 3691 941 3758 (ii
961 3696 989 3746 in
1010 3693 1074 3755 ras.)
1095 3693 1123 3747 R
1148 3709 1228 3762 prae·

104 3779 261 3848 eipitiiPTE
311 3787 345 3838 ta
360 3785 414 3838 nisi
432 3783 609 3852 camoenali
662 3783 696 3837 14
711 3799 739 3834 ae
758 3783 844 3834 omn
898 3781 931 3834 lli
945 3779 1007 3834 ideo
1026 3797 1057 3833 err
1074 3796 1106 3833 co
1124 3777 1189 3834 aa?
1206 3779 1231 3832 V

104 3865 126 3918 in
148 3867 195 3924 fine
225 3871 272 3925 VR
333 3871 364 3925 in
391 3868 628 3924 consummatione
656 3867 682 3920 P
743 3870 775 3922 16
802 3867 955 3922 distructas
981 3867 1008 3920 P
1066 3869 1102 3920 20
1125 3883 1180 3934 qua
1207 3865 1231 3917 V

104 3953 131 4006 it
145 3963 290 4012 sauctorum
318 3959 343 4010 V
403 3955 644 4026 contemplationis
663 3955 688 4007 P
748 3961 776 4008 et
803 3953 932 4007 salutaris
950 3952 1095 4018 (salutares
1115 3949 1150 4019 il
1170 3953 1227 4006 suis

105 4091 168 4147 donis
184 4097 336 4151 extiterunt
354 4093 506 4150 Pt'om.V
556 4040 706 4164 capessite
726 4094 751 4147 R
769 4092 871 4161 pasche
888 4093 914 4146 V
927 4109 1026 4161 pascae
1042 4093 1068 4144 P
1118 4107 1189 4160 agno
1205 4091 1231 4143 V

105 4179 167 4235 clade
183 4201 211 4236 ex
227 4184 324 4238 claude
343 4181 415 4236 m.2
437 4183 463 4236 V
511 4183 546 4236 25
570 4186 662 4262 custos
680 4199 711 4234 err
729 4195 777 4234 eus
795 4197 829 4232 m.
847 4177 867 4231 2
890 4179 915 4233 V
964 4175 1063 4232 limina
1082 4197 1112 4232 ex
1132 4177 1228 4232 limine

104 4273 202 4322 coram.
220 4270 236 4322 1
255 4271 288 4324 R.
