3075 4967
312 267 374 331 174
645 267 762 319 sancti
788 265 922 318 Hilarii
947 266 1113 334 episcopi

355 459 384 520 a.
410 457 489 537 Quid
512 464 612 521 autem
636 456 844 520 confitendum
876 456 908 519 in
942 455 1077 537 populis·
1096 453 1353 538 psallendumque
1375 457 1447 520 inter

311 570 421 646 gentes
445 568 535 638 asset,
558 560 708 625 ostendit:
733 560 826 643 qnia
850 559 1122 643 magnificata
1156 567 1218 624 est
1252 579 1378 644 usque
1407 560 1447 624 ad

312 665 430 730 caelcs
455 665 743 730 misericordia
764 670 831 728 tua
855 674 894 729 θῖ
917 683 1041 747 usque
1065 664 1112 728 ad
1146 664 1273 728 nubes
1296 665 1447 729 ueritas
1519 747 1520 750 Ἴ

312 779 384 834 tua
410 768 1450 860 haecestergoinpopulisgentibusqueconsessm,qniamagnificata

197 900 201 908 ·
272 899 286 938 a
313 893 411 958 usque
427 875 466 939 ad
482 872 573 938 caelos
592 873 805 937 misericordia
820 873 861 936 sit
876 878 907 938 et
925 873 1039 938 ueritas
1059 892 1157 956 usque
1176 873 1215 936 ad
1232 874 1341 938 nubes.
1385 893 1449 936 nam

314 999 383 1043 cnm
401 978 524 1042 domino
539 977 662 1042 obuiam
682 977 777 1041 sancti
794 978 952 1058 rapientur
967 977 999 1041 in
1014 977 1146 1042 nubibus
1161 977 1228 1059 ipsc
1246 976 1299 1042 illo
1324 979 1403 1042 nube
1423 977 1449 1041 in

315 1083 546 1147 resurrectionis
568 1101 695 1162 corpore
719 1082 836 1146 eleuata
860 1088 890 1146 et
913 1087 1101 1147 creatura
1132 1083 1258 1146 omnis
1289 1083 1450 1146 seeundum

314 1185 486 1268 apostolum
506 1207 525 1250 a
546 1186 809 1269 corruptione
832 1186 887 1250 sit
909 1183 1126 1250 liberanda
1147 1186 1452 1270 pacificataque

315 1293 446 1356 omnia
468 1311 538 1372 per
561 1310 646 1355 enm
670 1300 708 1355 θῖ
731 1290 769 1353 in
793 1289 887 1355 caelo
910 1291 993 1355 sint
1014 1297 1053 1354 θῖ
1083 1291 1267 1366 interra,
1295 1291 1453 1355 meritust

263 1420 288 1456 m
314 1396 459 1478 usquead
469 1396 566 1460 nubes
578 1395 691 1460 ueritas
703 1400 815 1459 nostrae
828 1394 859 1458 in
868 1415 903 1459 eo
916 1395 1147 1460 resurrectionis
1157 1394 1291 1460 ecfertur
1300 1405 1331 1459 et
1340 1395 1452 1478 magni·

314 1499 424 1565 ficator
438 1519 537 1584 nsque
552 1501 591 1564 ud
608 1498 698 1564 caelos
714 1498 927 1564 misericordia
939 1499 1013 1575 aim,
1029 1499 1294 1582 congemescentis
1311 1507 1453 1564 creature

315 1603 506 1684 corruptione
521 1603 659 1684 depulsa.
704 1606 759 1668 sed
776 1601 884 1667 horum
902 1603 1028 1685 quidem
1043 1621 1142 1686 usque
1154 1604 1193 1667 ad
1205 1603 1303 1667 nubes
1316 1609 1348 1668 et
1362 1623 1453 1686 usqne

316 1709 356 1772 ad
383 1707 474 1773 caelcs
508 1708 699 1792 significatur
732 1707 840 1784 statim
874 1727 983 1772 uarum
1018 1705 1059 1771 illi
1097 1707 1251 1788 proprium
1286 1715 1335 1773 est
1369 1708 1453 1773 celos

316 1813 493 1897 transgredi
518 1819 548 1877 θῖ
570 1832 693 1877 omnem
718 1831 844 1877 sensum
876 1811 1057 1876 existimatae
1089 1810 1285 1876 sublimitatis
1316 1813 1452 1877 euadere.

264 1938 290 1976 a
363 1917 412 1982 10.
436 1916 580 1998 Repetite
601 1917 704 2001 itaque
726 1916 792 1997 spei
817 1936 880 1980 suae
905 1916 1081 1996 precatione
1097 1914 1247 1998 propheta
1269 1916 1314 1981 sic
1338 1915 1454 1981 clausit:

317 2019 782 2102 exaltareeupercaeloa‚
807 2021 969 2098 denset
992 2038 1282 2100 superomnem
1306 2027 1455 2085 terram

317 2126 450 2209 gloria
483 2133 557 2190 tua.
602 2124 703 2189 nullus
738 2124 901 2189 exaltando
935 2125 991 2189 deo
1022 2126 1133 2190 modus
1168 2131 1230 2194 est:
1263 2144 1337 2189 nam
1371 2145 1456 2206 snper

318 2229 409 2295 caelos
432 2230 497 2294 eins
520 2228 610 2295 elatio
627 2237 684 2294 est
730 2229 873 2293 dominns
890 2229 971 2293 enim
988 2235 1196 2293 ereaturarum
1211 2227 1292 2293 ultra
1307 2243 1456 2295 creaturas

318 2331 542 2417 intellegendus
555 2346 610 2398 est
656 2341 686 2398 et
701 2353 772 2398 cum
790 2332 877 2396 nobis
889 2352 949 2397 non
964 2331 1046 2397 aliud
1059 2334 1099 2397 sit
1121 2333 1153 2397 in
1173 2333 1350 2417 cognitione
1371 2352 1456 2416 quam

266 2457 291 2493 20
319 2435 435 2515 caelum,
459 2437 538 2502 ultm
561 2457 685 2503 omnem
719 2457 847 2502 sensum
882 2444 937 2515 θθῖ,
972 2438 1023 2520 qui
1059 2457 1152 2517 super
1185 2435 1276 2503 caelos
1311 2437 1457 2504 exaltatus

319 2561 444 2606 sensum
466 2542 598 2605 notionis
621 2542 750 2606 excedit.
796 2541 1008 2606 misericordia
1042 2541 1167 2624 quidem
1203 2542 1268 2607 eius
1301 2561 1399 2626 usqua
1429 2543 1457 2606 in

320 2664 376 2710 nos
403 2644 597 2723 redundauit‚
621 2647 678 2710 sed
702 2644 901 2728 magnificata
935 2665 1031 2729 usque
1055 2647 1092 2710 ad
1118 2645 1210 2710 caelos
1232 2646 1263 2710 in
1288 2646 1458 2711 celestibus

319 2769 389 2812 mox
423 2749 542 2813 futuris,
588 2757 620 2813 θῖ
642 2770 709 2814 cum
743 2769 843 2833 usqne
877 2750 918 2814 ad
951 2750 1050 2814 nubes
1085 2749 1198 2814 ueritas
1233 2751 1298 2815 eius
1322 2749 1399 2814 elatu
1423 2749 1457 2814 sit

320 2854 409 2919 nobis
432 2853 554 2918 obuiam
577 2853 609 2917 in
632 2855 713 2919 nube
736 2854 901 2935 rapiendis
937 2854 992 2918 sed
1015 2851 1106 2918 aaelcs
1131 2873 1240 2918 omnes
1264 2861 1366 2920 tamen
1390 2873 1458 2919 artn-

267 2975 293 3012 a
320 2977 460 3022 sessurus
482 2981 502 3022 a
525 2958 574 3022 dei
598 2958 713 3024 dextris
736 2959 803 3039 ipsa
826 2958 1024 3037 transcendit,
1058 2956 1157 3043 gloria
1190 2978 1313 3042 qnoque
1344 2960 1406 3024 eius
1430 2959 1458 3021 in

365 3116 381 3166 7
399 3114 477 3169 Rom.
496 3113 569 3182 Vlll,
588 3118 629 3169 21.
665 3117 682 3170 8
701 3115 803 3169 Coloss.
823 3116 843 3183 Ι,
862 3117 903 3170 20.

364 3290 427 3341 3et
450 3289 554 3341 ueritas
580 3293 629 3341 tua
654 3306 740 3357 neque
767 3291 803 3342 ad
830 3289 916 3344 nubes
944 3289 997 3342 PE
1048 3288 1274 3342 dmieemcordia
1301 3289 1338 3341 sit
1364 3289 1459 3355 arripe,

320 3374 676 3428 misericordiazzzlt
688 3376 725 3429 sit
743 3376 934 3429 misericordia
944 3376 1022 3428 PTE
1072 3379 1089 3429 6
1107 3375 1253 3443 rapiantur
1271 3394 1301 3428 ec
1319 3375 1459 3443 rapientur

323 3463 348 3514 'l'
386 3462 467 3526 illas'e
519 3462 549 3514 in
576 3463 787 3516 resurrectionis
815 3479 951 3534 corporee
975 3483 993 3512 α
1021 3463 1050 3516 in
1079 3462 1291 3516 resurrectionis
1315 3477 1459 3530 corporeae

320 3549 440 3618 gloriam
448 3551 487 3602 ed.
504 3549 586 3601 Barit.
606 3549 686 3617 1550,
701 3549 765 3602 Por.
780 3548 855 3602 1572
908 3553 925 3603 ‘t
943 3550 1050 3604 eleuata
1062 3549 1087 3600 R
1096 3550 1130 3617 cs.
1142 3549 1185 3602 Ρθ.
1197 3549 1279 3601 LXII
1288 3565 1344 3618 cop.
1354 3548 1380 3614 ll,
1390 3547 1460 3600 elato

321 3655 352 3689 ex
369 3635 436 3689 elati
454 3636 479 3687 Τ
496 3635 563 3689 elati
581 3655 611 3689 er
628 3636 698 3690 eluti
726 3637 752 3688 P
773 3636 872 3690 eletio
896 3637 1001 3691 elaios
1053 3634 1327 3704 Spacificidaqnee
1379 3637 1460 3702 9per

321 3738 384 3778 enm
404 3739 474 3790 quae
493 3723 569 3776 etin
588 3723 616 3775 E
668 3726 700 3778 10
717 3727 829 3776 nostrae
847 3724 1026 3790 resisterunt,
1046 3729 1140 3776 nostra
1153 3723 1243 3776 RPTe
1296 3719 1463 3776 h'ferturP

321 3810 389 3863 haec
406 3810 496 3863 fertur
514 3809 540 3861 T
593 3813 625 3864 11
649 3810 886 3878 congemescentis
904 3809 931 3863 R
948 3809 1177 3878 congemiscentis
1196 3809 1276 3862 ΡΓΕ
1329 3811 1361 3864 ld
1386 3823 1461 3876 prae·

320 3897 431 3951 catione
449 3897 475 3950 R
529 3900 561 3952 16
579 3914 662 3966 super
680 3897 766 3951 coelis
793 3899 830 3949 ad.
860 3897 923 3949 Par.
947 3895 1158 3950 15720001ist
1213 3898 1245 3950 17
1263 3896 1353 3965 gloria
1369 3901 1415 3949 tua
1432 3911 1461 3944 α

321 3983 441 4052 gloriam
458 3988 535 4037 tuam
553 3984 579 4037 R
634 3986 666 4037 18
683 3987 875 4036 creaturarum
893 3983 968 4036 ultra
986 3983 1077 4036 RPTd
1095 3991 1287 4036 creaturarum
1305 3987 1346 4036 est
1365 3982 1460 4036 ultrae

323 4073 356 4124 la
373 4070 571 4138 intelligendus
589 4071 605 4123 θ
623 4069 676 4134 (eet
695 4069 730 4135 T)
749 4071 802 4123 ΒΤ
819 4069 1015 4137 intelligendus
1034 4070 1074 4123 Pd
1128 4073 1160 4123 21
1180 4070 1291 4124 excedit
1314 4089 1344 4123 a
1360 4065 1458 4122 excidit

320 4175 389 4210 corr.
408 4175 440 4210 m.
460 4156 476 4209 1
495 4158 521 4210 R
538 4157 662 4211 excludit
682 4157 744 4210 PYe
798 4157 832 4210 22
849 4156 1016 4210 redundabit
1036 4157 1061 4208 R
1113 4159 1148 4209 24
1166 4156 1216 4210 sed
1229 4157 1340 4209 RPch
1357 4153 1458 4208 scilicet

322 4246 362 4298 ed.
380 4245 464 4298 Beati.
483 4244 566 4312 1550,
586 4244 649 4297 Pcr.
668 4243 744 4297 1572
796 4247 830 4298 25
848 4245 1024 4298 transcendet
1044 4245 1076 4296 R.
