3075 4967
315 286 377 352 772
654 286 772 340 saneti
796 286 932 340 Hilarii
956 286 1119 355 episcopi

314 477 438 543 domino
452 475 590 542 dicente:
614 476 691 540 iam
713 495 789 540 non
813 476 904 541 dico
926 495 998 540 uos
1020 495 1175 556 seruos,
1197 477 1294 560 quia
1315 497 1441 544 seruus

313 581 455 658 nascit,
479 580 574 665 quid
596 578 702 645 uelit
725 580 911 644 dominus
934 581 1037 645 eius:
1060 581 1131 646 sed
1151 601 1223 646 uos
1253 581 1346 647 (lico
1366 583 1442 646 ami·

315 704 390 760 cos,
414 684 602 768 quoniam
624 683 883 765 perstitistis
905 703 1057 750 mecum
1073 683 1112 748 in
1128 685 1319 750 omnihus
1341 694 1442 766 temp

314 788 553 854 sationibus.
598 786 657 852 hos
690 787 796 872 igitur,
835 807 912 871 quos
948 807 1031 854 nunc
1067 788 1185 854 amicos
1223 796 1384 872 nuncupat
1413 795 1442 854 ut

276 920 288 956 ι
315 893 458 973 superius
481 891 679 970 ostendimus,
702 897 734 957 et
756 912 775 957 a
798 897 885 973 patre
908 891 967 957 sibi
991 892 1081 957 datos
1103 902 1134 956 et
1155 892 1253 973 patris
1283 913 1353 959 esse
1381 913 1444 959 oon·

315 996 416 1062 sessus
439 1003 501 1076 est;
527 1001 557 1061 et
579 996 751 1063 secundum
775 995 815 1075 id,
838 997 922 1080 qood
945 996 1002 1061 ait:
1038 1002 1076 1061 at
1110 1015 1194 1061 maa
1226 997 1358 1062 omnia
1386 1002 1442 1062 tua

315 1106 416 1178 sunt,
450 1107 489 1166 et
511 1108 578 1166 tue
601 1120 692 1176 mea,
716 1100 833 1166 amicos
854 1100 952 1181 patris
975 1119 1044 1165 esse
1067 1120 1122 1166 aos
1143 1100 1228 1166 dicit
1273 1120 1334 1166 non
1355 1099 1441 1166 solnm

314 1209 417 1269 summ
440 1204 498 1284 ipsi
521 1203 714 1269 honorificati
739 1210 819 1280 sunt,
842 1204 898 1270 aad
921 1204 1015 1268 etiam
1038 1203 1230 1285 principatus
1253 1223 1360 1270 eorum
1377 1222 1440 1269 con

314 1307 418 1373 feriati
440 1314 519 1373 sunt.
564 1307 624 1388 ipsi
647 1308 774 1392 quidem
795 1306 1046 1384 honorificantur,
1070 1327 1143 1374 cum
1165 1308 1263 1376 amici
1282 1315 1357 1380 sunt
1378 1327 1436 1372 com

263 1439 287 1474 ιο
315 1412 366 1477 dia
388 1411 470 1493 plani
499 1418 580 1490 sunt
614 1431 682 1477 cum
707 1411 740 1476 in
763 1412 814 1476 his
836 1430 930 1477 nemo
953 1417 1010 1477 est.
1054 1414 1112 1477 sad
1134 1410 1326 1494 principatus
1346 1430 1435 1478 eorum

315 1515 535 1594 confortantur,
566 1515 705 1582 ecclesia
728 1515 846 1581 scilicet
867 1516 907 1580 ab
930 1513 979 1580 his
1002 1520 1119 1597 empta,
1154 1516 1194 1580 ah
1227 1515 1279 1582 his
1307 1514 1435 1597 principia

315 1626 489 1685 sumentes:
534 1639 604 1703 quaa
638 1639 732 1702 super
765 1627 886 1700 petram
920 1625 982 1684 toto
1023 1620 1098 1686 orba
1142 1619 1281 1686 fundam
1324 1619 1433 1685 sortitos

316 1723 474 1805 principiis
497 1723 705 1788 constiterunt.

360 1825 411 1892 39.
435 1827 476 1892 Et
498 1835 531 1893 ut
554 1829 594 1892 ad
617 1825 756 1894 ecclesia
779 1827 907 1910 populos
925 1827 1033 1894 referri
1049 1827 1133 1894 istud
1149 1828 1324 1894 necessario
1337 1825 1431 1892 intelle

263 1959 288 1995 ιι
315 1939 448 2016 geretur,
477 1931 604 1998 adiecit:
639 1932 906 1998 dinumerabo*
938 1951 1015 2008 eos,
1038 1937 1076 1997 et
1109 1951 1233 2012 snper
1265 1931 1430 1996 harenam

316 2034 710 2116 multiplicabuntur.
757 2035 904 2119 numquid
936 2055 1082 2100 numerus
1112 2055 1220 2102 eorum
1244 2038 1370 2102 incertus
1388 2042 1430 2101 ost

315 2141 367 2223 qui
391 2139 422 2204 in
445 2138 523 2204 libro
545 2139 597 2204 dei
612 2139 811 2206 scribuntur?
855 2159 930 2220 ergo
944 2138 1265 2205 nullaestdifficultas
1276 2141 1307 2204 in
1319 2157 1430 2207 numera

315 2262 445 2327 quorum
482 2243 597 2308 ueritas
633 2249 756 2308 maneat
784 2243 816 2307 in
839 2244 963 2324 scripto.
1008 2243 1074 2325 sed¹
1096 2243 1193 2328 aliqui
1227 2245 1311 2327 qued
1338 2243 1431 2310 dictum

317 2355 378 2412 est:
403 2367 524 2428 super
547 2346 740 2412 harenam
764 2346 1431 2429 multiplicabuntur,nonadhominas

264 2475 288 2512 ao
315 2457 433 2517 tantum
457 2451 655 2516 reserandum
678 2452 942 2530 existimauemnt
965 2451 1038 2535 quia
1062 2451 1196 2518 Abrahae
1220 2451 1336 2518 dictum
1355 2460 1433 2515 esset:

316 2562 355 2620 et
387 2555 467 2621 erit
500 2575 637 2621 samen
672 2561 781 2620 tuum
815 2556 923 2621 sient
955 2555 1107 2621 harena
1140 2557 1276 2630 maris,
1314 2561 1350 2630 ot
1376 2551 1435 2636 qua

316 2659 453 2724 Abrohae
486 2679 594 2724 semen
628 2659 707 2724 sicut
741 2657 859 2724 harena
893 2661 989 2724 maris
1022 2667 1079 2736 est
1111 2660 1151 2724 ad
1182 2659 1225 2736 td,
1260 2661 1340 2743 quod
1359 2673 1436 2736 sapor

316 2762 467 2828 harenam
491 2761 739 2844 multiplicantur,
763 2763 872 2828 amicis
895 2764 944 2829 dei
967 2762 1129 2829 multitudo
1144 2761 1297 2847 angelicae
1314 2777 1436 2828 numere

317 2866 416 2932 sitatis
440 2868 576 2932 accedat.
620 2886 682 2931 non
705 2867 894 2932 animaliter
909 2867 968 2933 sihi
984 2867 1153 2934 conuenire
1175 2867 1285 2932 sicut
1306 2867 1438 2931 harena

264 3002 289 3041 ae
316 2971 441 3035 maris
465 2977 496 3036 et
518 2990 639 3051 super
661 2970 853 3036 harenam
868 2973 1201 3052 marisputauarunt
1217 2972 1278 3037 nisi
1293 2969 1437 3036 hominum

315 3074 505 3141 multitudini
535 3083 811 3141 connumeraretur
840 3076 928 3157 copia
960 3074 1152 3160 angelorum.
1196 3079 1255 3142 sed
1275 3095 1331 3140 nos
1350 3073 1440 3139 onius

316 3177 465 3262 cuiusque
488 3180 594 3245 sensui
615 3199 678 3242 non
701 3180 904 3258 contraimus3
929 3179 1003 3263 qnid
1025 3186 1131 3246 autem
1154 3182 1322 3247 secundnm
1337 3179 1440 3242 donum

360 3373 374 3425 1
394 3372 450 3425 ron.
469 3371 527 3438 xv,
547 3373 588 3425 ιι.
624 3371 723 3424 anuo.
742 3371 881 3440 xmuse.
916 3375 933 3426 o
950 3370 1008 3425 roa
1018 3371 1104 3438 uun,
1114 3373 1156 3425 10.
1191 3373 1225 3425 ar
1245 3365 1442 3433 oenxxnn.

362 3527 544 3580 learuuosG
596 3527 791 3581 auezlico
843 3529 941 3580 ticum
954 3526 1037 3580 amici
1049 3527 1145 3580 eintG
1200 3530 1313 3582 locum
1329 3525 1356 3577 in
1373 3520 1444 3574 hiio'

315 3631 379 3668 cum
406 3613 493 3667 hisil
548 3615 578 3666 ll
598 3614 633 3667 ab
659 3613 702 3666 his
729 3619 844 3682 coeptae
874 3615 925 3666 GR
951 3614 985 3666 ah
1012 3613 1079 3682 ipsis
1104 3617 1219 3681 coaptas
1244 3613 1273 3665 E
1322 3613 1351 3664 la
1368 3619 1443 3673 aupfl'

315 3706 423 3770 petrum
445 3699 496 3752 GR
514 3704 717 3767 superterram
737 3701 765 3752 E
815 3706 874 3754 toto
892 3701 959 3754 orbe
980 3699 1083 3753 Gtoto
1099 3699 1130 3752 in
1148 3701 1216 3754 orbe
1235 3701 1290 3752 RE
1338 3697 1369 3750 13
1384 3707 1443 3745 ωπ-

316 3787 450 3842 stiterunt
476 3787 500 3839 G
523 3786 701 3840 constiterint
721 3787 774 3839 RE
827 3788 860 3840 15
884 3803 930 3839 cos
954 3789 983 3839 at
1005 3781 1444 3856 Ruenet(n1teprur.atm

316 3875 361 3926 litt
372 3870 586 3942 scriptaercr)G
640 3875 672 3926 to
691 3891 787 3927 eorum
805 3873 893 3926 onaG
948 3875 980 3926 18
998 3871 1045 3926 aed
1063 3872 1150 3940 aliqui
1169 3873 1243 3940 quod
1263 3869 1346 3925 Gead
1362 3859 1443 3988 aliqui

316 4011 682 4080 idquodlihsedidquodc
736 4015 767 4066 19
780 4011 1133 4080 superharenamt‘super
1159 4009 1277 4065 araniR
1322 3959 1442 4070 waalr'

316 4101 349 4152 21
368 4101 404 4152 sic
423 4099 460 4150 lio
478 4109 502 4151 et
520 4099 644 4167 reliquiae
664 4099 696 4165 G,
715 4103 746 4152 ut
765 4099 830 4167 quia
842 4099 969 4152 Abrahae
981 4115 1073 4152 seman
1086 4097 1160 4152 sicut
1171 4097 1273 4151 harena
1282 4093 1358 4148 marie
1369 4106 1416 4142 cm
1428 4083 1442 4129 ὅ

316 4187 351 4238 93
377 4184 601 4252 multiplicantur
621 4187 671 4238 GR
693 4185 954 4254 multiplicabuntur
972 4187 1000 4238 E
1050 4185 1134 4239 amici
1151 4187 1177 4238 R
1228 4186 1262 4237 27
1286 4176 1441 4236 eorunm
1534 4192 1535 4225 1

319 4271 374 4324 GE
390 4271 578 4325 contrahimus
597 4273 629 4324 R.
1534 4258 1535 4277 ¹
