3075 4967
279 279 342 346 248
620 281 736 334 sancti
760 281 895 335 Hilarii
919 282 1081 351 episcopi

279 471 545 538 hocinduere
568 472 921 552 incorruptionem
946 473 1127 538 etiterum:
1151 473 1188 537 in
1213 493 1290 556 quo
1313 471 1417 536 nolu-

279 595 363 641 mus
397 574 636 656 despoliari,
674 577 743 641 sed
782 576 1034 656 superindui,
1071 581 1111 641 ut
1148 575 1420 642 absorbeatur

281 679 354 745 hoc
387 678 561 744 mortale
583 699 601 742 e
623 679 715 744 uita.
761 679 819 746 bec
853 699 928 764 ergo
962 680 1143 745 indumento
1177 680 1287 746 arietes
1318 679 1417 744 ouium

280 783 447 848 induuntur
470 790 502 847 et
526 782 583 848 boo
606 782 747 867 gloriosae
771 783 1001 849 inmortalitatis
1024 783 1131 848 habitu
1153 783 1336 850 uestiuutur.

240 913 254 951 e
327 887 376 954 18.
401 887 462 953 Sed
486 907 674 971 quamquam
710 887 833 953 diuersa
867 888 1101 954 retributionum
1134 889 1196 954 sint
1225 889 1305 952 dona
1337 907 1421 952 mou·

281 996 387 1068 strata,
421 1011 508 1073 spem
542 998 647 1056 tamen
681 997 794 1072 praeter
828 992 895 1058 haec
929 1012 989 1057 non
1025 994 1168 1078 exiguum
1202 992 1423 1058 misericordie

281 1116 344 1160 suae
360 1097 437 1160 dene
453 1096 559 1161 tribuit
581 1097 688 1162 dicens
703 1116 761 1176 per
775 1095 975 1177 prophetam:
1009 1102 1048 1162 et
1070 1096 1282 1162 conualles
1307 1097 1424 1161 abun-

282 1200 435 1266 dabunt
458 1201 678 1266 frumento:
702 1200 883 1266 humiliores
903 1200 1028 1280 scilieet,
1052 1203 1107 1267 sed
1122 1207 1227 1267 tamen
1242 1221 1304 1266 non
1322 1201 1424 1281 impin

282 1304 354 1370 fidei
377 1311 471 1389 atque
493 1306 595 1385 operis
619 1303 759 1370 homines
783 1304 917 1370 fructum
940 1305 1012 1370 uitae
1035 1305 1208 1372 sortientur.
1253 1325 1317 1369 non
1343 1305 1424 1370 enim

231 1433 256 1469 n
282 1410 422 1475 ubertate
444 1409 644 1490 replebuntur
665 1415 699 1473 ut
722 1409 833 1490 campi,
856 1429 958 1492 neqne
988 1429 1025 1473 ex
1056 1410 1179 1474 deserto
1209 1410 1426 1492 pinguescent.

284 1533 385 1597 neque
400 1513 585 1578 exultatione
600 1513 800 1596 accingentur
814 1518 849 1577 ut
863 1519 995 1589 montes,
1018 1531 1119 1596 neque
1139 1518 1294 1596 tamquam
1314 1513 1427 1578 arietes

284 1617 386 1682 ouium
408 1617 582 1693 induentur,
613 1617 645 1681 in
674 1614 786 1700 quibus
816 1616 959 1680 omnibus
993 1615 1160 1681 indefinitae
1183 1614 1288 1700 gloriae
1315 1635 1428 1680 munus

284 1721 462 1798 ostenditur,
486 1723 542 1786 sed
566 1721 719 1787 immerito
742 1721 950 1798 abundabunt,
973 1722 1098 1787 uiuendi
1122 1719 1239 1787 seilicet
1254 1721 1428 1786 substantie

285 1844 345 1890 non
369 1826 525 1896 carebunt,
549 1825 621 1908 qnia
643 1846 699 1906 per
721 1825 934 1890 infirmitatem
959 1824 1031 1889 fidei
1049 1824 1184 1890 humiles
1200 1833 1270 1889 suut
1286 1831 1321 1889 et
1338 1823 1429 1889 editis

234 1953 258 1987 ιο
286 1931 400 1995 circum
425 1950 458 1995 se
481 1928 609 1994 collibus
631 1929 755 1994 uallium
780 1950 867 1995 more
890 1929 1038 2010 depressi.

330 2033 379 2098 19.
405 2035 453 2099 Ao
476 2055 515 2099 ne
538 2033 736 2114 propheticus
759 2053 863 2098 sermo
887 2031 942 2098 bos
965 2053 1099 2113 campos,
1123 2033 1191 2097 huic
1214 2033 1349 2108 deserta,
1374 2031 1430 2095 hos

286 2137 387 2216 colles,
410 2137 467 2203 hos
490 2139 611 2204 arietes.
635 2140 701 2203 haeo
716 2137 876 2213 conuallie,
900 2157 968 2222 quse
984 2138 1119 2219 aspectui
1136 2143 1241 2201 nostro
1257 2137 1431 2202 subiacent.

285 2262 361 2306 noea
384 2248 417 2306 et
438 2263 532 2308 sensu
554 2243 690 2308 carentia
712 2242 890 2326 significare
921 2242 1156 2316 existimaretur,
1187 2240 1316 2305 adiecit:
1353 2247 1429 2306 ete·

286 2347 365 2410 nim
389 2346 621 2412 clamabunt
651 2355 689 2411 et
712 2346 899 2429 hymnum
932 2347 1077 2420 dicent
1109 2345 1158 2410 dei
1182 2343 1299 2408 scilicet
1323 2343 1431 2408 laudes

235 2470 260 2506 ιο
287 2451 325 2515 ob
348 2449 415 2514 hmo
449 2451 570 2515 diuersa
604 2451 839 2516 retributionum
870 2451 997 2530 prumia
1027 2449 1192 2514 indefessis
1224 2454 1254 2512 et
1283 2448 1432 2512 maximis

286 2554 411 2618 uocibus
435 2556 639 2620 concinentes.

708 2691 892 2776 PSdeUS
918 2691 1011 2774 LXV.

554 2817 597 2880 ln
622 2804 753 2892 finem,
777 2816 982 2882 canticum
1006 2814 1161 2896 psalmi.

333 2937 513 3003 iubilate
541 2939 613 3003 deo
636 2939 764 3004 omnis
789 2949 906 3014 terra,
930 2936 1128 3017 psalmum
1151 2935 1278 3000 dieite
1312 2935 1434 2999 nomi·

237 3074 262 3110 aa
290 3042 327 3106 ui
351 3042 436 3106 eius
459 3048 489 3106 et
511 3042 639 3126 reliqua.

333 3146 361 3210 1.
385 3145 609 3228 Superseriptio
643 3146 754 3228 psalmi
778 3167 795 3210 a
819 3147 975 3227 superiore
1008 3165 1044 3210 eo
1078 3146 1177 3220 distet,
1213 3143 1296 3227 quod
1333 3145 1366 3208 in
1402 3163 1435 3207 se

289 3249 384 3314 babet
406 3250 607 3316 canticum
638 3250 793 3330 psalmi,
816 3269 887 3316 curn
910 3251 940 3312 iu
965 3250 1117 3315 anteriore
1139 3246 1321 3328 psalmus
1347 3266 1433 3311 cau·

291 3354 362 3418 tici
385 3354 485 3418 editus
508 3353 557 3418 sit.
602 3360 738 3419 ceterum
761 3352 954 3437 equabiliter
969 3352 1210 3432 praseribunrur
1232 3351 1270 3414 in
1294 3351 1434 3414 finem.

290 3459 394 3542 itaque
417 3459 587 3524 secundum
610 3456 704 3534 illam,
728 3477 820 3540 quem
837 3457 868 3521 in
886 3457 1010 3521 exordio
1033 3454 1197 3521 attulimus,
1222 3455 1260 3518 de
1273 3454 1435 3518 titulorum

335 3597 561 3664 mmmm

334 3735 513 3804 2dispoliari
540 3737 593 3788 PE
642 3735 749 3791 odona
777 3740 930 3788 monstrata
959 3735 1015 3787 siut
1042 3734 1093 3786 PE
1145 3731 1385 3786 ‘lhebundabunt
1413 3732 1439 3786 R

291 3823 487 3878 Shumiliores
514 3841 544 3878 ex
569 3823 725 3876 humilioris
753 3841 786 3874 m.
816 3821 831 3874 1
858 3823 884 3874 R
946 3823 980 3874 12
998 3818 1127 3873 definitae
1155 3819 1194 3871 Pb
1256 3819 1290 3872 le
1318 3817 1437 3873 uallium

292 3927 340 3964 ore
359 3911 385 3962 P
436 3913 468 3965 16
486 3927 518 3964 ao
537 3929 567 3964 ex
590 3910 641 3964 hac
661 3911 687 3962 ll
741 3913 772 3963 17
791 3913 904 3978 aspectu
923 3909 950 3960 P
1001 3909 1033 3960 18
1051 3905 1221 3976 significasse
1240 3905 1267 3958 P
1316 3907 1353 3959 21
1373 3922 1438 3960 con·

292 4050 436 4104 cinnentes
455 4051 481 4102 P
541 4049 619 4103 Finit
645 4050 767 4118 psalmus
787 4048 889 4102 LXllll
916 4047 1016 4115 incipit
1045 4045 1166 4112 psalmus
1195 4043 1269 4098 bxv
1288 4044 1313 4096 R
1334 4001 1437 4112 Explil

292 4148 393 4242 peelm'
412 4171 515 4226 LXllII
533 4153 633 4241 incipit
658 4172 781 4239 psalmus
808 4169 881 4222 LXV
902 4169 937 4234 l’;
959 4170 990 4220 de
1016 4167 1037 4218 V
1053 4169 1088 4235 es.
1114 4167 1201 4235 praef.
1272 4167 1306 4218 28
1335 4180 1438 4232 aequa·

172 4321 175 4324 ⁴
292 4259 389 4314 biliter
406 4260 432 4312 ll
449 4258 601 4326 aequaliter
622 4258 676 4309 l’la'.
