3075 4967
301 269 364 334 696
640 270 757 323 saneti
782 268 917 323 Hilarii
940 269 1104 338 episcopi

300 465 529 525 consummatur
552 459 583 523 in
607 459 705 524 laude.
752 465 784 524 θῖ
802 458 868 524 laus
886 479 948 524 non
963 460 1137 541 incipienda
1161 463 1289 528 eonsuse
1312 471 1365 540 est,
1386 463 1431 527 aad

300 564 406 628 ordine
430 583 466 628 ao
489 563 579 627 modo
603 563 779 629 condienda
802 571 857 628 θεῖ.
902 562 962 628 hoe
995 564 1078 630 enim
1101 567 1236 646 primum
1272 573 1333 631 θεῖε
1366 567 1431 631 Ιεθ-

301 668 392 731 dale
416 686 554 732 nomen
579 665 711 731 domin
721 668 739 732 i.
786 687 898 732 nomen
923 687 998 753 ergo
1020 669 1137 734 domini
1160 671 1298 751 primum
1321 669 1431 736 laudare

301 771 511 844 admonemur,
536 771 608 854 quia
631 771 706 836 deus
730 771 798 836 eaeli
821 772 869 848 sii,
893 772 965 855 quia
988 773 1064 837 daus
1088 781 1177 838 terras
1200 777 1249 852 εἰῖ,
1273 775 1345 858 qnia
1366 776 1431 840 deus

261 900 274 936 s
301 875 409 940 mundi
433 875 481 948 sil,
506 875 577 958 quia
599 876 684 950 deus,
710 877 793 959 qnod
815 874 889 940 fidei
913 881 1026 940 nostrae
1050 885 1081 941 θῖ
1103 878 1168 957 spei
1202 879 1357 959 proprium
1384 883 1430 951 θεῖ

301 977 438 1043 Abrahae
472 985 503 1043 θῖ
537 979 627 1044 Isaac
661 984 692 1044 θῖ
726 979 819 1044 Iacob
854 978 900 1044 sit.
948 980 983 1043 in
1018 979 1068 1045 his
1101 980 1184 1045 enim
1220 983 1354 1061 primum
1384 981 1432 1046 dea

300 1081 366 1148 laus
390 1087 446 1148 θεῖ.

344 1255 373 1320 3.
397 1256 825 1340 Sequensneropraeeopium
836 1262 899 1322 est:
924 1256 1089 1324 landate
1104 1258 1213 1324 serui
1230 1259 1431 1325 dominnm.

301 1379 356 1442 per
379 1361 589 1444 cognitionem
612 1363 746 1426 nominis
770 1362 819 1427 dei
836 1361 876 1426 ad
892 1361 1056 1428 scientiam
1071 1363 1138 1428 eius
1152 1361 1339 1444 proficimus.
1381 1362 1432 1426 iam

250 1487 274 1523 n
301 1465 386 1530 enim
409 1484 470 1528 non
493 1484 603 1530 numen
622 1466 747 1542 domiui,
771 1467 829 1531 sed
844 1466 1004 1531 dominnm
1027 1465 1189 1532 laudamus
1212 1477 1431 1550 cognoscentes

301 1589 356 1634 sur
378 1570 456 1634 dens
478 1569 546 1634 eaeli
569 1570 616 1645 sit,
647 1588 701 1634 eur
723 1570 799 1635 deus
821 1575 912 1634 ierrae
935 1569 983 1646 sii,
1014 1590 1069 1635 cnr
1092 1571 1168 1636 deus
1191 1571 1300 1635 mundi
1321 1571 1367 1645 sid
1388 1588 1433 1634 cur

302 1675 378 1738 deus
401 1672 538 1738 Abrahae
562 1679 593 1738 θῖ
616 1673 704 1738 issae
728 1679 759 1738 θῖ
781 1673 876 1738 Iacob
892 1675 939 1738 sid
985 1672 1053 1740 lraee
1069 1675 1152 1739 euim
1170 1674 1304 1755 primum
1323 1671 1432 1754 puerilis

296 1777 450 1853 ¹doetrinae
473 1777 650 1842 rudimenta
674 1779 862 1862 transgressi
885 1780 979 1844 deum
1000 1797 1061 1843 non
1077 1779 1138 1843 iam
1156 1799 1211 1860 per
1229 1778 1431 1844 obaudientiam

301 1882 503 1960 subditurum,
541 1883 597 1947 sed
633 1903 689 1964 per
730 1883 881 1948 inmenso
918 1883 1040 1948 uirtutis
1078 1903 1141 1948 suae
1181 1882 1431 1967 magnificentium

250 2007 274 2042 n
303 1984 463 2051 laudamus
486 1991 518 2052 θῖ
540 1985 701 2052 laudamus
724 1988 806 2051 serui
830 1987 911 2064 eius;
934 2006 1036 2070 neque
1051 1987 1151 2051 solum
1179 1987 1342 2054 sordidius
1363 1985 1432 2049 nudo

302 2094 419 2154 lantum
444 2090 645 2173 professionis
668 2095 781 2156 noslrae
803 2089 953 2155 uocabulo
983 2092 1157 2173 nuncupati.
1188 2091 1244 2156 sed
1275 2088 1431 2156 stantesiu

302 2194 394 2260 domo
417 2194 489 2272 eins,
520 2194 584 2259 iam
608 2214 667 2258 non
690 2195 763 2278 usgi
787 2213 887 2278 neque
910 2196 1041 2272 erratici,
1065 2197 1120 2261 sed
1136 2195 1286 2260 stantium
1303 2193 1432 2258 firmitate

301 2297 442 2374 stabilita
468 2317 568 2382 neque
593 2301 808 2364 tantummodo
830 2305 957 2376 stantes,
981 2300 1035 2364 sed
1059 2300 1151 2364 etism
1174 2299 1205 2363 in
1229 2299 1308 2363 atrio
1330 2295 1432 2362 domini

302 2402 350 2467 dei
374 2402 478 2479 nostri,
502 2402 631 2468 interuae
655 2404 756 2483 potius
780 2409 812 2468 θῖ
833 2404 947 2469 mediae
971 2405 1079 2469 domus
1103 2404 1179 2469 sede
1202 2403 1346 2482 suseepti.
1386 2418 1432 2480 per

250 2523 275 2560 n
302 2505 387 2572 huno
405 2507 504 2592 igilur
533 2507 673 2572 ordinem
697 2528 715 2572 a
738 2507 837 2572 semis
860 2517 892 2572 θῖ
913 2528 932 2572 a
954 2507 1108 2572 stantibus
1130 2507 1163 2572 in
1185 2507 1278 2572 domo
1300 2512 1388 2589 atque
1406 2503 1431 2565 in

301 2611 379 2676 atrio
402 2609 470 2675 laus
492 2610 663 2676 inehosiur.

346 2781 374 2846 4.
398 2781 586 2848 Laudandus
617 2784 692 2849 deus
723 2785 762 2848 ob
793 2784 826 2850 id
856 2789 911 2861 θεῖ,
946 2784 1019 2869 quia
1042 2784 1195 2869 benignus
1219 2791 1275 2850 θεῖ
1318 2801 1385 2846 nam
1404 2786 1432 2841 ul

263 2971 265 2976 Ι
303 2885 498 2968 omnipotens
521 2889 568 2964 sit,
592 2895 707 2953 naturae
738 2907 802 2953 suae
825 2889 921 2953 uirtus
944 2893 1008 2964 est;
1041 2895 1074 2953 ut
1107 2908 1180 2954 uero
1212 2889 1362 2972 benignus
1389 2885 1430 2948 sii.

303 2990 392 3056 nobis
426 2991 636 3056 necessarium
671 2998 727 3068 θεῖ,
761 3011 839 3075 quos
874 2993 1010 3074 eorporis
1043 2991 1209 3057 infirmitas
1242 2999 1274 3058 θῖ
1306 2987 1431 3056 oondieiu

250 3113 276 3150 aa
302 3095 432 3178 originis
455 3096 487 3161 in
510 3096 645 3175 peccatis
669 3095 795 3161 detinet.
839 3102 872 3162 θῖ
894 3097 970 3179 quid
993 3096 1060 3176 spei
1082 3102 1130 3162 θεῖ
1152 3095 1299 3161 humanis
1315 3091 1431 3158 delictis.

303 3198 329 3263 si
351 3199 527 3283 benigniias
552 3200 608 3264 deo
631 3201 733 3266 absit?
778 3201 834 3265 sed
857 3201 1007 3265 diciorum
1032 3201 1111 3266 ratio
1134 3197 1357 3266 consideranda
1377 3201 1430 3260 est:

303 3321 437 3387 namque
475 3304 527 3386 qui
561 3302 734 3369 landandus
773 3309 828 3382 θεῖ,
866 3305 939 3388 qnia
972 3304 1127 3389 benignus
1160 3310 1217 3382 θεῖ,
1255 3300 1430 3385 psallendum

302 3407 419 3472 nomini
443 3409 507 3472 eins
538 3413 594 3486 est,
629 3409 702 3491 quia
732 3427 827 3474 suane
857 3416 912 3474 θεῖ
957 3408 1127 3489 psallite
1160 3408 1310 3473 nomini
1344 3403 1430 3479 eius,

300 3512 490 3595 quoniam
524 3532 646 3577 suane
681 3519 749 3577 est.
796 3512 969 3601 psallite
995 3513 1047 3577 ubi
1082 3512 1200 3591 dicium,
1237 3512 1277 3577 ad
1307 3505 1429 3589 eorporis

346 3773 508 3858 loonfuspp
529 3769 555 3838 (a
572 3775 600 3826 ia
617 3771 681 3838 rus.)
701 3773 727 3826 P
776 3772 1095 3828 iihsbrahaePabrsse
1109 3771 1308 3826 Tabrahnmr
1356 3758 1431 3821 eni?

300 3897 371 3948 supr.
389 3877 474 3931 scal*
490 3894 584 3946 ergor
638 3879 671 3931 10
689 3877 870 3931 laudemnsP
921 3880 953 3931 ll
972 3877 1009 3930 sii
1023 3887 1083 3946 post
1100 3876 1199 3931 mundi
1212 3877 1295 3930 om.P
1342 3873 1374 3926 13
1389 3869 1426 3922 dffi

303 3983 332 4018 es
350 3964 416 4018 diim
434 3981 499 4018 cur-r.
521 3965 546 4016 Τ
599 3967 631 4018 17
649 3964 761 4019 erratici
782 3964 860 4016 Pus*
881 3968 1006 4018 errantes
1024 3983 1039 4016 r
1093 3965 1126 4017 is
1144 3961 1332 4018 tantummodo
1355 3955 1400 4011 1⁷!
1399 3953 1428 4004 al

299 4057 411 4106 lantum
428 4051 458 4106 in
476 4052 558 4106 domo
575 4071 603 4106 rs
656 4051 809 4106 sedetiam
826 4051 905 4104 PTE
926 4050 976 4104 sed
999 4055 1061 4104 etr
1113 4051 1148 4104 28
1166 4051 1232 4119 quis
1257 4047 1384 4115 benignu!
1398 4067 1427 4078 ··

302 4139 392 4193 uirtus
410 4143 454 4193 θεῖ
470 4157 519 4192 om.
536 4139 563 4193 P
587 4137 674 4205 (uoces
697 4155 761 4193 nsm
785 4143 817 4192 ut
835 4165 869 4174 -
887 4138 977 4192 uirtus
1004 4141 1047 4192 est
1074 4139 1102 4190 ia
1127 4155 1212 4207 marp.
1238 4138 1310 4205 ssa.
1335 4130 1426 4185 adffiffl

297 4223 569 4296 ponteserasaesunl)
623 4227 657 4280 25
672 4225 783 4280 delictis
799 4225 985 4279 adilectisl'
1034 4227 1069 4278 26
1087 4225 1138 4278 deo
1150 4223 1233 4278 P¹Tu
1249 4216 1286 4308 di.
1294 4219 1335 4274 P’
1350 4217 1391 4271 dei
1406 4231 1424 4264 e·
