3075 4967
401 225 581 288 tractatus
600 235 635 288 in
653 236 825 302 psalmum
845 235 990 290 CXXXIX.
1203 236 1265 302 787

121 428 216 512 igitur
239 447 293 491 eos
316 431 409 506 eaput
431 423 577 490 circuitus
601 431 631 489 et
653 423 739 488 labor
762 423 913 490 labiorum
938 445 1053 504 eorum,
1070 433 1111 506 ut,
1127 446 1199 492 oum
1214 427 1266 492 alii

121 529 349 596 inmortalitatis
372 528 505 614 gloriam
535 527 710 604 induantur,
742 526 786 592 illi
808 528 975 609 impietatis
1009 549 1072 594 suae
1094 532 1211 611 pudore
1235 537 1267 598 et

120 635 318 700 damnatione
341 632 456 699 dioboli
472 633 658 713 operiantur.
704 637 735 696 et
758 651 827 716 quae
850 653 887 698 ea
909 633 1065 698 damnatio
1088 639 1179 713 esset,
1204 655 1265 719 qua

120 740 321 820 operirentur,
345 737 470 803 adiecit:
499 737 645 802 cadent
667 756 788 816 super
818 757 885 802 eos
914 738 1115 804 carbones
1145 739 1264 824 ignis,

119 841 1262 924 superterramdeioieseos,inmiseriisuonsubsistent.
1303 870 1316 908 ι

117 947 187 1012 haeo
220 947 385 1028 impiorum
419 945 612 1026 operimenta
649 951 727 1022 sunt,
766 944 835 1010 hae
868 943 1115 1028 inreligiosorum
1148 952 1264 1012 aetema

116 1052 215 1118 uestis
239 1057 294 1128 est,
318 1057 351 1115 ut
373 1050 521 1115 aduersus
545 1049 723 1114 decidentes
746 1049 897 1114 carbones
913 1056 944 1114 et
966 1049 1146 1134 ingruentes
1170 1053 1263 1118 mise·

114 1157 179 1221 rias
202 1174 265 1220 non
289 1155 494 1220 subsistentes
517 1152 570 1218 tali
594 1172 663 1218 oum
687 1153 754 1234 ipso
774 1153 920 1218 circuitus
935 1153 982 1217 sui
998 1154 1098 1234 eapite
1113 1161 1144 1219 et
1157 1155 1263 1221 labore

114 1259 269 1326 labiorum
292 1258 499 1323 damnationis
522 1277 585 1322 suae
609 1277 703 1322 onere
726 1259 948 1337 deprimantur.

161 1468 212 1532 15.
235 1467 348 1532 Tenuit
369 1475 472 1531 eutem
496 1466 590 1530 etiam
613 1484 695 1530 nuno
711 1485 782 1530 eum
798 1465 947 1537 ordinem,
972 1485 1032 1548 quo
1047 1466 1078 1530 in
1094 1467 1260 1546 superiori·
1287 1494 1312 1530 ιο

115 1573 175 1636 bus
198 1591 272 1636 usus
295 1577 349 1646 est,
379 1576 420 1646 ut,
451 1590 523 1635 cum
548 1571 580 1633 in
603 1568 742 1650 pluribus
772 1568 919 1650 populum
941 1571 1093 1646 ostendat,
1124 1572 1260 1636 nuncin

111 1697 175 1741 uno
199 1675 309 1742 Iudam
333 1675 511 1759 significare
535 1675 675 1739 uideatur
698 1674 820 1739 dicens:
850 1673 913 1738 uir
946 1673 1160 1757 linguosus
1184 1695 1259 1740 non

113 1780 323 1867 dirigetur
367 1799 487 1860 super
531 1785 698 1846 terram:
743 1779 873 1843 uirum
916 1778 1116 1844 iniustum
1156 1779 1260 1844 mala

111 1885 282 1964 eapient
312 1886 350 1948 in
380 1883 603 1948 interitum.
648 1883 680 1946 in
710 1881 853 1966 linguoso
883 1901 999 1963 anceps
1022 1888 1053 1947 et
1076 1883 1203 1948 dubium
1227 1891 1260 1948 et

111 1987 207 2052 fallax
229 2007 264 2052 os
286 1987 449 2068 proditoris
483 1987 662 2064 ostenditur,
698 1986 749 2068 qui
785 2005 853 2050 soro
887 1986 1026 2050 oriminis
1059 1987 1105 2051 soi
1139 1986 1258 2052 scelere
1286 2011 1311 2047 ιι

112 2097 262 2173 conperto
295 2091 405 2174 laqueo
439 2111 473 2156 se
496 2111 515 2156 a
538 2091 601 2156 uita
631 2097 661 2155 et
687 2089 750 2155 fide
784 2091 931 2174 prologus
965 2091 1135 2170 suspendit.
1180 2091 1258 2156 nibil

112 2197 198 2262 enim
222 2196 372 2260 directum
396 2196 427 2259 in
451 2215 496 2269 eo,
519 2193 598 2258 nihil
621 2194 760 2276 simplex.
791 2192 870 2258 nibil
898 2193 1074 2259 absolutum
1104 2194 1177 2261 suit:
1208 2195 1259 2260 sur

114 2307 216 2378 antea,
239 2299 354 2364 dehine
376 2299 523 2381 proditor,
548 2305 703 2378 postremo
726 2298 848 2379 ipsein
871 2318 906 2363 se
930 2298 1042 2383 dignus
1057 2298 1152 2379 ultor;
1175 2319 1257 2365 nuno

111 2403 276 2469 mulierem
318 2401 413 2467 effuso
450 2402 482 2466 in
520 2407 611 2484 eaput
648 2403 765 2466 domiui
805 2410 960 2487 unguento
1000 2403 1103 2468 damni
1141 2403 1257 2470 inutilis

111 2527 262 2592 arguens,
285 2526 366 2571 nuno
385 2505 500 2572 Iudaeis
516 2525 625 2572 omnes
640 2506 757 2571 domini
774 2506 876 2572 aditus
892 2512 924 2571 et
938 2526 1086 2590 egressus
1101 2508 1255 2588 nuntians,
1283 2528 1308 2564 ιο

112 2631 197 2677 nuno
219 2612 259 2677 de
289 2612 388 2692 pretio
422 2611 493 2675 iusti
527 2611 688 2694 sanguinis
723 2611 900 2690 paciscere
933 2610 1095 2695 linguosus
1124 2631 1256 2692 semper,

111 2736 240 2796 semper
272 2715 303 2778 in
337 2716 450 2792 uerbis,
484 2721 518 2778 ut
551 2713 582 2778 in
607 2734 677 2780 eum
711 2714 872 2796 prophetae
907 2715 1022 2781 dietum
1057 2723 1257 2796 conpetenter

110 2826 249 2900 aptetur:
273 2819 319 2883 de
342 2817 604 2901 multiloquio
634 2837 711 2882 non
735 2818 918 2902 eflugies
941 2826 1159 2899 peceatum.
1204 2820 1254 2886 hio

110 2943 187 3007 ergo
209 2924 241 2986 in
266 2921 325 2988 boe
348 2921 542 3006 multiloquio
565 2941 618 2986 suo
641 2927 785 3003 peccator
804 2942 865 2986 uon
881 2923 1017 2988 direotus
1040 2924 1071 2988 in
1094 2925 1191 2989 uitam
1207 2932 1255 2990 est

110 3047 213 3110 neque
235 3033 352 3091 rectum
376 3026 449 3091 fidei
473 3027 532 3091 iter
554 3026 660 3104 tenuit,
690 3027 753 3104 sed,
784 3031 819 3090 ut
840 3027 968 3111 dignum
993 3034 1048 3106 est,
1079 3028 1161 3093 mela
1184 3049 1254 3094 eum
1282 3046 1308 3085 ee

111 3133 143 3196 in
166 3131 322 3196 interitum
346 3136 502 3211 oeperunt.
546 3130 660 3210 impius
684 3131 714 3194 in
738 3131 900 3196 dominum
920 3151 990 3196 oum
1005 3130 1122 3209 suisset,
1146 3139 1254 3213 postea

110 3236 141 3300 in
166 3241 267 3300 semet
289 3253 411 3319 quoque
434 3235 535 3315 ipsum
559 3234 673 3314 impius
695 3234 821 3298 mansit.
865 3234 915 3299 sur
943 3237 1090 3316 pecuniae,
1113 3237 1254 3301 uenditor

109 3339 270 3422 sanguinis
292 3338 372 3417 iusti,
396 3339 532 3420 proditor
562 3339 611 3403 dei
642 3344 681 3416 et,
712 3344 860 3422 quantum
892 3339 923 3402 in
946 3359 981 3404 se
1011 3346 1066 3417 est,
1099 3340 1253 3419 parricida

108 3463 165 3509 neo
189 3443 262 3508 uitae
285 3443 409 3508 ueniam
432 3443 529 3524 potuit
551 3441 667 3508 habere
690 3462 747 3508 neo
769 3443 886 3506 mortis.

151 3673 185 3724 ΞΒ
203 3670 284 3724 Prov.
302 3669 335 3736 X,
356 3672 396 3724 19.

152 3860 339 3915 lmeorumG
393 3860 537 3928 2gloriam
549 3859 736 3929 GegloriaRb
783 3859 946 3913 bdeioietR
1000 3862 1249 3915 lOeumexoumR

110 3950 138 4002 11
158 3953 190 4001 nt
208 3964 272 4000 oum
290 3945 417 4015 pluribus
437 3947 462 3998 R
517 3948 549 4000 12
567 3946 667 3999 iudan
720 3945 848 3998 uideatur
859 3946 914 3997 GE
929 3946 1076 3999 uideturR
1131 3950 1162 4001 13
1181 3948 1249 4002 diri·

107 4041 189 4104 getur
210 4035 264 4086 GE
280 4033 412 4102 dirigitur
430 4033 456 4086 R
511 4036 543 4086 14
561 4033 589 4086 in
608 4009 753 4087 interituiu
773 4033 799 4085 R
816 4031 845 4084 in
872 4032 988 4086 interitu
1013 4033 1041 4084 E
1065 4034 1100 4102 ef.
1129 4036 1249 4088 Sebotier

108 4122 144 4188 ΙΙ,
162 4119 219 4174 273
275 4123 307 4176 18
326 4121 402 4189 inse
420 4137 467 4174 om.
489 4121 514 4173 (ι’
569 4121 601 4173 19
619 4119 733 4188 dampni
751 4120 777 4172 R
829 4121 864 4173 26
881 4119 911 4172 in
938 4119 1082 4172 interitum
1106 4121 1132 4172 n
1158 4121 1188 4174 in
1199 4121 1248 4174 iu·

106 4209 223 4262 teritue
276 4210 427 4276 coeperunt
446 4208 471 4260 R
524 4207 554 4259 in
571 4207 636 4260 dffni
655 4207 681 4260 R
699 4207 728 4258 iu
746 4206 829 4259 deum
849 4207 881 4258 E.

1037 4311 1091 4365 50*
