3075 4967
408 318 587 369 tractatus
606 315 640 369 in
658 316 831 384 psalmum
850 314 967 368 CXLVI.
1193 312 1256 377 845

112 506 197 588 quod
221 504 253 568 in
276 504 336 568 alio
359 503 478 585 psalmo
501 506 544 570 ita
566 504 682 569 dietum
713 511 775 570 est:
806 504 888 569 nisi
918 505 1106 570 dominus
1129 502 1257 568 aedifi·

112 608 273 675 cauerit
303 608 465 686 domum,
496 609 534 673 in
564 628 708 674 uanum
732 608 931 687 laborant
955 610 1019 694 qui
1043 607 1258 674 aedificaut

112 732 215 789 eam;
238 712 785 779 nisidominuseustodierit
808 713 1029 792 ciuitatem,
1053 713 1258 777 iuuenum

112 816 319 901 uigilabit
343 818 409 901 qni
440 816 622 883 custodit
651 837 742 893 cam
777 818 893 883 idcirco
916 817 1033 883 dictum
1056 817 1162 895 fuisse,
1185 816 1259 899 quia

113 920 310 986 euersionem
333 922 399 986 eius
421 921 516 999 urbis,
547 922 578 985 in
610 941 669 1006 qua
700 920 849 1003 templum
886 920 1142 987 exaedificandum
1165 924 1257 996 esset,
1298 948 1311 985 a

113 1024 267 1105 propheta
298 1032 515 1105 praenosoeret
557 1026 737 1091 meminisse
771 1025 839 1090 haec
871 1026 915 1090 ita
947 1024 1132 1109 intellegens
1166 1024 1260 1090 debet

114 1130 251 1195 eundem
273 1128 357 1194 hunc
380 1129 566 1210 prophetam
594 1129 832 1195 aedificationem
856 1150 934 1208 eam,
958 1149 1026 1213 quae
1049 1150 1068 1193 a
1089 1127 1260 1193 zorobabel

114 1233 251 1298 secundo
284 1233 431 1298 innonatn
466 1240 520 1309 est,
545 1244 575 1299 et
597 1234 721 1299 inanem
757 1240 789 1299 et
821 1235 971 1299 caducam
1004 1234 1140 1298 futurem
1163 1232 1259 1297 fuisse

115 1356 178 1400 non
212 1336 356 1421 ignorare
389 1337 533 1417 potuisse,
568 1358 669 1421 neque
699 1337 795 1415 illam,
826 1358 893 1422 quae
924 1337 1129 1403 aSolomone
1160 1346 1260 1417 coepta

115 1446 173 1519 θεῖ,
208 1460 269 1505 non
303 1462 322 1505 a
351 1442 409 1506 deo
442 1442 613 1506 institutam
648 1442 762 1508 idcirco
797 1444 921 1518 dixisse,
956 1443 1029 1526 quia
1063 1461 1118 1523 per
1151 1460 1260 1525 regern
1287 1466 1312 1502 ιο

115 1544 296 1629 Babyloniae
319 1552 403 1610 essct
425 1545 619 1623 destruenda,
643 1566 714 1612 cum
737 1553 808 1627 post
822 1548 1017 1631 septuaginta
1033 1546 1146 1611 deinde
1162 1564 1259 1609 annos

114 1668 240 1714 rursum
264 1651 373 1714 eadem
398 1651 438 1713 sit
460 1650 641 1727 resorrnata;
665 1649 842 1729 haconem,
866 1670 935 1734 quae
951 1671 969 1714 a
984 1648 1155 1715 Zorobabel
1170 1654 1261 1733 gesta

116 1758 172 1830 θεῖ,
196 1772 266 1818 θεεθ
288 1752 520 1819 aedificationem
552 1754 601 1819 dei
633 1754 844 1834 praedicatam,
878 1774 948 1819 cum
973 1753 1083 1819 exinde
1106 1754 1208 1818 dimta
1230 1758 1261 1817 θῖ

115 1858 185 1923 sine
218 1856 322 1940 aliqua
354 1858 575 1923 restauratione
610 1858 650 1923 sit
673 1858 838 1937 dissoluta3
868 1865 899 1923 et
928 1878 1005 1935 eam,
1030 1860 1165 1924 dirutam
1187 1856 1261 1921 licet

115 1961 274 2026 renouatio
297 1962 337 2025 sit
360 1969 530 2039 consecuta,
561 1963 687 2028 inanem
711 1970 804 2047 atque
826 1962 995 2027 humanam
1019 1972 1124 2027 tamen
1147 1960 1259 2042 praedi·
1287 1986 1313 2023 ιθ

115 2084 215 2141 casse,
246 2064 327 2129 hanc
348 2084 430 2144 uero,
454 2085 523 2150 quae
545 2067 613 2131 sine
636 2086 691 2147 spe
721 2066 950 2132 reformationis
980 2066 1133 2143 acciderit,
1164 2065 1260 2130 diuini

115 2169 219 2249 operia
242 2170 445 2250 perpetuitate
468 2172 627 2235 renouari!
673 2170 867 2236 haecomnia
895 2169 1113 2254 intellegentia
1145 2188 1261 2253 genera

115 2272 214 2338 stulta
235 2280 328 2357 atque
351 2272 479 2339 ridicula
502 2280 581 2338 sunt.

161 2380 189 2441 2.
214 2375 332 2441 Laudat
356 2384 459 2442 autem
483 2377 635 2461 propheta
657 2379 819 2444 dominum
841 2378 1044 2444 adificantem
1065 2376 1261 2443 Hierusalem

116 2479 214 2558 illam,
236 2500 319 2565 quae
343 2482 510 2546 secondum
534 2482 697 2567 euangelia
727 2485 859 2548 sancti
884 2484 995 2567 regis
1019 2492 1080 2548 θεῖ
1102 2483 1259 2558 ciuitas,
1288 2504 1313 2541 eo

115 2585 148 2649 in
165 2604 228 2669 qun
242 2605 298 2666 per
321 2586 479 2649 dominum
500 2596 698 2671 resurgentes
721 2589 820 2653 sancti
844 2588 1102 2664 demonstrantur,
1125 2606 1195 2670 quse
1218 2586 1263 2649 in-

115 2694 244 2755 uectum
255 2688 338 2770 pullo
351 2690 445 2754 asinae
459 2691 616 2755 dominum
628 2697 805 2756 sanctorum
817 2690 887 2757 laeta
898 2692 1041 2771 suscepit.
1065 2689 1263 2771 corporaliter

117 2800 183 2858 tum
201 2793 327 2876 quidem
343 2792 395 2858 tali
411 2794 551 2859 uectione
567 2794 660 2871 illam,
684 2814 753 2879 quac
776 2796 887 2860 occidit
902 2794 1069 2877 prophetas
1091 2801 1123 2860 et
1144 2794 1264 2878 lapidet

118 2896 282 2979 apostolos,
306 2898 450 2963 dominus
473 2898 632 2982 ingressus
655 2908 716 2965 est:
740 2901 796 2965 sed
821 2899 947 2965 alterius
963 2899 1096 2965 ciuitatis
1120 2909 1186 2963 erat
1208 2897 1263 2963 illa

117 3001 233 3067 laetitia.
279 3002 318 3066 ob
352 3001 433 3067 illius
467 3022 541 3087 ergo
575 3004 813 3069 aedificationem
851 3003 1001 3086 propheta
1038 3024 1094 3068 nos
1131 3002 1263 3068 aduocat
1289 3025 1314 3062 u

118 3106 240 3171 dicens:
276 3104 441 3171 laudate
464 3107 674 3183 dominum,
707 3110 894 3192 quoniam
923 3109 1052 3173 bonus
1076 3116 1138 3173 est
1160 3105 1263 3187 psal·

118 3229 219 3275 mus:
244 3210 404 3275 domino
428 3217 569 3275 nostro
592 3212 647 3276 sit
669 3212 844 3277 iucunda
866 3211 1059 3277 laudatio.
1105 3209 1262 3275 nonleuis

119 3313 333 3399 gratulationis
356 3312 421 3379 laus
445 3322 500 3391 est,
525 3336 595 3381 cum
618 3318 717 3382 bonus
740 3316 879 3396 psalmus
896 3324 951 3380 θεῖ.
997 3324 1028 3380 et
1043 3314 1181 3395 psalmus
1200 3332 1261 3377 non

164 3440 176 3490 1
198 3436 241 3490 rs.
262 3436 380 3505 cxxvi,
402 3440 424 3492 1.
458 3441 494 3494 ao
512 3438 609 3493 uates.
629 3438 661 3505 v,
679 3441 722 3493 ee.

162 3540 414 3596 dexaedificddum
436 3544 461 3594 G
479 3542 679 3596 aedificandum
693 3544 748 3595 RE
798 3542 991 3596 dmeminissc
1009 3540 1078 3593 haec
1095 3540 1136 3592 ita
1153 3536 1263 3591 intelle-

118 3644 187 3697 gens
206 3628 289 3681 debet
309 3628 360 3681 GR
378 3629 536 3683 meminisse
554 3630 622 3683 haec
641 3630 724 3683 debet
742 3630 782 3684 ita
800 3628 958 3697 intelligens
973 3630 1000 3680 E
1051 3630 1068 3681 8
1087 3624 1224 3679 saecundo
1239 3625 1264 3676 ll

119 3719 148 3768 ct
174 3714 286 3767 inanem
316 3716 340 3767 G
366 3714 477 3769 inanem
504 3717 559 3769 RE
589 3719 700 3784 tiqui
717 3734 733 3769 a
751 3716 891 3770 salomone
910 3716 936 3769 R
996 3718 1029 3769 10
1046 3713 1204 3766 institutam
1225 3711 1264 3762 Ge

1177 3808 1193 3834 u

124 3853 306 3907 constitutam
337 3854 377 3906 Rd
443 3856 476 3908 14
494 3860 522 3908 st
548 3856 608 3908 sine
626 3855 719 3922 aliqua
736 3854 927 3908 recordatione
946 3851 980 3919 (l)
1002 3853 1027 3905 G
1092 3853 1126 3905 1s
1152 3850 1225 3903 nte*
1238 3851 1263 3902 G

120 3943 154 3993 19
171 3938 384 3993 haedificantcm
413 3942 438 3993 R
490 3943 522 3994 al
542 3944 768 3995 demonstrantur
789 3942 856 3994 (1¹th
874 3942 1091 3994 demoranture
1143 3940 1178 3991 22
1195 3936 1264 3989 dnm

118 4030 280 4080 sanctorum
294 4028 319 4076 G
328 4026 470 4080 dominum
488 4028 517 4081 in
536 4044 585 4096 spe
604 4034 763 4081 sanctorum
774 4029 814 4080 Ro
823 4027 966 4080 dominum
979 4026 1003 4083 dc
1015 4044 1063 4094 spe
1082 4028 1265 4078 sanctor-nme

118 4116 154 4166 24
173 4118 234 4166 erat
246 4114 376 4167 GRderit
394 4132 407 4167 e
459 4116 493 4167 27
512 4114 567 4168 dno
585 4122 604 4167 n
623 4115 660 4167 sit
678 4113 798 4168 iocunda
818 4114 843 4167 G
861 4114 917 4167 dfio
934 4118 1030 4166 nostro
1049 4112 1087 4165 sit
1105 4110 1226 4164 iucunda
1239 4110 1264 4161 R

119 4201 175 4253 dfio
194 4204 291 4253 nostro
303 4199 402 4253 iocdda
413 4200 450 4253 sit
462 4220 481 4251 α
493 4201 544 4255 deo
563 4207 657 4255 nostro
670 4201 791 4254 iucunda
803 4200 839 4253 sit
851 4220 863 4250 ε
914 4202 949 4254 28
964 4216 1029 4253 cum
1040 4199 1129 4252 bonus
1142 4196 1264 4265 psalmus

119 4292 162 4340 θεῖ
183 4286 208 4339 G
228 4286 305 4341 cuius
323 4288 411 4341 bonna
428 4288 552 4355 psalmus
570 4292 612 4341 θεῖ
630 4290 655 4341 B
673 4288 751 4341 cuius
771 4287 891 4355 psalmus
910 4287 997 4340 bonus
1015 4291 1058 4339 est
1077 4285 1110 4337 E.
