3075 4967
1254 185 1270 217 ἢ

277 261 338 330 114
622 269 740 322 sancti
758 267 895 322 Hilarii
913 267 1079 338 episcopi

275 461 328 520 aut
349 454 506 538 captiuum
528 455 663 521 libertati
685 473 751 522 suae
771 455 949 528 redemerit,
993 456 1063 522 huie
1095 463 1167 522 sunt
1200 457 1291 539 plane
1320 456 1421 522 ambi·

274 559 360 624 tiosae
384 560 467 643 apud
490 559 582 626 deum
615 559 744 626 humani
778 560 938 626 thensauri
970 559 1152 645 legationes,
1184 559 1251 626 baso
1281 561 1422 642 potentia

274 664 541 744 deprecandorum
571 661 736 729 eriminum
760 671 792 730 et
813 685 889 730 uera
917 663 1076 749 suffragia.
1123 665 1168 730 sie
1201 684 1277 730 auro
1309 666 1422 730 demn-

273 765 417 844 tabimur,
440 776 474 832 ut
497 785 537 832 ex
557 767 688 833 terrenis
711 767 852 834 caelestes
874 774 905 834 et
920 789 958 834 es
973 768 1155 836 mortalibus
1178 769 1276 835 simus
1299 769 1420 840 eterni.

224 895 248 946 ,s
274 869 342 936 haeo
365 869 500 936 infidelis
523 870 574 936 ille
596 872 730 956 populus
752 893 815 938 non
838 873 980 958 cogitans
996 877 1027 938 et
1042 873 1092 937 dei
1107 874 1257 939 mandata
1277 878 1422 938 conmm-

274 991 352 1040 nens
374 981 550 1059 mnusque
573 996 608 1042 se
630 996 686 1060 per
708 975 822 1061 legem,
845 996 916 1060 ques
939 978 1113 1044 futurorum
1136 977 1289 1043 bonorum
1306 975 1424 1041 umbra

273 1083 331 1156 est,
353 1098 422 1146 esse
446 1079 584 1158 diuitem,
607 1080 727 1162 adeptis
751 1081 866 1146 diuitiis
889 1080 970 1146 male
990 1099 1074 1159 usus,
1097 1100 1135 1146 ex
1150 1079 1323 1146 uiuentium
1335 1086 1423 1146 terra

271 1189 304 1250 et
327 1183 525 1249 tabernaculo
547 1185 724 1250 eradicatus
748 1191 779 1250 et
801 1185 982 1269 emigratus,
1006 1183 1136 1250 auulsus
1158 1191 1221 1250 est:
1246 1190 1421 1269 praepoten·

272 1295 336 1352 tem
359 1305 392 1352 se
415 1289 447 1351 in
471 1287 657 1354 uanitstibus
680 1290 820 1365 eredens,
847 1288 879 1352 in
902 1287 992 1372 regni
1021 1286 1139 1354 seilicet
1168 1288 1216 1353 sui
1246 1287 1356 1373 gloria,
1387 1289 1422 1353 in

220 1415 246 1460 ,ιο
273 1389 380 1475 templi
399 1412 483 1472 suro,
502 1392 534 1457 in
553 1393 708 1457 mandatis
727 1390 899 1468 hominum,
918 1392 1089 1457 seeundum
1108 1390 1292 1476 prophetam
1311 1391 1423 1458 dieen-

274 1505 352 1560 tem:
376 1496 463 1561 sine
485 1515 608 1562 causa
637 1495 780 1561 colunt
809 1513 876 1574 me,
909 1494 1107 1562 docentes
1140 1496 1358 1562 doctrinas
1383 1501 1424 1561 et

274 1607 477 1683 praecepta
509 1599 724 1677 hominum,
746 1599 796 1664 dei
826 1599 897 1684 lege
926 1599 1149 1666 contumeliosa
1176 1598 1323 1666 humanae
1346 1619 1423 1666 con·

271 1705 445 1774 suetudinis
467 1703 684 1770 obseruatione
705 1712 831 1769 mutata

316 1808 369 1874 22.
392 1808 550 1891 Propheta
571 1815 684 1886 autem,
707 1829 802 1892 quem
824 1827 954 1874 neeesse
976 1815 1025 1874 est
1047 1808 1163 1874 iustum
1185 1827 1254 1874 esse
1270 1807 1424 1894 intellegi.

222 1935 247 1970 n
273 1911 362 1979 aliter
383 1914 423 1979 de
446 1933 481 1980 se
502 1911 616 1978 fiducia
647 1915 711 1993 spei
742 1932 807 1977 snae
836 1911 990 1996 loquitur:
1025 1931 1099 1998 ego
1132 1922 1275 1990 autem,
1308 1912 1442 1978 siout·

272 2016 384 2084 oliuu
415 2017 639 2084 fructifera
673 2017 711 2081 in
747 2018 863 2082 domo
898 2016 972 2093 dei,
1007 2016 1424 2098 sperauiinmiseri·

272 2122 415 2190 cordia
437 2121 501 2188 dei
523 2122 562 2186 in
585 2129 779 2187 aeternum
802 2127 839 2186 et
860 2120 899 2185 in
916 2119 1108 2186 saeculum
1124 2120 1274 2186 saculi.
1314 2119 1424 2187 differt

272 2227 399 2310 quidem
422 2233 560 2309 tempora
581 2234 657 2290 aetas
679 2223 853 2300 hominnm,
890 2223 947 2289 sed
977 2223 1147 2305 prophetia
1177 2224 1304 2304 spiritus
1334 2224 1423 2290 idem

272 2335 327 2396 est
371 2329 521 2415 propheta
543 2347 670 2395 manere
694 2347 728 2393 se
751 2328 783 2392 in
806 2329 898 2393 domo
921 2328 972 2394 dei
995 2328 1074 2393 sieut
1095 2326 1210 2393 oliuam
1225 2328 1424 2394 fructiferam

221 2453 245 2504 ²⁰
272 2434 354 2514 dicit,
388 2434 530 2500 arborem
564 2453 688 2513 semper
721 2433 875 2498 uirentem
908 2440 939 2497 et
972 2432 1092 2497 fructus
1126 2431 1235 2516 optimi
1269 2429 1423 2500 feracem.

272 2538 428 2620 apostolus
443 2538 516 2604 huic
531 2536 615 2617 oleae,
631 2537 803 2622 praefraetis
818 2536 858 2601 ob
872 2535 1090 2602 infidelitatem
1100 2535 1286 2612 remissius,
1306 2533 1423 2605 fideles

271 2647 381 2728 gentes
415 2663 453 2708 ax
474 2640 605 2726 ignobili
638 2640 771 2707 oleastro
804 2660 874 2706 esse
909 2640 1017 2704 insitas
1051 2639 1206 2723 predicat,
1238 2647 1275 2704 ut
1306 2646 1423 2704 cont-ra

271 2753 412 2812 naturam
434 2745 560 2831 generis
583 2751 729 2811 naturam
750 2744 866 2810 radicis
888 2744 1075 2825 acciperent.
1120 2744 1177 2808 sed
1202 2742 1362 2826 propheta,
1386 2745 1421 2808 in

269 2850 340 2935 lege
362 2849 433 2916 licet
456 2869 595 2927 maneria,
620 2848 820 2933 euangelicos
844 2855 949 2914 tamen
973 2846 1125 2929 propheta
1139 2845 1234 2912 simul
1253 2854 1283 2913 et
1298 2847 1331 2912 in
1346 2847 1423 2933 lege

219 2972 244 3026 3⁶
271 2960 303 3020 et
323 2953 355 3019 in
378 2953 549 3039 euangeliis
568 2973 640 3020 eum
659 2951 761 3018 fructu
780 2971 837 3017 suo
853 2951 883 3016 in
900 2952 993 3018 domo
1015 2951 1065 3017 dei
1081 2970 1150 3017 esse
1173 2951 1331 3035 persistit:
1354 2971 1421 3018 non

270 3057 511 3143 perfringendus
545 3058 578 3122 in
612 3057 717 3132 ramis,
751 3076 812 3120 nou
846 3055 1071 3140 relinquendus
1105 3056 1136 3119 iu
1168 3059 1323 3126 truncum,
1352 3075 1420 3120 uon

269 3161 387 3228 inutilis
408 3163 472 3226 iam
495 3161 562 3246 ipse
584 3160 750 3226 inserendo
773 3160 831 3225 sibi
856 3160 1041 3240 praebendus
1065 3159 1206 3237 oleastro,
1228 3157 1423 3226 nec'radicis

270 3287 334 3333 suae
356 3266 504 3332 uirtutem
527 3265 629 3331 arbori
652 3264 867 3331 transfusurus
889 3262 1006 3342 aliena,
1037 3263 1094 3329 sed
1123 3269 1204 3328 totus
1227 3262 1360 3346 integer,
1385 3273 1422 3330 ut

313 3409 344 3460 ll
364 3405 437 3459 Essl.
456 3403 554 3472 XXIX,
575 3407 614 3458 lu.
650 3403 749 3458 Marah.
769 3401 827 3470 XV,
844 3406 870 3457 9.
906 3404 938 3456 21
959 3403 1037 3458 Rom.
1057 3403 1103 3469 XI,
1125 3405 1165 3456 17.

313 3544 500 3598 lreddiderit
517 3561 548 3597 ca
564 3543 714 3598 redemerit
732 3561 764 3595 ru.
780 3540 890 3607 autb)
943 3541 995 3596 hae
1009 3542 1087 3594 Pru
1137 3541 1235 3610 planae
1255 3541 1279 3592 Γ
1292 3541 1377 3623 plane
1394 3545 1421 3596 R

268 3635 285 3684 a
304 3631 469 3700 §potentia
481 3633 527 3700 (po
540 3640 564 3683 ct
576 3648 590 3685 e
604 3648 633 3683 ea
645 3630 722 3694 corr.)
736 3630 762 3682 R
814 3631 831 3683 3
844 3628 1097 3698 depraecandorum
1115 3628 1138 3681 V
1189 3627 1383 3682 demutabitur
1398 3630 1424 3684 l'

269 3717 481 3772 bhascascorr.
498 3718 521 3771 Γ
564 3716 861 3786 bquasarq.ru.‘.)l'
910 3719 968 3770 'let
980 3715 1088 3783 adeptis
1105 3715 1204 3768 VPTE
1254 3714 1421 3783 9gloriaa

269 3803 375 3873 gloriae
388 3823 421 3858 m.
437 3804 496 3858 Ν
547 3806 578 3859 11
595 3804 725 3858 docentes
738 3803 823 3856 om.T
875 3803 1010 3871 &pcepta
1022 3820 1094 3872 supr.
1106 3819 1156 3854 scr.
1171 3799 1195 3848 P
1209 3806 1238 3856 st
1249 3801 1382 3854 mandata
1395 3803 1422 3856 T

271 3893 304 3946 12
321 3884 352 3944 di
369 3892 431 3960 legs
450 3892 533 3946 Vdei
550 3891 612 3961 lege
630 3909 660 3945 aa
677 3890 722 3944 dei
740 3890 803 3959 lege
822 3889 847 3942 R
864 3888 1012 3958 diligentes
1031 3888 1081 3940 PT
1080 3908 1100 3939 c
1154 3889 1188 3942 14
1210 3886 1319 3956 profeta
1342 3887 1423 3940 l'RP

269 3981 362 4031 autem
375 3995 423 4031 om.
436 3979 486 4032 PT
538 3981 571 4034 15
583 3975 941 4047 loquiturezloquiman
993 3977 1025 4028 18
1042 3975 1088 4028 id'e
1106 3980 1149 4029 est
1167 3971 1350 4040 Videmlom.
1364 3982 1420 4044 est,

269 4067 315 4118 sed
331 4081 359 4118 m
376 4067 404 4118 ia
415 4063 479 4132 ros.)
498 4066 524 4119 R
575 4067 611 4118 22
629 4081 663 4118 ex
680 4063 767 4118 nobili
786 4064 813 4116 P
863 4063 897 4115 23
915 4063 1073 4130 acciperent
1090 4079 1121 4115 cu
1137 4060 1296 4130 acceperint
1313 4079 1348 4114 na.
1360 4061 1379 4113 1
1391 4062 1419 4115 R

269 4153 298 4206 in
316 4151 378 4222 lege
396 4152 538 4206 scilicetR
590 4153 626 4206 24
643 4150 839 4220 euuangelieus
858 4150 906 4202 VR
958 4153 1093 4202 tamenet
1108 4147 1284 4218 prophetali
1332 4148 1369 4201 26
1388 4148 1418 4202 in

269 4245 414 4292 truncusm
431 4255 498 4292 corr.
515 4257 547 4292 m.
567 4238 624 4291 IV
638 4237 669 4291 in
685 4243 785 4290 trunco
798 4237 848 4288 Vr
898 4238 933 4292 at
951 4235 1093 4290 instrendo
1111 4235 1180 4290 Vsa
1197 4233 1343 4288 inserendo
1356 4234 1418 4292 ΡΥ.
