3075 4967
262 275 325 342 296
609 275 724 327 saneti
744 275 879 328 Hilarii
899 277 1061 344 episcopi

264 467 424 534 scientiam
449 466 506 542 dei,
530 464 584 548 qui
607 465 695 531 nobis
719 473 749 529 et
773 485 884 545 passus
897 473 939 548 ¹et
961 477 1099 530 mortuus
1122 476 1170 531 ost-
1191 475 1222 532 et
1239 468 1403 533 resurrexit

262 578 294 636 et
316 572 459 636 dominus
482 576 537 647 ost,
561 569 692 634 instituit
714 570 838 635 dicens:
862 571 959 635 deus
981 577 1122 636 noster
1147 572 1246 637 dous
1269 572 1403 636 saluos

263 673 456 749 faciendi,
490 679 529 738 et
563 673 713 738 domini
749 675 883 739 exitus
914 674 1072 739 mortis:
1107 695 1179 740 oum
1204 676 1293 741 nobis
1316 677 1405 740 deum

264 779 421 854 intimans,
445 777 506 862 qui,
530 798 601 844 oum
626 785 709 842 osset
731 778 818 857 deus,
841 779 947 843 emnia
968 780 1008 843 ad
1028 778 1137 844 salutis
1165 788 1280 845 nostrae
1308 780 1405 844 incre

225 915 238 950 a
265 892 369 950 menta
391 883 569 966 susciperet.
614 882 781 948 etidcirco
804 883 856 948 hie
879 884 956 948 deus
978 891 1117 948 noster
1147 894 1204 964 ost,
1235 885 1309 968 quio
1331 885 1405 948 deus

265 1009 372 1054 eorum
395 989 444 1064 sit,
468 988 519 1071 qni
542 987 618 1052 fient
640 986 727 1052 salui¹
772 987 876 1052 saluos
900 995 1003 1054 autem
1022 1009 1079 1054 nos
1095 989 1196 1068 perid
1213 991 1290 1054 deus
1305 996 1407 1053 noster

265 1091 374 1170 effecit,
409 1093 492 1176 quod
514 1092 612 1158 exitus
636 1091 676 1156 sit
698 1093 805 1158 mortis
828 1112 992 1174 egressum
1026 1094 1058 1157 id
1092 1093 1174 1158 anim
1211 1093 1260 1158 his
1293 1093 1406 1167 uerbis,

265 1216 336 1280 qua
359 1195 451 1262 latine
476 1197 577 1260 minus
601 1215 745 1276 expresse
768 1203 861 1280 atque
884 1196 1022 1262 absolute
1045 1197 1193 1262 translata
1207 1205 1288 1275 sunt,
1312 1198 1406 1263 conti-

265 1307 363 1366 netur.
409 1300 555 1365 admonui
578 1301 660 1365 enim
685 1301 835 1381 superius,
858 1301 1042 1384 plerumque
1064 1300 1249 1386 interpretes
1271 1308 1407 1379 cunctos,

213 1429 238 1465 ιο
265 1405 336 1469 dum
361 1404 601 1470 conlocationem
627 1405 831 1487 ordinemque
853 1407 1018 1470 uerborum
1043 1407 1204 1472 demutare
1231 1425 1268 1472 ao
1291 1414 1408 1487 tempe
1452 1393 1458 1410 ⁸

266 1529 335 1574 rare
359 1529 419 1574 non
442 1509 564 1587 audent
588 1509 688 1574 minus
719 1508 853 1575 dilucide
883 1509 1100 1593 proprietatem
1132 1510 1312 1576 declarasse
1345 1510 1408 1575 dio-

262 1619 376 1680 torum.
423 1620 634 1680 uerumtamon
657 1613 689 1678 in
713 1613 772 1692 nis,
806 1633 876 1697 quae
899 1613 983 1678 dicta
1016 1623 1102 1679 sunt:
1137 1614 1234 1680 deus
1268 1622 1409 1680 noster

266 1718 362 1784 deus
386 1717 523 1783 saluos
556 1717 747 1794 faciendi,
782 1725 820 1782 et
850 1718 1001 1783 domini
1036 1719 1168 1782 erit-us
1203 1719 1407 1793 mortiset

265 1821 371 1888 salutis
394 1828 505 1887 nostrae
529 1823 605 1888 deus
628 1830 660 1888 et
681 1823 780 1887 cuitus
796 1823 863 1888 eius
878 1822 961 1888 ultra
976 1824 1091 1888 exitum
1107 1823 1215 1888 mortis
1230 1823 1408 1894 ostenditur,

215 1957 238 1992 n
266 1925 340 2009 quia
363 1926 470 1992 mortis
495 1927 591 1992 exitus
615 1927 765 1992 domini
790 1926 859 1992 sint.
904 1927 1049 1992 omnibus
1072 1927 1165 2004 enim,
1196 1927 1250 2011 qui
1282 1927 1411 1992 ueniunt

268 2030 299 2094 in
322 2033 427 2108 uitam,
450 2031 611 2116 ingressus
635 2033 666 2096 in
690 2040 820 2097 mortem
843 2039 906 2111 est;
929 2033 983 2098 sed
1005 2032 1209 2116 primogenito
1224 2053 1263 2095 ox
1280 2031 1409 2097 mortuis

267 2141 387 2200 tantum
411 2137 551 2216 proprius
575 2135 633 2200 fuit
654 2155 802 2218 egressus
824 2156 862 2202 ex
892 2145 1001 2201 morte.
1046 2145 1138 2219 atquo
1166 2136 1237 2201 ideo
1268 2139 1409 2217 proprius

267 2240 364 2304 exitus
388 2240 497 2305 mortis
521 2247 568 2306 est
591 2240 718 2314 domini,
752 2241 825 2324 quia
858 2242 1032 2320 adsumptos
1065 2242 1105 2304 ab
1139 2263 1175 2305 eo
1204 2241 1309 2305 curnis
1342 2239 1409 2304 haec

266 2343 363 2410 uirtus
387 2343 435 2421 sit,
458 2352 493 2408 ut
514 2352 630 2410 naturae
654 2353 766 2410 nostrae
790 2346 1020 2426 corruptionem
1042 2345 1073 2409 in
1097 2343 1228 2428 gloriam
1253 2343 1409 2409 caelestem

215 2473 240 2510 ao
266 2455 336 2532 post
347 2447 446 2513 exitus
459 2449 566 2514 mortis
579 2447 694 2514 efferat.
739 2469 853 2514 uerum
868 2457 1020 2532 susceptu
1038 2449 1143 2522 mortis
1154 2449 1252 2528 ipsius
1266 2469 1330 2512 nun
1353 2447 1409 2512 fuit

266 2551 450 2618 occultanda
465 2551 513 2616 uel
531 2571 633 2630 eausa,
650 2552 698 2618 uel
722 2553 816 2630 ratio;
839 2553 957 2636 etquid
976 2553 1065 2617 nobis
1081 2552 1258 2636 unigenitus
1274 2551 1352 2617 deus
1374 2571 1409 2616 ex
1436 2587 1440 2596 ·

267 2655 368 2720 forma
382 2656 432 2720 dei
447 2655 621 2721 exinanitus
637 2663 667 2722 et
685 2657 819 2722 formem
841 2657 924 2723 serui
947 2659 1115 2722 adsumens
1138 2657 1274 2721 adferret
1297 2655 1409 2730 auxilii,

266 2759 399 2839 oportuit
421 2761 460 2827 ed
483 2759 557 2824 fidei
580 2768 692 2826 nostra
715 2769 746 2826 et
768 2761 964 2826 securitatem
988 2772 1019 2825 et
1041 2760 1202 2826 scientiam
1225 2761 1367 2825 rcueiari.

311 2899 423 2953 lnobis
442 2918 472 2953 ea
490 2900 570 2954 nubis
589 2919 621 2954 m.
644 2899 664 2953 2
686 2902 711 2954 V
760 2901 829 2954 fids
852 2900 943 2983 saluos
962 2919 992 2953 ex
1010 2895 1040 2954 di
1064 2902 1155 2952 saluos
1174 2903 1246 2953 ml)
1274 2901 1299 2951 Γ
1348 2902 1410 2952 det

267 3039 318 3092 dr'rs
337 3039 427 3092 exitus
452 3039 476 3092 V
501 3037 559 3103 (sed
576 3040 610 3109 cs.
629 3037 707 3109 infr.)
736 3045 764 3093 et
791 2987 942 3093 dominidm
958 3041 1048 3093 exitus
1072 3040 1098 3092 R
1150 3039 1353 3092 dincrimenta
1376 3035 1408 3091 V'

266 3126 453 3194 bauseepcrit
482 3127 520 3178 tu
547 3127 667 3194 suscepit
695 3146 707 3180 e
761 3127 826 3194 quia
853 3145 883 3180 ec
910 3127 957 3195 qui
984 3146 1016 3180 m.
1045 3127 1065 3178 2
1089 3127 1112 3179 V
1162 3129 1294 3180 deorum
1319 3131 1361 3178 est
1384 3124 1409 3177 R

266 3211 335 3266 fient
352 3231 383 3266 επ
400 3209 448 3266 fiet
467 3232 498 3266 m.
518 3211 538 3265 2
561 3213 587 3264 V
636 3217 797 3282 'degressus
816 3231 846 3266 ea
863 3231 971 3282 gressus
993 3212 1065 3266 m..⁹
1090 3213 1112 3266 t‘
1162 3215 1345 3281 Bexprcssae
1362 3211 1408 3265 ed·

268 3317 320 3368 que
338 3301 479 3354 absolutae
504 3298 564 3353 VR¹
583 3316 728 3369 expressae
746 3306 829 3368 atque
857 3301 999 3354 absolutas
1023 3300 1049 3352 P
1071 3317 1201 3368 expressa
1227 3304 1315 3368 atque
1333 3299 1408 3352 abso-

267 3388 325 3442 lute
354 3389 378 3438 Τ
429 3386 606 3441 9admonuit
634 3387 658 3440 n
711 3387 894 3456 interpraetes
919 3387 944 3439 V
996 3391 1025 3440 ll
1051 3385 1226 3440 dilucidi-e
1243 3384 1322 3447 (erac
1340 3381 1409 3452 stit

267 3473 394 3528 delucide
413 3473 596 3554 Vdelucidae
621 3473 647 3525 P
697 3473 820 3528 deolasse
843 3473 868 3526 V
889 3473 1032 3528 declarans
1060 3491 1089 3526 se
1108 3473 1134 3525 P
1185 3476 1218 3528 la
1236 3473 1327 3526 saluos
1352 3469 1408 3538 (orn.

267 3579 484 3644 attendendi?
536 3585 563 3632 et
582 3577 698 3632 ddi
749 3580 782 3632 14
800 3583 829 3631 ct
846 3589 906 3631 onte
924 3580 1014 3632 exitus
1033 3577 1091 3631 eius
1109 3596 1180 3646 supr.
1198 3595 1247 3631 scr.
1267 3578 1298 3630 Ι).
1315 3595 1364 3630 om.
1387 3574 1410 3626 1·

270 3717 904 3789 lequiesmpstcs.Eptem.1testr.1889p.3o
948 3716 1140 3785 quicodcted.
1196 3719 1228 3769 16
1238 3674 1410 3785 ἰυῑζωεειιεΤ

268 3807 297 3860 in
306 3805 510 3859 mortemtain
519 3810 609 3858 morte
620 3809 661 3858 est
674 3804 747 3857 VPT
754 3805 784 3857 in
792 3810 883 3858 morte
892 3804 961 3858 sitii
995 3801 1231 3872 primogenituV¹
1259 3805 1293 3856 17
1303 3808 1408 3856 tantum

267 3893 381 3962 propius
395 3892 504 3946 Vtanto
512 3892 643 3960 proprior
653 3891 721 3944 PToe
762 3891 1037 3946 ideoaeidemnr.2
1051 3891 1076 3943 V
1113 3889 1238 3944 madert
1253 3885 1407 3974 Vcfferettt

268 3999 296 4050 in
313 3995 376 4060 rus.)
396 3997 421 4050 R
439 3995 550 4050 efferret
571 3996 648 4048 VFE
669 3997 705 4065 cs.
724 3998 797 4049 Stud.
823 3993 896 4050 1889
916 4012 944 4065 p.
969 3993 1025 4048 319
1078 4011 1174 4048 uerum
1200 3999 1344 4063 susceptae
1361 3992 1409 4046 ΡΙ

269 4083 379 4147 (Bened.
414 4085 474 4136 adn.
494 4083 587 4152 saiso)
622 4100 689 4138 uere
725 4087 868 4152 susceptae
895 4083 921 4135 R
947 4099 1045 4136 uerum
1080 4080 1148 4133 heco
1184 4086 1329 4149 susceptae
1358 4079 1407 4132 Vrd

267 4173 300 4224 at
329 4187 439 4224 oausam
463 4168 497 4224 V¹
548 4171 587 4224 22
607 4169 642 4224 ds
668 4172 728 4223 utld.
753 4187 786 4222 m.
805 4167 843 4222 3?
861 4170 886 4222 R
939 4167 1093 4222 exinanitas
1118 4168 1141 4217 V
1191 4169 1226 4220 24
1243 4166 1361 4221 rouclari
1379 4183 1409 4217 er

267 4257 395 4312 reuelarc
413 4255 448 4323 (i)
467 4275 499 4310 nr.
519 4257 536 4308 I
555 4257 588 4310 R.
