3075 4967
301 275 363 342 150
638 279 755 334 sancti
781 279 915 333 Hilarii
938 280 1103 348 episcopi

300 468 396 532 oratio
419 465 620 550 deprecantis.
665 477 696 533 at
718 488 792 534 uero
816 478 879 534 tum
901 469 934 532 in
957 487 1037 547 eum,
1057 468 1109 553 qui
1125 476 1239 551 sperat,
1266 470 1431 547 intenditur,

300 591 369 638 cum
392 573 491 637 tacitae
513 573 580 654 spei
603 573 681 639 fides
704 573 763 655 pia
793 573 988 639 conscientiae
1019 572 1169 658 religione
1198 573 1363 640 cohibetur.
1404 581 1432 639 et

300 683 348 742 est
359 675 448 742 uobis
461 669 794 743 hoc'absolutissimum
803 676 1041 760 uniuscuiusque
1048 677 1246 760 proprietatis
1255 678 1430 759 exemplum.

300 781 445 846 inauriuit
467 780 609 846 dominus
641 781 735 847 uerba
757 779 943 846 Chananaere
975 800 1058 862 sape
1087 780 1265 861 clamantis;
1299 783 1432 864 despexit

261 911 273 948 a
301 879 469 950 orationem
493 885 696 951 adulescentis
719 884 809 965 illius,
833 885 885 970 qui
908 885 948 949 ab
970 885 1153 951 aeternitatis
1182 884 1331 970 largitore
1363 886 1432 951 diui·

300 989 420 1054 sionem
443 988 620 1072 patrimonii
643 988 833 1071 postulabat,
855 989 990 1056 intendit
1011 995 1116 1055 autem
1139 990 1171 1055 iu
1191 1009 1258 1055 eam
1281 990 1433 1068 feminam,

301 1112 370 1176 qua
392 1093 464 1158 fidei
488 1093 608 1160 silentio
631 1093 762 1160 salutem
782 1094 841 1160 sibi
865 1093 957 1159 etiam
980 1114 998 1159 a
1019 1094 1116 1160 uestis
1131 1093 1255 1160 fimbria
1270 1094 1433 1176 expetebat

346 1198 374 1261 5.
399 1196 457 1261 His
481 1216 555 1282 ergo
577 1197 671 1264 totius
694 1198 879 1279 precationis
902 1217 965 1263 suae
987 1198 1157 1282 generibus
1185 1199 1434 1264 distinctionum

299 1320 423 1366 eausam
446 1303 546 1385 ipsam
571 1303 711 1386 exposuit
739 1303 941 1384 deprecandi:
973 1305 1046 1387 quia
1074 1302 1107 1366 in
1137 1302 1357 1369 exercitatione
1385 1322 1435 1369 sua

249 1431 272 1468 ιο
301 1406 536 1471 conturbaretur
558 1426 577 1470 a
598 1427 695 1472 uoce
717 1406 877 1471 inimici
901 1412 939 1472 et
961 1427 980 1472 a
1004 1405 1278 1472 tribulatione
1309 1426 1436 1488 pecca·

300 1509 412 1575 toris.
458 1511 634 1594 etquidem
657 1509 836 1577 exercitatio
869 1530 1040 1594 numquam
1064 1510 1124 1575 uisi
1147 1510 1186 1576 ad
1208 1531 1259 1577 res
1281 1510 1371 1576 utiles
1392 1531 1436 1576 sa·

298 1612 475 1696 intereaque
497 1615 678 1696 suscipitur;
701 1635 779 1699 quas
803 1615 875 1698 quia
896 1616 930 1679 iu
952 1622 1060 1680 sancto
1093 1635 1213 1698 quoque
1243 1615 1333 1700 impii
1362 1616 1437 1682 serre

299 1737 360 1783 non
382 1725 518 1800 possunt,
542 1719 684 1785 omnibus
708 1739 777 1786 eum
802 1719 925 1784 iniuriis
947 1719 1082 1785 adficere
1105 1727 1136 1785 et
1157 1721 1313 1803 usquead
1339 1720 1437 1784 formi-

299 1823 403 1888 dinem
428 1823 536 1888 mortis
559 1823 731 1907 defatigare
754 1825 951 1889 contendunt
997 1823 1053 1888 sed
1076 1822 1144 1889 hec
1166 1824 1198 1888 in
1222 1825 1349 1889 domino
1371 1824 1436 1889 lesu

248 1950 273 1989 15
302 1924 423 1992 Christo
445 1927 621 1992 exercitatio
644 1933 758 1992 nostra
781 1927 889 1992 salutis
907 1927 1043 2011 operatio
1059 1933 1115 2008 est,
1139 1946 1232 2011 quam
1248 1928 1436 1994 diuersarum

300 2032 501 2110 sanationum,
537 2029 651 2096 dehinc
676 2031 828 2112 passionis
862 2031 958 2112 ipsius
980 2031 1157 2097 exercitatio
1180 2031 1380 2114 prouebebat.
1409 2033 1438 2096 in

301 2135 359 2201 boc
376 2155 498 2219 quoque
520 2154 554 2201 se
573 2135 688 2201 mundo
712 2134 865 2200 consortio
887 2140 1002 2200 nostrae
1024 2135 1213 2201 infirmitatis
1236 2155 1386 2202 exercens
1402 2174 1437 2182 —

301 2259 391 2323 quarn
423 2239 677 2306 exercitationem
699 2258 826 2324 egressu
850 2258 904 2304 suo
928 2239 1017 2304 lsaac
1040 2239 1072 2304 in
1095 2259 1237 2322 campum
1262 2241 1439 2325 praefigura-

300 2345 350 2422 uit,
375 2364 443 2409 curn
478 2345 607 2409 inueetae
641 2343 758 2408 camelo
781 2341 942 2419 Rebeccae,
971 2349 1129 2427 tamquam
1160 2363 1282 2425 spenser
1307 2366 1347 2410 ex
1369 2364 1440 2430 gen·

249 2471 273 2507 20
301 2449 382 2514 tibus
406 2467 553 2514 exercens
577 2467 610 2512 se
632 2449 663 2511 in
687 2447 746 2512 hoc
769 2446 886 2511 mundo
905 2444 1056 2525 Christus,
1079 2448 1212 2513 occurrit
1228 2485 1279 2526 —,
1304 2470 1324 2514 a
1346 2469 1439 2515 uoce

300 2552 445 2617 inimici
458 2553 549 2617 etiam
563 2552 790 2631 turbaturum
804 2551 1025 2630 Samaritanus,
1036 2572 1107 2617 cum
1120 2553 1309 2619 demonium
1324 2553 1440 2619 babens

301 2657 419 2736 dicitur,
443 2675 512 2720 oum
537 2656 610 2739 quia
631 2673 665 2720 se
689 2677 708 2720 a
729 2675 821 2721 cruce
852 2675 912 2719 non
944 2662 1036 2734 eruat,
1070 2663 1203 2740 negatur
1233 2675 1303 2722 esse
1335 2659 1441 2723 ceteris

300 2759 391 2826 salus.
437 2759 628 2825 declinantes
651 2759 681 2823 in
707 2779 776 2824 euru
801 2759 993 2842 iniquitatem
1017 2759 1165 2825 falsorum
1195 2759 1440 2827 testimoniorum

301 2871 333 2931 et
355 2863 515 2930 sententiae
530 2863 638 2928 mortis
660 2863 693 2929 in
708 2864 754 2929 ira
769 2883 895 2947 quoque
912 2863 1031 2929 molesti
1048 2871 1120 2928 sunt
1147 2865 1185 2943 ei,
1208 2866 1284 2929 dum
1299 2865 1441 2951 flagellis,
1503 2881 1508 2890 ·

249 2987 273 3025 at
300 2970 372 3034 dum
397 2967 542 3049 colaphis,
565 2969 638 3033 dum
661 2966 757 3049 alapis
782 2966 961 3032 deseeuiunt.

346 3183 357 3232 l
369 3177 553 3249 praecantisV
597 3176 780 3232 tumerch
824 3177 1254 3248 ineol'RPsed.cf.1lcodp.2l
1308 3179 1443 3234 inteditur

300 3270 426 3335 comptae
436 3264 495 3334 spei
504 3263 567 3319 fidis
583 3265 607 3318 V
645 3266 732 3334 apiae
743 3282 848 3333 caprae
858 3263 921 3318 ua?
936 3265 962 3318 V
992 3263 1248 3332 accerseretur
1282 3266 1443 3320 uniuscuius

307 3355 330 3408 V
379 3353 767 3407 4inau1iuitexauriuitru.
787 3351 807 3404 2
828 3352 853 3406 V
903 3351 1083 3406 Channaneac
1102 3353 1126 3405 V
1176 3352 1324 3406 clamantis
1343 3373 1374 3407 cc
1391 3353 1444 3407 cla·

1178 3451 1189 3477 s
1316 3439 1331 3478 b
1385 3450 1399 3478 o

300 3493 440 3546 mantibus
456 3490 491 3546 V¹
544 3491 664 3561 dispexit
680 3493 702 3544 V
753 3491 1061 3546 badolescentisRPT
1111 3491 1176 3545 ahi
1194 3508 1261 3561 ergo
1287 3493 1351 3546 Vis
1369 3492 1447 3562 g·P

302 3581 367 3635 totis
384 3581 407 3632 V
458 3582 492 3635 10
507 3589 573 3649 post.
586 3579 800 3633 conturbaretur
811 3597 844 3631 m.
860 3577 881 3632 2
899 3578 923 3631 V
934 3597 991 3649 sup.
1004 3581 1049 3633 liu.
1062 3581 1136 3632 odd:
1149 3583 1178 3633 et
1188 3580 1407 3634 conturbaretur
1417 3583 1444 3631 et

301 3667 481 3723 tribulatione
498 3667 544 3720 VT
598 3669 627 3720 ll
640 3665 807 3734 equidemin
820 3665 982 3718 exercitatio
998 3665 1022 3718 V
1067 3665 1233 3734 lilinpiisV
1283 3665 1445 3721 lssadfioere

302 3755 390 3823 adque
401 3753 435 3806 ad
453 3755 475 3805 V
527 3755 560 3806 14
574 3751 728 3822 defatigare
744 3770 773 3802 es
788 3751 932 3820 delitigare
943 3753 969 3804 P
980 3751 1133 3820 defetigere
1143 3771 1173 3804 es
1182 3751 1337 3821 defatigare
1347 3753 1411 3805 na?
1425 3752 1448 3804 l'

305 3913 336 3965 15
354 3866 717 3963 diuersszzllonumrr
753 3911 786 3964 16
798 3907 969 3977 prouehebat
978 3926 1008 3960 es
1016 3907 1181 3977 priuehebat
1192 3906 1286 3960 ΜΓ
1320 3911 1355 3962 18
1367 3925 1444 3962 exer-

303 3995 462 4050 citationem
481 4015 511 4050 er
529 3995 760 4050 exercitationum
779 4013 810 4047 m.
830 3993 890 4049 211
939 4011 1052 4064 egressu
1070 4014 1101 4048 er
1111 4012 1208 4064 gressu
1227 4013 1259 4047 ru.
1277 3993 1298 4048 3
1316 3996 1344 4048 R
1396 4009 1444 4047 suo

303 4083 389 4138 0an
433 4083 505 4137 isaac
518 4101 547 4136 es
560 4082 616 4136 isac
629 4101 660 4134 m.
673 4082 799 4135 taleae
817 4082 840 4134 l'
890 4085 923 4136 19
941 4082 1051 4135 inuecta
1064 4082 1088 4134 V
1137 4084 1169 4135 21
1180 4099 1243 4135 cum
1254 4081 1444 4136 Samaritanus

303 4170 476 4224 daemonium
488 4171 565 4222 PTE
598 4166 920 4240 22aeup.lin.om.2V
958 4168 1194 4223 28declirranteT
1236 4168 1387 4236 iniquitate
1397 4168 1446 4220 Pr·

303 4259 337 4312 25
356 4256 449 4312 colafis
474 4257 521 4310 VR
574 4255 639 4309 duur
657 4255 746 4324 alapis
763 4257 824 4307 odd.
843 4273 876 4308 ru,
899 4255 912 4306 I
938 4256 965 4308 V.
