3075 4967
404 318 583 367 tractatus
607 313 641 365 in
665 313 839 381 psalmum
857 313 953 368 Lxrx.
1190 311 1253 378 343

126 499 172 568 ulio
192 521 287 584 quam
311 509 489 566 retrorsum.
536 509 734 587 resurgentes
757 504 842 568 enim
865 522 902 567 ex
926 502 1055 568 mortuis
1077 523 1200 568 rursum
1213 505 1254 568 ud

124 623 206 686 ponae
230 604 416 690 ultionisque
445 605 592 672 iuditium
616 607 647 671 in
670 605 780 671 infimo
802 612 901 672 terrae.
935 607 1018 672 unde
1054 614 1253 686 emerserant,

126 717 313 775 reuertentur.
359 711 489 775 omnis
527 711 631 776 enirn
670 731 764 777 oaro
809 718 1016 795 resurget,
1062 713 1131 778 sed
1177 731 1253 776 non

125 815 238 878 omnis
261 813 557 884 demutabitur:
585 822 616 880 et
637 835 892 900 unumquemque
913 816 945 880 in
968 835 1061 881 earne
1083 816 1150 881 sine
1172 817 1254 882 bono

125 916 175 982 sino
197 917 285 994 mala
309 925 399 1002 prout
420 920 527 1004 gessit,
551 920 692 1000 recipere
714 920 915 985 constitutum
930 928 985 986 est
1032 940 1107 999 ergo
1123 927 1155 986 et
1170 939 1253 1005 qure-
1292 948 1305 984 a

124 1029 212 1087 rentes
246 1023 383 1088 animam
414 1029 445 1088 et
467 1022 550 1088 malo
573 1025 744 1107 cogitantes
775 1030 807 1089 et
836 1043 916 1109 euge
946 1044 1025 1108 euge
1055 1025 1193 1090 direntes
1222 1033 1254 1090 et

124 1126 334 1191 contundentur
356 1133 387 1193 et
410 1133 587 1192 auertentur
610 1135 641 1192 et
663 1135 857 1193 reuertentur
879 1129 1104 1194 resurreetione
1123 1128 1252 1206 confusi,

124 1229 153 1292 ab
178 1250 305 1296 occursu
336 1230 461 1316 repulsi,
492 1234 522 1296 in
553 1232 676 1297 inferno
704 1233 848 1297 reuocati.
893 1252 993 1316 euge
1024 1252 1126 1318 euge
1148 1239 1253 1298 autem

123 1333 305 1400 inridentium
327 1356 385 1399 nor
410 1341 469 1416 est,
485 1355 589 1400 eorum
606 1335 733 1414 seilicet
750 1337 802 1420 qui
819 1337 968 1402 dixerint:
991 1336 1130 1402 saluos
1152 1336 1253 1403 feeit

124 1437 220 1516 alios,
243 1459 284 1504 ae
307 1441 437 1520 ipsum
461 1439 620 1505 saluum
643 1441 780 1506 faeere
804 1461 878 1505 non
900 1447 1047 1521 potest
1279 1464 1303 1503 ιο

157 1543 181 1607 l.
205 1543 264 1610 Sed
288 1553 359 1628 post
374 1542 456 1609 hane
472 1545 511 1610 de
534 1545 638 1626 impiis
653 1545 872 1626 precationem,
897 1546 969 1629 quio
984 1545 1252 1612 rememorationis

124 1658 175 1711 erut
205 1648 355 1728 psalmus,
389 1667 444 1728 pro
479 1655 655 1714 sanctorum
691 1668 817 1734 quoqne
847 1649 903 1714 fuit
936 1648 1053 1730 spebus
1090 1650 1251 1715 orandum.

123 1753 246 1834 sequitur
268 1753 368 1817 enim:
392 1751 578 1818 exultent
601 1760 638 1818 et
661 1753 853 1819 laetentur
882 1753 921 1817 in
951 1761 990 1818 te
1018 1773 1163 1830 omnes,
1185 1755 1250 1838 qui

124 1865 291 1936 querunt
325 1863 371 1934 te,
399 1867 437 1922 et
460 1857 600 1922 dicant
622 1877 798 1942 semper:
823 1857 1118 1941 magnificetur
1142 1857 1250 1934 deus,

124 1960 175 2040 qui
194 1959 374 2045 diligunt
393 1959 577 2026 salutare
596 1972 713 2027 tuum.
747 1961 976 2027 uteoniusioet
991 1961 1165 2026 reuerentia
1179 1962 1251 2026 iusti
1279 1983 1303 2020 a

123 2062 244 2127 animam
263 2064 481 2148 querentibus,
501 2065 544 2130 itu
563 2065 722 2131 exsultatio
746 2073 778 2131 et
795 2065 899 2130 laetitia
922 2065 1131 2149 quarentibus
1148 2066 1251 2142 deum,

124 2167 556 2252 quiaseeundumprophetem
578 2178 800 2255 resurgent
815 2170 887 2235 olii
903 2171 940 2234 in
958 2170 1250 2242 confusionem.

123 2268 180 2334 alii
202 2270 239 2337 in
262 2271 457 2338 laetitiam.
503 2281 533 2339 et
549 2283 582 2339 ut
592 2283 758 2340 retrorsum
771 2274 990 2340 erubescentes
1001 2281 1187 2353 euertuntur,
1199 2275 1250 2359 qui

124 2373 191 2440 mele
213 2377 357 2462 eogitent
371 2377 424 2460 qui
447 2377 552 2443 dioum
576 2399 656 2463 euge
672 2397 759 2463 euge,
777 2379 819 2442 ita
834 2379 887 2462 qui
903 2377 1037 2444 solutore
1052 2378 1101 2444 dei
1117 2379 1250 2463 diligent

124 2479 155 2541 ad
174 2479 397 2547 confessionem
421 2481 661 2566 magnificentiae
685 2483 734 2548 dei
758 2481 931 2566 proficiunt,
964 2489 997 2547 ut
1020 2502 1059 2547 er
1081 2483 1180 2568 gretia
1202 2483 1249 2547 in·
1275 2503 1301 2541 o

125 2581 202 2648 dultae
224 2585 278 2650 sibi
303 2605 322 2650 a
346 2587 404 2650 deo
434 2585 629 2652 exultetionia
662 2586 761 2652 laudis
795 2586 951 2652 consessio
984 2593 1142 2671 augeatur.
1188 2608 1248 2653 non

126 2686 194 2750 enim
215 2687 315 2774 aliquo
339 2691 423 2766 deus,
459 2691 511 2774 qui
543 2691 628 2756 idem
661 2697 753 2775 etque
786 2697 919 2756 aetarnus
953 2697 1010 2766 est,
1046 2690 1173 2776 indiget,
1197 2699 1251 2756 out

127 2791 269 2876 quiequam
293 2795 323 2859 in
348 2813 451 2860 rerum
474 2795 592 2860 naturis
623 2804 652 2860 at
683 2795 834 2860 montium
865 2795 1058 2876 opinionibus
1082 2803 1136 2872 est
1167 2796 1250 2880 quod

127 2903 252 2973 erpeotet.
298 2899 380 2983 quod
403 2899 487 2964 enim
512 2899 704 2965 incremento
728 2898 918 2964 demutabile
937 2907 992 2976 est,
1015 2899 1047 2964 id
1063 2900 1248 2966 detrimento

127 3013 194 3078 saepe
213 3003 395 3068 demutatur.
442 3004 518 3068 deus
543 3009 655 3078 sutem,
679 3003 731 3088 qui
753 3003 838 3068 idem
854 3005 943 3088 origo
959 3010 991 3068 st
1006 3015 1099 3070 eausa
1114 3005 1247 3090 gignen-
1275 3021 1301 3060 u

127 3097 193 3166 tibus
213 3113 263 3181 est,
287 3107 328 3172 ad
353 3113 475 3171 reternre
499 3107 695 3172 beatitudinis
725 3114 866 3172 naturam
901 3107 960 3172 sibi
994 3107 1061 3188 ipso
1091 3107 1249 3174 sufficiens

162 3257 274 3316 ilcor.
296 3265 337 3330 lt,
355 3265 397 3316 51.
433 3263 553 3318 liblero.
573 3263 631 3332 XV,
650 3265 692 3319 31.
730 3267 761 3319 17
781 3264 851 3319 Deo.
870 3265 930 3333 x11,
948 3265 972 3318 2.

164 3397 222 3452 lali
253 3401 274 3454 V
326 3406 452 3455 retrorsd
478 3421 550 3473 supr.
578 3421 626 3457 sor.
654 3423 687 3458 m.
715 3401 735 3458 3
761 3405 788 3458 R
814 3409 843 3458 et
869 3411 1024 3458 retrorsum
1048 3405 1073 3455 V
1122 3404 1196 3458 enim
1215 3433 1248 3442 —

125 3495 268 3544 mussona.
282 3489 308 3542 R
360 3487 501 3543 uindicta
518 3491 542 3542 V
556 3490 696 3544 iudicioli
747 3489 1041 3544 inllriroexinflrmali
1093 3491 1248 3545 desimam

125 3581 180 3637 iusti
196 3594 220 3641 et
238 3592 263 3644 E
313 3593 387 3648 mele
404 3593 430 3646 R
483 3597 500 3648 7
518 3573 762 3650 resurreetion'e'lt
780 3600 809 3686 et
826 3595 1045 3683 resenrreotione
1063 3612 1129 3649 corr.
1143 3594 1210 3651 aa?
1228 3595 1253 3648 l'

124 3704 337 3768 ttintnfema
355 3715 381 3768 R
435 3719 466 3770 ll
487 3716 521 3770 de
548 3717 659 3786 portV
708 3717 915 3786 praeeationem
938 3717 986 3770 VR
1012 3715 1249 3784 praedieationem

126 3789 167 3842 ΡΤ
212 3801 451 3856 rememorationes
485 3801 520 3856 V¹
575 3806 607 3857 14
625 3803 658 3858 dr
691 3805 739 3858 VP
764 3803 892 3858 dominus
919 3804 961 3858 Re
1015 3805 1048 3857 lo
1065 3803 1149 3858 deum
1175 3806 1249 3858 estt

126 3877 238 3945 l⁷l¹1ill
290 3890 322 3941 18
340 3893 369 3942 et
386 3889 471 3942 omn
523 3895 685 3945 reuertentur
695 3891 748 3944 TE
801 3892 833 3946 19
842 3889 965 3958 diligunt
974 3886 1038 3942 ΡΤ
1089 3891 1249 3946 medoen·

125 3961 228 4022 teutone
250 3973 270 4026 l'
320 3981 352 4028 nt
369 3992 419 4030 om.
438 3975 465 4028 P
516 3976 652 4046 indulgeti
681 3977 733 4032 sibi
759 3977 844 4031 doV
894 3978 929 4030 22
947 3976 1053 4044 aliquid
1072 3977 1122 4030 PT
1173 3976 1248 4032 idem

127 4101 179 4170 “lll-
202 4105 222 4156 V
238 4057 302 4165 ¹dem
321 4112 412 4182 adque
425 4114 451 4167 R
468 4131 516 4168 om.
532 4116 582 4168 PT
632 4119 667 4170 24
681 4128 742 4188 post
760 4115 909 4169 detrimeto
926 4118 1061 4185 repetitum
1079 4115 1249 4172 demutabile

127 4187 282 4334 21²1sz
329 4201 365 4254 26
382 4205 507 4255 mutatur
531 4201 617 4257 VPTe
671 4202 783 4272 quidem
796 4201 916 4289 liquid}
931 4202 956 4254 P
972 4202 1019 4270 qui
1038 4206 1067 4257 et
1085 4204 1111 4256 Τ
1161 4205 1196 4258 96
1214 4204 1249 4257 ud

174 4295 226 4331 .m.
284 4285 311 4338 V.
