3075 4967
376 293 557 343 tractatus
575 290 611 342 in
629 290 801 358 psalmum
820 288 965 342 CXXXVI.
1182 285 1246 352 729

113 484 253 549 incentiuu
276 488 381 546 tamen
404 478 636 546 consuetudinis
658 497 743 561 aegre
766 477 937 543 desinentis
953 477 1127 562 agitantum
1151 490 1183 543 et
1200 497 1244 555 ea

112 607 170 671 qna
191 583 310 651 occulte
333 589 403 650 sunt
422 583 500 649 uitia
521 583 553 648 in
576 582 675 660 nobis,
699 581 874 647 admiscere
896 601 930 647 se
952 579 1027 647 fidei
1042 582 1245 648 sacramentis

110 697 136 756 et
154 692 288 756 inserere
310 694 526 770 pertemptent,
549 691 583 751 nt
604 686 685 752 inter
708 685 830 751 diuinos
851 686 987 771 hymnos
1010 693 1042 752 et
1063 705 1168 752 sacras
1182 684 1246 751 lec·

109 797 197 860 tiones
221 793 330 859 harum
353 791 548 857 inimicarum
571 790 792 872 captiuantium
806 809 864 855 nos
879 790 1081 870 cupiditatum
1101 791 1245 874 cogitatio

109 899 255 979 subrepat
301 915 360 962 nec
383 915 458 962 sane
482 896 569 960 deest
590 894 649 960 hoc
666 893 840 960 absolutum
856 894 887 958 in
902 892 1044 979 plurimis
1058 895 1244 976 exemplum.
1286 919 1299 957 a

108 1001 210 1068 multos
234 1003 326 1080 enim,
349 1020 426 1084 qnos
448 999 590 1066 uidemus
612 997 719 1082 legere
742 1009 835 1083 etque
857 999 1019 1066 disserere.
1042 997 1100 1064 hos
1123 1020 1245 1066 mrsum

106 1107 211 1172 accidit
245 1107 423 1172 deuersatus
457 1123 526 1170 esse
561 1123 685 1184 semper
719 1103 749 1167 in
781 1103 897 1184 stupris
928 1104 1011 1169 etin
1035 1104 1245 1187 impietatibus

106 1209 302 1294 deprehendi.
347 1214 472 1274 sanctus
502 1227 576 1273 nero
607 1207 739 1291 quisque
762 1220 817 1281 est
851 1208 903 1291 qni
926 1227 1079 1291 organum
1102 1208 1244 1274 suumin

105 1313 190 1380 salice
214 1313 418 1396 suspenderit
442 1312 519 1390 istis,
552 1313 605 1396 qui
635 1332 669 1377 se
703 1311 842 1393 captiuos
865 1312 1023 1389 duxerant,
1057 1313 1245 1378 consortium

105 1419 170 1484 Sion
205 1419 317 1484 cantici
352 1423 448 1500 negat
481 1436 581 1500 neque
615 1417 749 1481 inimicis
782 1416 842 1482 sibi
873 1416 1038 1481 uirtutibus
1066 1423 1243 1482 sanctarum
1271 1439 1297 1475 lc

104 1523 272 1588 contionum
296 1521 395 1588 uerba
417 1521 633 1586 communicat.

142 1629 169 1693 9.
195 1626 271 1707 Qnae
295 1633 399 1691 autem
422 1625 492 1702 sint,
516 1644 586 1708 quae
609 1623 747 1704 captiuos
763 1625 887 1701 ducunt,
910 1645 968 1690 nos
983 1624 1140 1706 apostolus
1156 1625 1245 1691 docet

103 1731 219 1796 dicens:
254 1730 372 1796 uideo
407 1729 530 1794 aliem
565 1727 696 1812 legem
726 1728 765 1791 in
801 1729 996 1796 membris
1019 1729 1120 1794 meis
1143 1729 1244 1795 mili·

102 1841 249 1901 tantem
280 1835 480 1899 aduersus
511 1832 645 1918 legem
676 1831 826 1896 mentis
861 1852 953 1898 meae
977 1839 1015 1898 et
1037 1833 1244 1914 captiuum

101 1957 154 2003 me
176 1938 394 2004 ducentem
417 1937 455 2001 in
480 1936 571 2020 lege
595 1935 766 2017 peccati,
797 1955 880 2019 quea
903 1937 1028 2002 estin
1051 1936 1243 2002 membris
1271 1957 1295 1996 u

101 2041 203 2108 meis.
251 2061 321 2108 cum
357 2041 452 2125 igitur
484 2042 566 2105 inter
599 2040 883 2124 concupiscentiam
918 2040 1021 2106 caruis
1054 2049 1085 2105 et
1117 2041 1243 2122 spiritus

100 2164 200 2229 pugna
225 2151 281 2221 est,
311 2153 377 2210 tum
401 2165 446 2222 eu,
470 2163 541 2228 quae
564 2145 702 2226 captiuos
736 2163 793 2210 nos
826 2151 979 2210 conantur
1011 2145 1070 2211 sibi
1100 2146 1244 2223 subdere,

99 2255 306 2330 pertemptent
327 2268 477 2332 occupare
500 2268 612 2329 corpus
635 2249 763 2333 eiusque
779 2249 930 2315 dominari
947 2269 1079 2333 seseque
1095 2250 1244 2316 doctrinis

99 2354 293 2433 spiritalibus
327 2359 362 2418 ut
390 2373 446 2435 per
477 2353 730 2419 consuetudinem
764 2353 815 2419 his
848 2353 1061 2420 auctoritatem
1096 2354 1243 2430 adimant,

97 2447 250 2524 inserere.¹
289 2458 344 2523 sed
367 2457 577 2522 resistendum
599 2463 693 2522 estet
711 2457 870 2538 prophetae
884 2478 961 2523 uoce
977 2459 1242 2539 respondendnm:
1270 2477 1296 2514 ω

99 2563 296 2644 quomodo
330 2562 587 2627 cantabimus
622 2561 826 2628 canticum
865 2554 1016 2628 do'mini
1056 2563 1094 2628 in
1132 2570 1244 2628 terra

98 2664 256 2731 aliena?
301 2671 384 2731 terra
413 2670 520 2730 nostre
550 2665 712 2731 retinenda
741 2674 788 2733 eet
811 2673 843 2732 et
864 2667 895 2731 in
921 2666 1096 2732 libertatem
1118 2669 1243 2733 tuenda.

97 2769 212 2849 polluta
236 2769 319 2835 enim
343 2777 434 2835 terrae
456 2788 584 2850 corpora
600 2769 706 2835 audire
722 2770 761 2836 de
778 2771 850 2836 Sion
869 2770 995 2837 canticis
1012 2771 1090 2837 nihil
1105 2779 1243 2853 possunt,

96 2881 124 2938 et
156 2874 300 2940 alienas
330 2875 395 2950 deo,
430 2873 503 2938 licet
537 2881 641 2940 nostre
675 2873 744 2952 sint,
780 2881 878 2958 erunt,
914 2876 940 2940 si
972 2897 990 2940 a
1019 2876 1090 2960 lege
1125 2877 1242 2958 peccati

97 2979 245 3059 ceperint
268 2997 337 3043 esse
360 2978 492 3058 captiua.
1270 2997 1295 3034 aa

140 3083 189 3149 10.
213 3081 278 3148 Sed
300 3082 451 3147 memoria
474 3101 599 3162 semper
621 3080 755 3147 caelestis
772 3082 852 3148 iliius
869 3083 1065 3149 Hiemsalem
1082 3091 1113 3150 et
1128 3092 1242 3150 sancta

139 3259 171 3312 ra
190 3257 270 3312 som.
286 3255 347 3326 un,
364 3257 407 3312 aa.

138 3398 265 3449 ltsmen
284 3395 396 3449 erus.R
449 3396 584 3464 aegraeR
602 3411 684 3462 segre
699 3395 842 3448 Gom.PT
893 3396 1051 3450 desinentes
1065 3397 1091 3447 G
1142 3398 1243 3453 heuh-

94 3488 172 3551 repat
191 3483 217 3535 R
239 3481 365 3550 subripet
376 3482 402 3535 P
417 3479 594 3552 *obrepstth
609 3482 634 3533 G
653 3486 783 3550 surrepat
795 3483 820 3534 Τ
872 3481 1038 3552 inplurimos
1056 3485 1083 3536 P
1133 3487 1149 3538 6
1167 3485 1242 3539 enim

94 3585 161 3636 qnos
172 3569 199 3622 R
216 3569 292 3623 enim
305 3585 375 3636 quas
397 3569 421 3620 G
439 3569 514 3623 enim
526 3567 725 3636 iniquosPTE
776 3568 927 3623 hosRPTh
947 3570 989 3632 (G
1006 3570 1095 3636 cuca.)
1115 3574 1144 3625 et
1161 3570 1210 3624 hos
1230 3591 1242 3624 e

93 3655 231 3710 tuccidit
251 3655 290 3709 Ge
307 3654 398 3708 audiri
416 3656 442 3708 R
461 3673 509 3708 om.
530 3655 593 3708 Pro
647 3655 807 3710 decertatos
834 3656 911 3709 GPT
933 3656 1088 3712 diuersatus
1106 3657 1162 3711 RE
1213 3662 1242 3712 st

93 3741 121 3795 iu
147 3742 339 3811 impietatibus
366 3741 457 3795 GPTh
484 3746 513 3796 et
540 3741 730 3810 impietatibus
749 3744 789 3796 Ite
840 3746 857 3798 8
881 3743 1067 3812 depraehendi
1088 3745 1113 3796 G
1166 3744 1241 3813 quis·

92 3845 145 3896 que
164 3834 208 3883 est
229 3829 281 3881 GP
296 3829 423 3898 quisquis
436 3833 479 3883 est
497 3829 523 3882 R
541 3829 659 3898 quisque
678 3834 706 3883 et
725 3831 765 3883 Tb
784 3830 933 3899 quisquee
985 3831 1033 3900 qni
1057 3848 1194 3900 organum
1212 3849 1242 3885 es

92 3931 145 3983 quo
157 3933 295 3984 organum
308 3915 405 3970 ern
456 3917 486 3969 in
504 3915 665 3970 saliceRTe
682 3916 712 3970 iu
731 3917 913 3972 salicibusPh
964 3918 1125 3986 hosptium
1136 3918 1243 3972 GRPE

91 4013 262 4137 captqusT
314 4054 443 4109 dixerant
461 4052 542 4121 (tid
597 4057 630 4109 lb
648 4054 677 4108 in
705 4056 766 4124 lege
794 4057 835 4108 Ro
861 4057 896 4125 cf.
924 4053 1242 4122 Satarier111,612in

89 4157 151 4226 lege
173 4159 239 4211 PTe
275 4161 308 4212 16
325 4157 439 4228 spiritus
453 4159 533 4212 RTE
549 4164 611 4227 epm
625 4159 651 4211 P
703 4160 735 4212 la
753 4176 868 4228 seseque
887 4160 913 4212 R
931 4161 1092 4228 seqnsPTh
1110 4165 1139 4214 et
1157 4177 1242 4214 sesee

88 4245 122 4299 28
140 4245 253 4314 pulluta
282 4245 307 4298 P
350 4245 425 4299 sion
453 4245 570 4300 canticis
598 4246 651 4299 ΒΡ
676 4247 792 4300 canticis
819 4247 879 4300 sion
909 4247 962 4298 TE
1018 4248 1053 4301 24
1074 4252 1141 4333 332³
1166 4247 1190 4301 si
1210 4249 1242 4301 P.
