3075 4967
270 296 333 363 852
612 298 729 351 sancti
753 296 890 351 Hilarii
908 297 1073 366 episcopi

271 487 339 553 aliis
362 489 401 552 ad
424 487 515 554 huius
545 487 767 572 mtellegentiae
790 485 1065 571 ,confirmationem
1087 486 1132 552 nti
1154 486 1321 567 possimus,
1350 505 1416 549 am·

271 592 443 677 plectimur.
487 592 539 659 hic
562 593 645 657 enirn
668 592 744 658 ordo
768 592 922 657 dictorum
946 597 1009 656 est:
1033 591 1099 675 qui
1121 591 1256 671 operit
1278 588 1416 655 celum
1531 619 1532 622 ¹

272 698 448 764 nubibus
470 704 508 763 et
531 704 648 778 parat
681 703 800 762 terrae
833 695 1024 776 pluuium,
1058 695 1125 779 qui
1156 694 1350 775 producit
1378 693 1415 757 in

271 802 477 867 montibus
511 800 663 879 faenum,
687 802 754 866 dat
787 800 984 865 iumentis
1017 818 1152 864 escam
1174 800 1356 880 ipsorum
1379 805 1418 863 et

232 905 438 981 fiherbam
477 905 672 971 seruituti
710 903 916 969 hominum
955 908 993 969 et
1029 902 1158 985 pullis
1203 922 1417 969 ceruorum
1531 965 1532 974 ,

271 1010 563 1076 innocentibus
595 1030 688 1075 eum.
734 1009 799 1074 siue
829 1009 924 1093 igitur
953 1028 1009 1089 per
1038 1008 1166 1073 nubium
1189 1005 1324 1088 pluuium
1348 1026 1417 1087 pro
1531 1043 1532 1046 =

273 1116 364 1181 ducto
387 1114 534 1179 iumentis
556 1115 588 1179 in
611 1114 768 1179 montibus
791 1113 881 1191 taeno,
902 1118 938 1177 ut
960 1111 1129 1196 allegemus
1150 1111 1292 1177 doctrina
1313 1117 1419 1192 posset

272 1218 421 1303 intellegi,
456 1217 524 1283 haec
547 1217 644 1283 herba
667 1218 806 1283 seruituti
828 1217 992 1282 hominum
1014 1216 1179 1297 praebetur,
1203 1216 1257 1298 qui
1278 1216 1419 1296 pecudea

272 1324 464 1408 ignoratione
488 1323 626 1402 deposito
649 1322 741 1388 deum
776 1322 903 1387 tandem
936 1320 1159 1386 rationabiliter
1191 1320 1418 1401 conperissent;

220 1461 246 1498 ιο
273 1429 347 1507 siue,
371 1428 456 1512 quod
479 1426 646 1493 absolutius
669 1425 809 1511 intellegi
831 1431 941 1507 potest,
965 1425 997 1489 in
1019 1423 1118 1490 herbe
1139 1423 1258 1489 fructus
1274 1423 1418 1488 humanis

274 1532 351 1599 cibis
374 1532 503 1613 praestiti
526 1531 700 1609 edocentur,
723 1531 796 1614 quia
825 1549 932 1595 omnes
962 1530 1079 1595 fructus
1108 1549 1165 1610 per
1193 1528 1325 1593 herbam
1347 1546 1418 1592 con·

249 1663 251 1667 ¹
273 1634 436 1702 firmantur
458 1636 490 1700 in
514 1654 666 1701 messem:
698 1636 757 1700 deo
779 1640 945 1717 utrumque
967 1633 1052 1698 leudi
1074 1642 1129 1713 est,
1152 1632 1326 1697 infirmitati
1350 1650 1417 1696 eum

273 1746 387 1806 nostrae
411 1739 460 1805 uel
484 1739 657 1821 corporales
681 1740 713 1803 in
732 1739 850 1804 fructus
865 1738 952 1804 cibos
974 1737 1026 1804 uel
1040 1736 1189 1818 spiritalia
1211 1737 1243 1802 iu
1259 1734 1418 1817 prophetie

274 1845 347 1910 uitta
369 1843 483 1928 pabula
504 1844 685 1927 praebuisse.

223 1982 249 2018 ra
320 1949 370 2015 11.
393 1948 457 2015 Sed
479 1948 519 2026 id,
543 1949 625 2032 quod
656 1948 805 2031 sequitur,
836 1946 992 2029 quomodo
1020 1944 1159 2030 intellegi
1189 1944 1361 2029 oportebit:
1383 1951 1419 2008 et

275 2052 401 2138 pullis
432 2072 645 2118 cornorum
675 2050 971 2118 inuocantibus
1001 2049 1107 2115 eum?
1151 2050 1246 2114 deum
1275 2048 1417 2113 inuocare

276 2158 434 2238 proprium
457 2156 593 2222 hominis
616 2155 751 2222 osticium
777 2160 833 2234 est,
862 2155 914 2239 qui
937 2154 1020 2219 solus
1043 2174 1082 2219 er
1102 2152 1258 2219 uniuersis
1280 2153 1417 2218 animen-

217 2334 218 2337 ,
277 2263 358 2327 tibus
380 2263 533 2343 particeps
556 2261 684 2326 rationis
707 2258 835 2326 effectus
857 2266 912 2325 est
958 2278 1118 2324 cornorum
1134 2276 1209 2323 uero
1227 2255 1303 2339 pulli
1327 2257 1417 2321 deum

277 2368 433 2450 quomodo
455 2365 621 2431 innocent?
665 2370 697 2431 et
719 2384 775 2429 cur
796 2362 873 2445 pulli
896 2383 1060 2429 cornorum
1082 2362 1183 2445 potius
1211 2380 1304 2444 quam
1328 2360 1417 2440 corui,

225 2504 250 2543 so
278 2490 409 2555 quorum
432 2480 542 2535 natura
571 2468 677 2548 hebes,
712 2468 850 2550 inproba,
872 2468 1043 2549 inprouida,
1065 2465 1150 2531 nulle
1171 2466 1223 2531 dei
1246 2465 1417 2549 cognitione

278 2576 391 2639 donate
413 2574 475 2640 eit?
496 2580 548 2639 eut
571 2593 639 2655 quae
663 2592 733 2639 esca
757 2570 935 2657 praebetur?
958 2571 1111 2655 numquid
1124 2576 1158 2635 ut
1179 2570 1252 2635 faeni
1275 2567 1417 2634 iumentis

278 2686 308 2745 et
322 2687 356 2746 ut
378 2678 475 2744 herba
493 2677 694 2743 hominibus?
724 2683 936 2757 corruptorum
960 2675 1144 2741 cadauerum
1167 2673 1292 2740 fetidus
1315 2671 1416 2738 sordes

279 2784 355 2848 deus
377 2782 536 2848 orantibus
559 2802 593 2847 se
615 2800 776 2847 coruorum
800 2779 890 2861 pullis
906 2787 938 2846 et
951 2779 1107 2860 pecudum
1130 2783 1244 2843 mortes
1263 2776 1415 2843 adcitum

278 2888 350 2953 ultae
374 2886 534 2967 praesentis
554 2886 720 2969 inpertiet‘?
763 2884 833 2950 haec
848 2885 891 2949 ito
906 2883 1087 2968 intellegere
1103 2902 1166 2948 non
1182 2882 1288 2947 dicam
1303 2879 1415 2956 erroris,

227 3024 253 3061 ss
280 2992 336 3057 scd
360 2990 605 3074 inreligiositatis
629 2996 774 3055 extremae
798 2996 853 3055 est.
901 2988 975 3072 quid
1007 3006 1082 3071 ergo
1112 2985 1252 3071 intellegi
1276 2990 1416 3065 oporteat,

279 3100 370 3177 prout
391 3094 451 3175 ipsi
474 3096 556 3159 dono
578 3095 687 3179 gratie
710 3093 842 3159 caelestis
864 3093 969 3173 adepti
992 3111 1107 3169 sumus,
1131 3089 1305 3174 loquemur.

325 3198 376 3264 12.
400 3196 533 3265 coruum
556 3198 589 3262 in
610 3197 741 3263 formam
764 3199 936 3279 peccatoris
955 3196 1156 3261 constitutum
1171 3214 1240 3259 esse
1255 3199 1329 3269 tum,
1350 3209 1415 3257 cum

281 3326 318 3370 er
340 3322 413 3369 arca
435 3304 568 3368 emissus
587 3322 648 3367 non
669 3302 758 3380 redit,
782 3302 991 3367 meminimus.
1038 3320 1111 3365 cum
1133 3299 1216 3364 enim
1234 3294 1414 3363 consistendi

281 3428 431 3492 nusquam
454 3407 538 3473 loeus
562 3413 645 3472 esset
675 3408 764 3489 aquis
787 3406 818 3470 in
841 3405 987 3471 uniuerso
1009 3402 1139 3481 diffusis,
1169 3403 1238 3483 ipse
1280 3399 1414 3468 columbe

219 3544 253 3582 ao
281 3520 389 3593 postea
422 3532 484 3576 non
518 3516 640 3593 reperta
662 3510 769 3593 requie
799 3514 974 3575 reuertente
1007 3528 1070 3573 non
1099 3507 1199 3573 rediit.
1244 3502 1413 3572 cumcuim

281 3616 342 3682 illic
376 3635 449 3681 arca
483 3613 621 3681 eoclesiae
655 3614 787 3679 formum
821 3612 974 3691 habuerit,
1008 3613 1044 3685 is,
1071 3612 1125 3695 qui
1149 3610 1323 3687 eeclesiam,
1351 3624 1413 3673 cum

282 3740 450 3805 numquam
482 3718 554 3785 olibi
584 3725 690 3803 posset
719 3719 898 3798 consistere,
923 3715 1116 3799 derelinquit,
1137 3714 1311 3797 peccatoris
1332 3713 1362 3778 in
1382 3729 1414 3775 eo

282 3824 455 3906 exemplum
480 3833 527 3889 est
549 3822 756 3898 constitutum,
781 3821 843 3905 qui,
871 3840 940 3886 curn
962 3820 1079 3896 nullam
1101 3819 1194 3885 eliam
1217 3830 1413 3901 praeterquam

327 4018 359 4069 19.
378 4014 504 4069 leudisR
556 4012 713 4069 infirmitati
728 4030 792 4067 oum
803 4015 828 4066 R
880 4014 913 4067 13
928 4012 959 4065 in
973 4011 1111 4066 fructibus
1126 4012 1191 4064 coni.
1206 4010 1340 4063 Benedtn
1353 4007 1413 4066 oda,
1531 4025 1532 4042 ¹

282 4104 328 4155 scd
344 4101 376 4165 cf.
395 4103 525 4172 inter-pret.
544 4104 581 4155 ad
599 4101 676 4155 Coro.
696 4101 765 4171 Nep.
785 4100 862 4153 Eum,
881 4098 971 4167 ΧΗ
1025 4101 1057 4153 19
1076 4115 1128 4166 qur
1146 4097 1172 4150 R
1223 4097 1260 4151 20
1282 4089 1414 4150 metat

282 4191 313 4243 21
326 4187 555 4242 laeniRloenum
566 4188 594 4240 E
643 4190 880 4256 Rdcorruptorum
891 4188 937 4240 Rc
946 4187 987 4241 sic
996 4190 1211 4255 corruptorum
1264 4179 1413 4236 scomma·

285 4275 313 4339 (e
331 4277 358 4327 in
376 4272 441 4339 ras.)
460 4274 486 4327 R
533 4274 606 4329 redit
625 4275 650 4327 R
668 4274 751 4329 rediit
770 4275 799 4327 Ε
843 4276 875 4329 31
895 4275 918 4327 is
937 4272 959 4341 (i
976 4275 1004 4327 in
1021 4270 1085 4339 rue.)
1103 4273 1129 4324 R
1176 4269 1225 4339 qui
1242 4268 1370 4324 emittite
1385 4264 1413 4317 R·
