3075 4967
399 275 576 325 tractatur
593 271 629 324 in
650 270 821 338 psalmum
840 269 960 324 CXVIII.
1186 269 1249 335 423

624 458 740 540 lllllll.

164 600 620 665 Portiomeodominus.'
645 598 726 663 diri
754 600 966 665 custodire
989 597 1120 683 legem
1144 606 1250 664 tuam

126 714 151 767 et
170 702 289 787 reliqua.

164 827 186 889 1.
208 824 312 890 Plures
335 822 524 905 psalmorum
547 824 668 889 cardicas
691 823 829 908 legentes
846 832 877 888 et
892 844 948 889 nos
971 824 1015 889 ita
1034 825 1249 905 opinabamur,

74 950 77 959 ¹
125 948 241 1007 uersum
265 929 319 1012 qui
342 938 458 993 octaua
481 928 589 993 litterae
612 929 730 1008 primus
754 939 808 1005 est,
842 928 874 992 id
898 939 944 992 est
977 928 1078 993 bunc:
1116 928 1250 1009 portio
1290 956 1302 992 6

124 1052 196 1097 666
217 1032 409 1106 dominus,
433 1032 464 1097 in
488 1031 696 1113 superioribus
720 1032 859 1113 septimae
883 1031 992 1097 litterae
1015 1041 1083 1097 octo
1106 1032 1250 1097 uersibus

123 1138 264 1209 contineri.
289 1137 362 1221 quia
383 1138 426 1201 ite
448 1136 478 1200 in
502 1136 604 1201 latinis
628 1137 786 1203 codicibus
809 1145 901 1220 atque
925 1137 1019 1201 etiam
1042 1138 1074 1201 in
1092 1134 1245 1201 nonnullis

122 1241 219 1323 grecis
252 1241 401 1321 scriptum
435 1241 662 1319 continebatur3
697 1250 727 1305 66
749 1262 825 1305 6666
859 1240 1026 1305 absolutior
1059 1242 1103 1305 ita
1138 1260 1249 1306 sensus

121 1344 285 1423 aldebaram
309 1345 364 1410 sed
391 1345 562 1410 secundum
597 1342 745 1410 Hebraeor
768 1345 967 1409 emendatum
1003 1346 1086 1425 opud
1123 1344 1249 1410 Graecos

122 1448 296 1527 psalmorum
331 1448 444 1514 librum
467 1447 607 1531 legentes
629 1448 805 1513 inuenimns
828 1448 911 1514 hunc
932 1469 1059 1515 uersum
1089 1470 1151 1513 non
1177 1468 1247 1528 sep·
1276 1474 1301 1512 ιο

121 1553 192 1617 tima
224 1552 332 1619 litterae
366 1553 571 1617 nouissimum
605 1574 674 1617 6666
708 1556 763 1619 sed
797 1564 914 1618 octauae
949 1554 1093 1633 primum.
1139 1553 1244 1637 itaque

122 1658 278 1723 meandum
302 1658 382 1722 hanc
406 1656 612 1741 cognitionem
636 1676 691 1721 nos
708 1677 830 1741 quoquc
846 1664 979 1722 tractare
996 1658 1034 1723 dc
1050 1677 1085 1722 66
1102 1658 1247 1741 adgressi

122 1779 225 1827 sumus.

157 1866 181 1929 2.
204 1864 303 1946 Coepit
320 1865 475 1931 enimita:
499 1866 632 1945 portio
655 1867 948 1931 meodominus.
993 1865 1091 1930 dixi:
1116 1871 1247 1931 custo-

121 1968 217 2031 diam
239 1968 368 2053 lcgcm
393 1977 506 2034 tuam.
552 1990 640 2035 rarus
663 1970 797 2054 quisquc
820 1979 874 2036 est.
901 1971 951 2035 cui
973 1970 1033 2036 ista
1055 1970 1170 2035 fidncia
1192 1977 1249 2047 cst,
1277 1993 1302 2029 1⁶

120 2084 146 2135 nt
167 2074 335 2153 portionem
370 2094 460 2138 suom
494 2093 562 2138 esse
594 2075 685 2139 deum
717 2076 829 2139 audeat
851 2075 963 2140 dicere.
1007 2074 1246 2139 renuntiandum

120 2184 158 2241 est
185 2177 297 2242 saeculo
327 2178 533 2261 omnibusque
564 2179 655 2243 rebus
687 2178 761 2256 eius,
792 2186 826 2244 nt
855 2179 944 2243 nobis
974 2178 1051 2243 deus
1081 2177 1178 2258 portio
1201 2177 1249 2243 sit.

120 2291 245 2346 cetarum
276 2282 301 2347 si
332 2303 389 2347 666
420 2282 546 2348 ambitio
576 2284 719 2359 detineat,
754 2284 780 2349 si
804 2304 878 2348 cura
900 2281 1039 2364 pecuniae
1062 2290 1198 2363 occupet,
1223 2280 1250 2347 si

119 2382 271 2451 inlecebrae
293 2386 457 2451 libidinum
481 2387 611 2467 capiunt,
636 2388 660 2451 si
684 2388 808 2471 negotia
838 2407 942 2453 rerum
973 2385 1173 2451 familiarium
1197 2388 1250 2451 dc·

120 2498 273 2555 morentur.
312 2490 410 2570 portio
447 2491 535 2555 nobis
569 2492 645 2556 deus
679 2511 740 2555 non
777 2491 835 2557 erit
872 2490 1067 2556 saecularium
1102 2510 1247 2555 curamm
1277 2516 1302 2555 a

121 2606 202 2675 atque
225 2594 367 2659 uitiomm
390 2595 585 2674 possessione
609 2596 749 2660 detentis.

158 2694 183 2760 3.
211 2696 310 2783 Moysi
340 2717 411 2763 cum
440 2698 559 2763 iussum
591 2708 672 2764 66666
702 2699 855 2778 portiones
885 2698 1036 2764 incolatus
1065 2698 1249 2764 distribuere

121 2800 271 2867 duodecim
305 2802 450 2887 gentibus
483 2802 617 2867 filiorum
654 2802 779 2881 Israhel,
813 2802 856 2867 ita
879 2804 908 2867 ei
940 2805 979 2869 dc
1002 2804 1085 2869 tribu
1108 2803 1250 2868 Leuitico

121 2914 376 2985 pracceptumest:
399 2906 508 2973 filiis
532 2906 630 2973 Leui
654 2927 729 2972 non
752 2907 830 2973 erit
852 2908 985 2989 portio
1008 2928 1137 2992 neque
1161 2928 1251 2973 sors

120 3006 154 3069 in
175 3010 301 3074 medio
325 3010 501 3075 fratrum
525 3030 694 3078 suorum.
726 3011 821 3094 rania
851 3012 1038 3077 dominus
1069 3013 1251 3077 deusest
1277 3036 1302 3075 aa

159 3194 191 3246 24
208 3192 285 3247 Deut.
304 3194 337 3262 X,
356 3196 381 3248 9.

161 3348 236 3404 Ihct
257 3350 390 3406 Vetus
441 3354 506 3405 466
531 3366 582 3405 666
610 3369 639 3405 ec
665 3356 693 3405 66
719 3368 775 3406 666
802 3370 834 3407 m.
858 3351 879 3405 2
902 3351 1035 3406 Vdunos
1057 3370 1131 3421 supr.
1155 3368 1206 3404 scr.
1226 3351 1252 3404 n

122 3432 290 3499 opinabamur
308 3456 338 3491 ea
355 3437 489 3506 opinabor
501 3455 567 3491 corr.
578 3436 676 3491 oa2V
726 3438 790 3493 cic
808 3444 850 3493 666
867 3438 1002 3492 cdd.m.2
1016 3440 1041 3492 V
1091 3437 1192 3505 'lquia
1209 3437 1250 3490 ita

122 3519 147 3569 in
163 3518 214 3586 (uia
230 3524 270 3577 itu
288 3527 315 3578 a'o
332 3522 396 3591 raa.)
414 3524 440 3577 R
458 3524 572 3592 quidum
596 3524 636 3578 ila
660 3524 684 3579 V
732 3528 750 3580 8
777 3530 806 3579 66
832 3540 897 3578 6666
924 3552 957 3561 -
985 3524 1132 3579 uidebatur
1155 3541 1203 3577 om.
1229 3524 1254 3576 V

123 3612 146 3657 et
162 3624 221 3697 6666
242 3611 395 3697 6666166666
421 3610 461 3697 lli.
487 3610 557 3677 (ane,
582 3612 638 3679 aba,
663 3612 702 3665 ita
720 3614 746 3664 in
765 3609 828 3678 ros.)
846 3630 879 3665 m.
896 3609 917 3664 3
939 3612 966 3665 R
983 3618 1011 3665 66
1029 3627 1094 3665 sane
1114 3609 1194 3675 (6666
1214 3609 1247 3675 C)

122 3710 261 3769 absolutior
278 3713 337 3781 (om.
355 3713 405 3781 ita)
427 3715 465 3785 Cp
518 3714 710 3771 thebreosV
760 3722 828 3785 aput
851 3716 877 3770 V
925 3716 1067 3785 graeculi
1120 3718 1153 3769 12
1171 3719 1250 3769 sedni

121 3798 144 3849 ia
160 3817 220 3855 uera.
238 3813 342 3857 6666666
360 3804 420 3856 cdd
440 3820 472 3856 m.
490 3801 510 3855 3
528 3803 554 3855 R
607 3805 642 3857 14
658 3802 717 3857 dixi
742 3808 775 3857 66
802 3802 957 3857 custodiam
977 3804 1044 3873 CpE
1097 3804 1129 3857 15
1147 3800 1250 3856 fiducia

122 3934 154 3989 ait
171 3940 204 4009 t'p
258 3942 290 3995 16
307 3946 340 3995 66
366 3958 414 3993 om.
438 3941 464 3995 V
512 3957 572 3996 6666
599 3943 666 3996 dnm
686 3942 724 4013 c‘p
760 3899 960 3996 renuntiandum
979 3942 1005 3995 Il
1059 3944 1091 3995 17
1109 3942 1193 3995 rebus
1218 3960 1247 3994 ex

124 4078 324 4133 6666666261
375 4081 408 4133 18
427 4084 550 4135 cetarum
569 4079 614 4145 (cc
632 4078 769 4147 666663)
783 4038 981 4135 3066666661
1030 4083 1063 4135 19
1081 4080 1250 4135 familiarum

128 4160 172 4256 Vll
218 4168 253 4220 20
270 4182 399 4221 curarum
425 4168 485 4221 cdd.
513 4186 545 4221 m.
571 4166 591 4220 2
614 4169 639 4221 V
687 4170 718 4221 al
739 4168 940 4237 possessionem
973 4168 998 4222 V
1046 4170 1080 4221 22
1098 4183 1206 4236 moyses
1230 4186 1251 4236 p

125 4264 238 4322 rnacuap
290 4270 348 4307 6666
372 4253 396 4307 V
446 4253 572 4309 6416666
596 4254 625 4307 V.
