3075 4967
773 129 789 191 l

419 317 600 366 tractatus
624 312 659 366 in
682 313 853 381 psalmum
871 313 995 366 LXVIII.
1209 313 1272 378 325

138 507 274 581 speraret,
308 521 379 566 cnm
403 502 433 565 in
457 501 600 582 passione
623 501 775 586 unigeniti
799 503 849 568 dei
872 504 1008 568 omnium
1030 514 1102 569 ante
1125 504 1271 569 constitu·

138 606 241 670 donem
264 605 372 670 mundi
407 624 567 670 causarum
593 612 624 670 st
656 607 812 690 originum
845 614 1111 672 consummaretur
1144 606 1271 673 effectus

139 709 298 790 principem
321 708 424 774 saeculi
441 709 613 788 iudicando,
637 709 798 775 hominem
811 731 849 774 er
861 711 977 791 peccati
993 711 1063 795 lege
1078 711 1270 789 redimendo,

137 813 273 878 creaturis
295 833 314 877 a
336 815 539 894 corruptionis
560 815 704 894 uanitate,
728 815 776 880 cui
793 816 938 893 sentiant,
960 814 1139 894 liberandis,
1163 817 1270 900 nequi·

138 917 182 982 tiis
203 917 386 998 spiritalibus
419 918 537 984 domini
573 925 672 984 morte
707 921 900 997 damnandis,
934 921 992 985 deo
1018 921 1051 984 in
1074 920 1217 985 omnibus
1239 927 1309 985 ete

138 1041 187 1101 per
206 1042 309 1088 ornnes
332 1023 514 1089 aeternitatis
537 1043 665 1089 munere
688 1029 720 1089 et
741 1023 971 1089 inmortalitatis
994 1031 1106 1090 nostrae
1128 1023 1268 1090 claritate

137 1125 286 1191 laudando.
332 1128 435 1192 omnia
458 1117 562 1193 autem
586 1127 654 1193 haec
673 1128 771 1193 uirtus
787 1129 1021 1194 resurrectionis
1036 1128 1173 1210 inplenit,
1197 1128 1269 1212 qnia

136 1249 186 1310 per
205 1230 353 1310 primitias
376 1253 412 1296 cr
436 1234 564 1298 mortuis
598 1233 636 1297 ab
671 1232 834 1298 hominum
864 1253 980 1316 genere
1014 1239 1113 1298 morte
1140 1232 1269 1312 depulsa

134 1333 162 1396 in
192 1341 329 1401 auctores
363 1337 470 1401 mortis
503 1344 626 1402 aeternae
660 1337 769 1402 mortis
803 1357 895 1418 poena
923 1338 1049 1404 decreta
1071 1343 1127 1402 est.
1171 1337 1203 1400 in
1233 1355 1268 1402 se

135 1437 208 1502 enirn
237 1441 303 1520 ipso
326 1441 515 1522 principatus
539 1448 569 1506 et
591 1447 759 1522 potestates
795 1441 1015 1508 dehonestatas
1049 1461 1121 1506 cum
1154 1441 1267 1507 fidncia
1294 1465 1320 1504 ιο

134 1543 331 1624 triumphauit.

173 1646 219 1712 15.
242 1647 282 1712 Et
304 1649 374 1714 ideo
397 1655 467 1730 post
491 1649 673 1730 beneplaciti
697 1651 847 1730 temporis
876 1649 1135 1734 significationem
1165 1650 1267 1714 omnis

135 1750 292 1816 tribuendae
326 1773 409 1818 uerae
444 1753 550 1820 salutis
584 1755 680 1819 oratio
715 1761 771 1832 est,
805 1760 839 1819 ut
872 1774 909 1818 ea
930 1755 998 1834 ipsa
1021 1753 1128 1820 salutis
1150 1752 1267 1819 ueritas

134 1852 363 1940 intellegeretur,
395 1878 463 1942 quoe
494 1879 531 1923 er
554 1859 780 1923 resurreetione
803 1864 952 1938 speratur.
998 1857 1120 1936 dehinc,
1144 1857 1196 1941 qui
1219 1858 1266 1922 in-

133 1955 202 2022 fixus
235 1965 316 2026 esset
350 1961 380 2025 in
415 1960 489 2026 limo
523 1961 676 2043 profundi,
721 1969 754 2026 ut
786 1961 849 2027 luto
882 1983 943 2026 non
976 1960 1152 2044 inhaereret,
1177 1967 1267 2046 rogat
1293 1985 1318 2022 1⁶

133 2064 289 2128 seeundum
326 2065 419 2131 illud:
454 2066 641 2150 quoniam
674 2087 750 2132 non
785 2065 1055 2150 derelinques
1092 2051 1265 2131 animam

133 2184 243 2231 meam
266 2169 304 2233 in
327 2169 542 2248 infernum,
559 2189 628 2236 nec
645 2171 761 2236 dabis
786 2176 968 2235 sanctum
993 2177 1100 2235 tuum
1122 2170 1288 2236 uidere·

133 2273 435 2353 corruptionem.
482 2275 534 2358 qui
558 2275 640 2339 enim
665 2281 748 2340 terra
770 2281 826 2352 est,
857 2282 888 2338 et
917 2275 949 2339 in
980 2281 1105 2351 terram,
1136 2293 1175 2338 ex
1204 2293 1265 2358 qua

133 2383 264 2458 acceptus
288 2385 344 2454 est,
367 2383 549 2456 reportetur,
573 2377 634 2442 luto
657 2383 688 2444 et
703 2377 786 2457 limo,
809 2397 870 2462 quo
893 2378 1005 2443 infixus
1020 2386 1077 2455 est,
1100 2376 1265 2442 inhaerebit

133 2478 158 2541 in
178 2487 290 2546 naturas
313 2501 386 2558 suae,
401 2482 434 2546 id
456 2487 504 2547 est
526 2482 671 2562 corporis,
694 2483 847 2567 originem
864 2480 1037 2546 dissolutus.
1082 2481 1206 2547 liberari
1229 2501 1263 2547 ss
1290 2499 1316 2540 ro

133 2585 213 2649 stiam
236 2605 274 2650 ex
296 2586 472 2652 odientibus
505 2607 539 2652 se
569 2588 752 2667 deprecatur
784 2594 815 2651 et
849 2588 888 2652 de
921 2586 1073 2666 profundo
1106 2605 1262 2671 aquarum,

134 2688 194 2769 quia
215 2687 316 2774 usque.
335 2691 376 2755 ad
398 2691 534 2755 animam
557 2710 643 2756 suam
669 2729 709 2738 -
733 2692 765 2757 id
789 2698 836 2756 est
861 2691 1080 2756 insectantium
1103 2690 1263 2771 passiones

134 2827 166 2836 -
187 2795 387 2875 parmperint.
432 2795 560 2860 ueniens
583 2815 705 2880 quoque
733 2796 763 2859 in
787 2794 980 2860 altitudinem
1003 2795 1097 2860 maris
1120 2815 1156 2860 ae
1186 2802 1263 2860 tem-

133 2903 239 2972 pestate
261 2900 424 2965 demersus
455 2919 544 2976 nunc,
568 2919 606 2964 ne
629 2900 837 2983 demergatur,
861 2904 941 2964 orat:
976 2906 1010 2964 ut
1031 2901 1172 2981 superius
1206 2901 1261 2965 ad-

133 3009 248 3082 sumpse
270 3003 460 3068 infirmitatis
483 3010 596 3069 nostrae
619 3003 769 3084 professio
792 3003 840 3080 sit,
864 3023 936 3068 cum
951 3023 985 3068 se
1000 3003 1175 3069 demersum
1192 3023 1261 3069 esse
1288 3021 1314 3060 ²⁵

170 3179 197 3230 16
213 3180 256 3233 Ρ1.
275 3177 333 3244 XV,
355 3182 394 3233 10.

171 3319 182 3368 1
205 3318 328 3386 passione
355 3317 415 3383 (om.
442 3315 481 3384 in)
515 3319 539 3371 V
589 3324 652 3372 ante
681 3319 842 3372 constitutio
874 3317 909 3370 lq
971 3320 988 3370 2
1015 3321 1206 3387 adsumeret-ur
1238 3317 1264 3370 V

1164 3413 1175 3441 Ι

134 3453 276 3526 bprincipe
295 3460 320 3511 R
337 3457 479 3526 principes
504 3458 528 3510 V
577 3461 695 3512 duom.
721 3458 745 3511 V
795 3458 949 3511 seruierant
969 3458 996 3508 E
1047 3455 1166 3524 aequitii
1193 3473 1259 3508 com.

135 3556 162 3590 m.
185 3542 202 3593 2
231 3546 254 3598 V
312 3549 328 3599 7
356 3544 485 3613 impleuit
513 3550 541 3598 et
566 3562 648 3614 pere
707 3544 863 3598 9111110111
897 3543 945 3596 l'P
1002 3546 1036 3598 10
1053 3542 1205 3612 pricipatus
1238 3543 1263 3595 V

134 3633 308 3690 potestatestas
343 3631 368 3685 V
417 3630 610 3685 dehonestates
643 3629 676 3686 V¹
736 3633 769 3684 13
787 3648 854 3684 uere
887 3631 934 3682 l'R
988 3632 1020 3684 15
1038 3629 1179 3683 inhereret.
1212 3629 1260 3681 VR

135 3713 162 3762 16
178 3713 234 3770 illut
258 3719 281 3772 V
330 3717 501 3785 derelinquis
526 3717 551 3770 V
602 3718 682 3772 17111
709 3717 819 3771 inferno
848 3717 925 3770 RPE
950 3717 982 3780 cf.
1011 3717 1130 3769 Sobcticr
1158 3716 1196 3783 H,
1220 3714 1259 3768 30

136 3849 163 3900 18
178 3851 208 3904 de
223 3861 294 3911 terra
312 3863 354 3911 est
375 3857 402 3909 E
453 3857 528 3911 etin
546 3863 621 3910 terra
640 3857 665 3909 R
719 3858 752 3909 19
771 3809 916 3910 reuertatur
940 3874 1006 3909 corr.
1033 3855 1106 3908 nr.‘l
1132 3855 1154 3906 l'
1204 3870 1259 3922 quo

134 3945 278 4004 espace?
329 3943 469 3998 inhercbit
485 3945 560 3997 VRP
610 3943 741 3997 20111111..
754 3944 793 3996 Pe
845 3941 953 4009 origine
965 3943 1003 3995 Pe
1056 3941 1205 3995 dissolutos
1224 3940 1257 3995 V¹

134 4021 161 4075 21
185 4037 320 4092 praecatur
353 4031 378 4085 V
444 4033 478 4085 22
505 4031 534 4084 id
567 4035 609 4084 est
638 4030 836 4084 insectantium
863 4029 998 4097 passionis
1025 4027 1204 4096 perruperint
1236 4028 1262 4082 V

135 4107 158 4160 id
173 4115 211 4164 est
224 4115 414 4172 insectantium
432 4119 572 4187 passiones
591 4117 738 4186 properint
757 4117 783 4169 R
800 4116 830 4169 id
857 4122 898 4169 est
925 4131 1012 4183 usqne
1039 4114 1074 4167 ad
1100 4115 1257 4182 passionem

134 4192 307 4258 insectantium
325 4205 389 4259 odie
405 4205 584 4274 proruperint
604 4203 656 4256 PE
672 4205 706 4273 cf.
725 4223 796 4273 suprr.
807 4223 835 4273 p.
847 4203 912 4265 315,
925 4201 945 4255 3
957 4213 980 4255 ct
993 4204 1065 4256 Sauo.
1080 4200 1151 4254 1889
1158 4219 1188 4271 p.
1200 4200 1256 4255 319

135 4281 164 4332 24
179 4283 325 4358 adsumptae
344 4309 392 4344 our.
413 4291 438 4344 R
491 4293 525 4345 ‘25
543 4292 684 4346 demersus
709 4290 750 4344 l’¹.
