<?xml version="1.0" encoding="UTF-8"?>
<!DOCTYPE html PUBLIC "-//W3C//DTD XHTML 1.0 Transitional//EN"
    "http://www.w3.org/TR/xhtml1/DTD/xhtml1-transitional.dtd">
<html xmlns="http://www.w3.org/1999/xhtml" xml:lang="en" lang="en">
 <head>
  <title>
</title>
<meta http-equiv="Content-Type" content="text/html;charset=utf-8" />
  <meta name='ocr-system' content='tesseract 3.04.00' />
  <meta name='ocr-capabilities' content='ocr_page ocr_carea ocr_par ocr_line ocrx_word'/>
</head>
<body>
  <div class='ocr_page' id='page_1' title='image "./corpusscriptoru23wiengoog_0537.png"; bbox 0 0 3075 4967; ppageno 0'>
   <div class='ocr_carea' id='block_1_1' title="bbox 412 306 1268 377">
    <p class='ocr_par' dir='ltr' id='par_1_1' title="bbox 412 306 1268 377">
     <span class='ocr_line' id='line_1_1' title="bbox 412 306 1268 377; baseline 0 -14"><span class='ocrx_word' id='word_1_1' title='bbox 412 313 596 364; x_wconf 87' lang='lat' dir='ltr'><strong>traotatus</strong></span> <span class='ocrx_word' id='word_1_2' title='bbox 616 309 650 365; x_wconf 90' lang='lat' dir='ltr'><strong>in</strong></span> <span class='ocrx_word' id='word_1_3' title='bbox 672 308 843 377; x_wconf 83' lang='lat' dir='ltr'><strong>psalmum</strong></span> <span class='ocrx_word' id='word_1_4' title='bbox 862 307 982 362; x_wconf 81' lang='lat' dir='ltr'>CXVIII.</span> <span class='ocrx_word' id='word_1_5' title='bbox 1206 306 1268 372; x_wconf 83' lang='grc'><strong>507</strong></span> 
     </span>
    </p>
   </div>
   <div class='ocr_carea' id='block_1_2' title="bbox 124 497 1327 3180">
    <p class='ocr_par' dir='ltr' id='par_1_2' title="bbox 124 497 1325 2680">
     <span class='ocr_line' id='line_1_2' title="bbox 169 497 1270 584; baseline -0.004 -20"><span class='ocrx_word' id='word_1_6' title='bbox 169 500 199 565; x_wconf 82' lang='lat'><strong>2.</strong></span> <span class='ocrx_word' id='word_1_7' title='bbox 223 499 368 584; x_wconf 73' lang='lat' dir='ltr'><strong>Sequitur</strong></span> <span class='ocrx_word' id='word_1_8' title='bbox 410 498 537 565; x_wconf 86' lang='lat' dir='ltr'><strong>deinde:</strong></span> <span class='ocrx_word' id='word_1_9' title='bbox 576 497 806 564; x_wconf 79' lang='lat' dir='ltr'>declaratio</span> <span class='ocrx_word' id='word_1_10' title='bbox 848 517 1077 562; x_wconf 78' lang='lat' dir='ltr'><strong>sermonum</strong></span> <span class='ocrx_word' id='word_1_11' title='bbox 1115 503 1270 562; x_wconf 90' lang='lat' dir='ltr'><strong>tuorum</strong></span> 
     </span>
     <span class='ocr_line' id='line_1_3' title="bbox 127 600 1269 685; baseline -0.003 -17"><span class='ocrx_word' id='word_1_12' title='bbox 127 603 348 669; x_wconf 81' lang='lat' dir='ltr'><strong>inluminat</strong></span> <span class='ocrx_word' id='word_1_13' title='bbox 379 611 416 670; x_wconf 88' lang='lat' dir='ltr'><strong>et</strong></span> <span class='ocrx_word' id='word_1_14' title='bbox 444 601 704 670; x_wconf 82' lang='lat' dir='ltr'><strong>intellectum</strong></span> <span class='ocrx_word' id='word_1_15' title='bbox 728 602 797 667; x_wconf 88' lang='lat' dir='ltr'><strong>dat</strong></span> <span class='ocrx_word' id='word_1_16' title='bbox 819 601 1012 684; x_wconf 88' lang='lat' dir='ltr'><strong>paruulis.</strong></span> <span class='ocrx_word' id='word_1_17' title='bbox 1057 607 1089 668; x_wconf 86' lang='lat' dir='ltr'><strong>et</strong></span> <span class='ocrx_word' id='word_1_18' title='bbox 1117 600 1169 666; x_wconf 88' lang='lat' dir='ltr'><strong>hio</strong></span> <span class='ocrx_word' id='word_1_19' title='bbox 1196 621 1269 685; x_wconf 89' lang='lat' dir='ltr'><strong>quo·</strong></span> 
     </span>
     <span class='ocr_line' id='line_1_4' title="bbox 128 705 1271 792; baseline -0.003 -19"><span class='ocrx_word' id='word_1_20' title='bbox 128 727 186 792; x_wconf 90' lang='lat' dir='ltr'><strong>que</strong></span> <span class='ocrx_word' id='word_1_21' title='bbox 218 727 321 773; x_wconf 87' lang='lat' dir='ltr'><strong>sermo</strong></span> <span class='ocrx_word' id='word_1_22' title='bbox 351 707 429 773; x_wconf 83' lang='lat' dir='ltr'><strong>forte</strong></span> <span class='ocrx_word' id='word_1_23' title='bbox 459 708 582 774; x_wconf 89' lang='lat' dir='ltr'><strong>uidetur</strong></span> <span class='ocrx_word' id='word_1_24' title='bbox 611 727 629 771; x_wconf 90' lang='lat' dir='ltr'><strong>a</strong></span> <span class='ocrx_word' id='word_1_25' title='bbox 659 714 776 772; x_wconf 78' lang='lat' dir='ltr'><strong>natura</strong></span> <span class='ocrx_word' id='word_1_26' title='bbox 806 713 919 770; x_wconf 77' lang='lat' dir='ltr'><strong>nostrae</strong></span> <span class='ocrx_word' id='word_1_27' title='bbox 949 705 1171 772; x_wconf 84' lang='lat' dir='ltr'><strong>eonsuetudine</strong></span> <span class='ocrx_word' id='word_1_28' title='bbox 1201 725 1271 772; x_wconf 90' lang='lat' dir='ltr'><strong>esse</strong></span> 
     </span>
     <span class='ocr_line' id='line_1_5' title="bbox 127 808 1271 896; baseline -0.003 -18"><span class='ocrx_word' id='word_1_29' title='bbox 127 813 277 878; x_wconf 86' lang='lat' dir='ltr'><strong>diuersus.</strong></span> <span class='ocrx_word' id='word_1_30' title='bbox 330 832 401 878; x_wconf 87' lang='lat' dir='ltr'><strong>eum</strong></span> <span class='ocrx_word' id='word_1_31' title='bbox 435 811 517 878; x_wconf 85' lang='lat' dir='ltr'><strong>onim</strong></span> <span class='ocrx_word' id='word_1_32' title='bbox 556 818 626 876; x_wconf 90' lang='lat' dir='ltr'><strong>ante</strong></span> <span class='ocrx_word' id='word_1_33' title='bbox 663 809 909 896; x_wconf 77' lang='lat' dir='ltr'><strong>intellegendum</strong></span> <span class='ocrx_word' id='word_1_34' title='bbox 943 810 982 876; x_wconf 89' lang='lat' dir='ltr'><strong>sit</strong></span> <span class='ocrx_word' id='word_1_35' title='bbox 1015 816 1047 876; x_wconf 90' lang='lat' dir='ltr'><strong>et</strong></span> <span class='ocrx_word' id='word_1_36' title='bbox 1079 810 1124 875; x_wconf 87' lang='lat' dir='ltr'><strong>sie</strong></span> <span class='ocrx_word' id='word_1_37' title='bbox 1154 808 1271 875; x_wconf 78' lang='lat' dir='ltr'><strong>lamiae</strong></span> 
     </span>
     <span class='ocr_line' id='line_1_6' title="bbox 126 913 1323 1001; baseline -0.004 -20"><span class='ocrx_word' id='word_1_38' title='bbox 126 915 347 1001; x_wconf 75' lang='lat' dir='ltr'><strong>intellegentiae</strong></span> <span class='ocrx_word' id='word_1_39' title='bbox 382 916 541 994; x_wconf 87' lang='lat' dir='ltr'><strong>utendum,</strong></span> <span class='ocrx_word' id='word_1_40' title='bbox 576 915 648 997; x_wconf 89' lang='lat' dir='ltr'><strong>quia</strong></span> <span class='ocrx_word' id='word_1_41' title='bbox 683 921 806 979; x_wconf 85' lang='lat' dir='ltr'><strong>noctem</strong></span> <span class='ocrx_word' id='word_1_42' title='bbox 839 914 1021 999; x_wconf 77' lang='lat' dir='ltr'><strong>ignorantia</strong></span> <span class='ocrx_word' id='word_1_43' title='bbox 1051 913 1270 999; x_wconf 76' lang='lat' dir='ltr'><strong>intellegentiae</strong></span> <span class='ocrx_word' id='word_1_44' title='bbox 1310 938 1323 976; x_wconf 81' lang='lat' dir='ltr'><strong>n</strong></span> 
     </span>
     <span class='ocr_line' id='line_1_7' title="bbox 125 1017 1270 1102; baseline -0.004 -16"><span class='ocrx_word' id='word_1_45' title='bbox 125 1021 246 1102; x_wconf 76' lang='lat' dir='ltr'><strong>adepta</strong></span> <span class='ocrx_word' id='word_1_46' title='bbox 283 1020 390 1086; x_wconf 90' lang='lat' dir='ltr'><strong>lumen</strong></span> <span class='ocrx_word' id='word_1_47' title='bbox 428 1019 549 1101; x_wconf 79' lang='lat' dir='ltr'>apellat,</span> <span class='ocrx_word' id='word_1_48' title='bbox 586 1017 739 1099; x_wconf 83' lang='lat' dir='ltr'><strong>propheto</strong></span> <span class='ocrx_word' id='word_1_49' title='bbox 776 1027 882 1084; x_wconf 89' lang='lat' dir='ltr'><strong>tamen</strong></span> <span class='ocrx_word' id='word_1_50' title='bbox 919 1017 995 1084; x_wconf 87' lang='lat' dir='ltr'><strong>dioit</strong></span> <span class='ocrx_word' id='word_1_51' title='bbox 1031 1017 1270 1083; x_wconf 77' lang='lat' dir='ltr'><strong>declarationem</strong></span> 
     </span>
     <span class='ocr_line' id='line_1_8' title="bbox 124 1120 1270 1208; baseline -0.003 -18"><span class='ocrx_word' id='word_1_52' title='bbox 124 1125 293 1190; x_wconf 91' lang='lat' dir='ltr'><strong>uerborum</strong></span> <span class='ocrx_word' id='word_1_53' title='bbox 317 1125 367 1190; x_wconf 89' lang='lat' dir='ltr'><strong>dei</strong></span> <span class='ocrx_word' id='word_1_54' title='bbox 390 1125 475 1208; x_wconf 91' lang='lat' dir='ltr'><strong>prius</strong></span> <span class='ocrx_word' id='word_1_55' title='bbox 497 1123 682 1188; x_wconf 84' lang='lat' dir='ltr'><strong>inluminare</strong></span> <span class='ocrx_word' id='word_1_56' title='bbox 705 1129 736 1188; x_wconf 89' lang='lat' dir='ltr'><strong>et</strong></span> <span class='ocrx_word' id='word_1_57' title='bbox 758 1129 828 1204; x_wconf 88' lang='lat' dir='ltr'><strong>post</strong></span> <span class='ocrx_word' id='word_1_58' title='bbox 857 1121 1122 1188; x_wconf 85' lang='lat' dir='ltr'><strong>inluminationem</strong></span> <span class='ocrx_word' id='word_1_59' title='bbox 1150 1120 1270 1187; x_wconf 88' lang='lat' dir='ltr'><strong>intelle-</strong></span> 
     </span>
     <span class='ocr_line' id='line_1_9' title="bbox 125 1226 1269 1314; baseline -0.003 -21"><span class='ocrx_word' id='word_1_60' title='bbox 125 1229 265 1314; x_wconf 83' lang='lat' dir='ltr'><strong>gentiam</strong></span> <span class='ocrx_word' id='word_1_61' title='bbox 287 1235 444 1313; x_wconf 77' lang='lat' dir='ltr'><strong>praestare.</strong></span> <span class='ocrx_word' id='word_1_62' title='bbox 490 1228 546 1293; x_wconf 85' lang='lat' dir='ltr'><strong>aad</strong></span> <span class='ocrx_word' id='word_1_63' title='bbox 578 1246 646 1310; x_wconf 77' lang='lat' dir='ltr'><strong>quae</strong></span> <span class='ocrx_word' id='word_1_64' title='bbox 677 1227 738 1292; x_wconf 88' lang='lat' dir='ltr'><strong>sint</strong></span> <span class='ocrx_word' id='word_1_65' title='bbox 768 1227 819 1292; x_wconf 92' lang='lat' dir='ltr'><strong>dei</strong></span> <span class='ocrx_word' id='word_1_66' title='bbox 850 1226 954 1304; x_wconf 89' lang='lat' dir='ltr'><strong>uerba,</strong></span> <span class='ocrx_word' id='word_1_67' title='bbox 985 1233 1056 1292; x_wconf 88' lang='lat' dir='ltr'><strong>ante</strong></span> <span class='ocrx_word' id='word_1_68' title='bbox 1087 1226 1269 1292; x_wconf 77' lang='lat' dir='ltr'><strong>discendum</strong></span> 
     </span>
     <span class='ocr_line' id='line_1_10' title="bbox 126 1329 1270 1415; baseline -0.003 -17"><span class='ocrx_word' id='word_1_69' title='bbox 126 1338 187 1411; x_wconf 87' lang='lat' dir='ltr'><strong>est;</strong></span> <span class='ocrx_word' id='word_1_70' title='bbox 212 1341 245 1398; x_wconf 86' lang='lat' dir='ltr'><strong>et</strong></span> <span class='ocrx_word' id='word_1_71' title='bbox 267 1339 339 1398; x_wconf 83' lang='lat' dir='ltr'><strong>tune</strong></span> <span class='ocrx_word' id='word_1_72' title='bbox 362 1331 604 1398; x_wconf 82' lang='lat' dir='ltr'><strong>inluminationis</strong></span> <span class='ocrx_word' id='word_1_73' title='bbox 627 1351 663 1396; x_wconf 87' lang='lat' dir='ltr'><strong>ao</strong></span> <span class='ocrx_word' id='word_1_74' title='bbox 693 1337 801 1413; x_wconf 88' lang='lat' dir='ltr'><strong>postea</strong></span> <span class='ocrx_word' id='word_1_75' title='bbox 829 1329 1051 1415; x_wconf 82' lang='lat' dir='ltr'><strong>intellegentiae</strong></span> <span class='ocrx_word' id='word_1_76' title='bbox 1081 1331 1159 1394; x_wconf 88' lang='lat' dir='ltr'><strong>ratio</strong></span> <span class='ocrx_word' id='word_1_77' title='bbox 1192 1351 1270 1412; x_wconf 86' lang='lat' dir='ltr'><strong>praa·</strong></span> 
     </span>
     <span class='ocr_line' id='line_1_11' title="bbox 126 1432 1323 1518; baseline -0.008 -17"><span class='ocrx_word' id='word_1_78' title='bbox 126 1439 240 1504; x_wconf 86' lang='lat' dir='ltr'><strong>standa</strong></span> <span class='ocrx_word' id='word_1_79' title='bbox 263 1443 318 1502; x_wconf 88' lang='lat' dir='ltr'><strong>est.</strong></span> <span class='ocrx_word' id='word_1_80' title='bbox 362 1437 459 1502; x_wconf 90' lang='lat' dir='ltr'><strong>uerba</strong></span> <span class='ocrx_word' id='word_1_81' title='bbox 480 1436 529 1501; x_wconf 90' lang='lat' dir='ltr'><strong>dei</strong></span> <span class='ocrx_word' id='word_1_82' title='bbox 554 1443 633 1510; x_wconf 85' lang='lat' dir='ltr'><strong>sunt,</strong></span> <span class='ocrx_word' id='word_1_83' title='bbox 657 1453 860 1518; x_wconf 75' lang='lat' dir='ltr'><strong>quarumque</strong></span> <span class='ocrx_word' id='word_1_84' title='bbox 882 1433 1043 1515; x_wconf 75' lang='lat' dir='ltr'><strong>prophetae</strong></span> <span class='ocrx_word' id='word_1_85' title='bbox 1073 1432 1164 1498; x_wconf 76' lang='lat' dir='ltr'><strong>locuti</strong></span> <span class='ocrx_word' id='word_1_86' title='bbox 1188 1441 1269 1498; x_wconf 87' lang='lat' dir='ltr'><strong>suut.</strong></span> <span class='ocrx_word' id='word_1_87' title='bbox 1298 1456 1323 1492; x_wconf 85' lang='grc' dir='ltr'><strong>ιο</strong></span> 
     </span>
     <span class='ocr_line' id='line_1_12' title="bbox 127 1537 1273 1626; baseline -0.003 -20"><span class='ocrx_word' id='word_1_88' title='bbox 127 1561 195 1607; x_wconf 85' lang='lat' dir='ltr'><strong>enm</strong></span> <span class='ocrx_word' id='word_1_89' title='bbox 222 1541 307 1606; x_wconf 91' lang='lat' dir='ltr'><strong>enim</strong></span> <span class='ocrx_word' id='word_1_90' title='bbox 319 1540 446 1626; x_wconf 83' lang='lat' dir='ltr'><strong>Moyses</strong></span> <span class='ocrx_word' id='word_1_91' title='bbox 470 1539 573 1606; x_wconf 88' lang='lat' dir='ltr'><strong>uerbis</strong></span> <span class='ocrx_word' id='word_1_92' title='bbox 589 1539 653 1604; x_wconf 87' lang='lat' dir='ltr'><strong>auis</strong></span> <span class='ocrx_word' id='word_1_93' title='bbox 670 1537 782 1620; x_wconf 91' lang='lat' dir='ltr'><strong>populo</strong></span> <span class='ocrx_word' id='word_1_94' title='bbox 798 1538 932 1603; x_wconf 67' lang='lat' dir='ltr'><strong>Hebraeo</strong></span> <span class='ocrx_word' id='word_1_95' title='bbox 947 1537 1028 1621; x_wconf 86' lang='lat' dir='ltr'><strong>legis</strong></span> <span class='ocrx_word' id='word_1_96' title='bbox 1043 1537 1273 1602; x_wconf 87' lang='lat' dir='ltr'><strong>obseruantiam</strong></span> 
     </span>
     <span class='ocr_line' id='line_1_13' title="bbox 127 1642 1273 1727; baseline -0.002 -17"><span class='ocrx_word' id='word_1_97' title='bbox 127 1644 325 1722; x_wconf 89' lang='lat' dir='ltr'><strong>nuntiauerit,</strong></span> <span class='ocrx_word' id='word_1_98' title='bbox 348 1655 451 1710; x_wconf 83' lang='lat' dir='ltr'><strong>tamen</strong></span> <span class='ocrx_word' id='word_1_99' title='bbox 474 1645 505 1708; x_wconf 93' lang='lat' dir='ltr'><strong>in</strong></span> <span class='ocrx_word' id='word_1_100' title='bbox 529 1643 607 1709; x_wconf 91' lang='lat' dir='ltr'><strong>libro</strong></span> <span class='ocrx_word' id='word_1_101' title='bbox 631 1644 773 1709; x_wconf 87' lang='lat' dir='ltr'><strong>eiusdem</strong></span> <span class='ocrx_word' id='word_1_102' title='bbox 795 1642 875 1727; x_wconf 84' lang='lat' dir='ltr'><strong>legis</strong></span> <span class='ocrx_word' id='word_1_103' title='bbox 897 1642 941 1708; x_wconf 85' lang='lat' dir='ltr'><strong>ita</strong></span> <span class='ocrx_word' id='word_1_104' title='bbox 963 1642 1112 1725; x_wconf 87' lang='lat' dir='ltr'><strong>seriptum</strong></span> <span class='ocrx_word' id='word_1_105' title='bbox 1136 1650 1198 1708; x_wconf 90' lang='lat' dir='ltr'><strong>est:</strong></span> <span class='ocrx_word' id='word_1_106' title='bbox 1234 1650 1273 1708; x_wconf 91' lang='lat' dir='ltr'><strong>et</strong></span> 
     </span>
     <span class='ocr_line' id='line_1_14' title="bbox 127 1744 1273 1834; baseline -0.003 -18"><span class='ocrx_word' id='word_1_107' title='bbox 127 1750 236 1816; x_wconf 79' lang='lat' dir='ltr'><strong>dixit</strong></span> <span class='ocrx_word' id='word_1_108' title='bbox 258 1749 356 1815; x_wconf 87' lang='lat' dir='ltr'><strong>deus</strong></span> <span class='ocrx_word' id='word_1_109' title='bbox 380 1749 426 1813; x_wconf 90' lang='lat' dir='ltr'><strong>ad</strong></span> <span class='ocrx_word' id='word_1_110' title='bbox 449 1748 632 1834; x_wconf 85' lang='lat' dir='ltr'><strong>Moysen:</strong></span> <span class='ocrx_word' id='word_1_111' title='bbox 657 1747 720 1812; x_wconf 88' lang='lat' dir='ltr'><strong>dio</strong></span> <span class='ocrx_word' id='word_1_112' title='bbox 742 1745 853 1811; x_wconf 85' lang='lat' dir='ltr'><strong>liliis</strong></span> <span class='ocrx_word' id='word_1_113' title='bbox 876 1744 1047 1811; x_wconf 88' lang='lat' dir='ltr'><strong>Israhel.</strong></span> <span class='ocrx_word' id='word_1_114' title='bbox 1081 1765 1155 1812; x_wconf 90' lang='lat' dir='ltr'><strong>usus</strong></span> <span class='ocrx_word' id='word_1_115' title='bbox 1178 1747 1273 1831; x_wconf 83' lang='lat' dir='ltr'><strong>igitur</strong></span> 
     </span>
     <span class='ocr_line' id='line_1_15' title="bbox 128 1851 1272 1937; baseline -0.004 -18"><span class='ocrx_word' id='word_1_116' title='bbox 128 1863 174 1919; x_wconf 88' lang='lat' dir='ltr'><strong>est</strong></span> <span class='ocrx_word' id='word_1_117' title='bbox 198 1853 250 1918; x_wconf 88' lang='lat' dir='ltr'><strong>his</strong></span> <span class='ocrx_word' id='word_1_118' title='bbox 273 1851 433 1937; x_wconf 83' lang='lat' dir='ltr'><strong>legislator</strong></span> <span class='ocrx_word' id='word_1_119' title='bbox 456 1852 566 1931; x_wconf 88' lang='lat' dir='ltr'><strong>uerbis,</strong></span> <span class='ocrx_word' id='word_1_120' title='bbox 601 1851 715 1935; x_wconf 90' lang='lat' dir='ltr'><strong>quibus</strong></span> <span class='ocrx_word' id='word_1_121' title='bbox 738 1852 766 1916; x_wconf 94' lang='lat' dir='ltr'><strong>ei</strong></span> <span class='ocrx_word' id='word_1_122' title='bbox 790 1859 822 1914; x_wconf 88' lang='lat' dir='ltr'><strong>ut</strong></span> <span class='ocrx_word' id='word_1_123' title='bbox 845 1857 982 1915; x_wconf 88' lang='lat' dir='ltr'><strong>uteretur</strong></span> <span class='ocrx_word' id='word_1_124' title='bbox 1004 1859 1192 1932; x_wconf 84' lang='lat' dir='ltr'><strong>praeeeptum</strong></span> <span class='ocrx_word' id='word_1_125' title='bbox 1215 1858 1272 1915; x_wconf 88' lang='lat' dir='ltr'><strong>est.</strong></span> 
     </span>
     <span class='ocr_line' id='line_1_16' title="bbox 128 1953 1325 2043; baseline -0.003 -20"><span class='ocrx_word' id='word_1_126' title='bbox 128 1978 203 2043; x_wconf 90' lang='lat' dir='ltr'><strong>ergo</strong></span> <span class='ocrx_word' id='word_1_127' title='bbox 227 1959 324 2024; x_wconf 91' lang='lat' dir='ltr'><strong>uerba</strong></span> <span class='ocrx_word' id='word_1_128' title='bbox 346 1957 397 2022; x_wconf 91' lang='lat' dir='ltr'><strong>dei</strong></span> <span class='ocrx_word' id='word_1_129' title='bbox 419 1963 497 2034; x_wconf 89' lang='lat' dir='ltr'><strong>suut,</strong></span> <span class='ocrx_word' id='word_1_130' title='bbox 521 1975 588 2040; x_wconf 82' lang='lat' dir='ltr'><strong>qua</strong></span> <span class='ocrx_word' id='word_1_131' title='bbox 612 1976 668 2036; x_wconf 93' lang='lat' dir='ltr'><strong>per</strong></span> <span class='ocrx_word' id='word_1_132' title='bbox 689 1954 827 2019; x_wconf 86' lang='lat' dir='ltr'><strong>olfioium</strong></span> <span class='ocrx_word' id='word_1_133' title='bbox 850 1953 921 2020; x_wconf 86' lang='lat' dir='ltr'><strong>lieet</strong></span> <span class='ocrx_word' id='word_1_134' title='bbox 943 1953 1148 2019; x_wconf 88' lang='lat' dir='ltr'><strong>humanioris</strong></span> <span class='ocrx_word' id='word_1_135' title='bbox 1169 1955 1274 2020; x_wconf 86' lang='lat' dir='ltr'><strong>audita</strong></span> <span class='ocrx_word' id='word_1_136' title='bbox 1300 1974 1325 2013; x_wconf 81' lang='lat' dir='ltr'><strong>u</strong></span> 
     </span>
     <span class='ocr_line' id='line_1_17' title="bbox 129 2058 1273 2144; baseline -0.005 -16"><span class='ocrx_word' id='word_1_137' title='bbox 129 2069 208 2128; x_wconf 88' lang='lat' dir='ltr'><strong>sunt.</strong></span> <span class='ocrx_word' id='word_1_138' title='bbox 255 2063 309 2126; x_wconf 90' lang='lat' dir='ltr'><strong>sed</strong></span> <span class='ocrx_word' id='word_1_139' title='bbox 335 2067 365 2126; x_wconf 89' lang='lat' dir='ltr'><strong>et</strong></span> <span class='ocrx_word' id='word_1_140' title='bbox 387 2079 519 2144; x_wconf 84' lang='lat' dir='ltr'><strong>magnus</strong></span> <span class='ocrx_word' id='word_1_141' title='bbox 543 2058 594 2125; x_wconf 88' lang='lat' dir='ltr'><strong>illa</strong></span> <span class='ocrx_word' id='word_1_142' title='bbox 617 2058 769 2142; x_wconf 87' lang='lat' dir='ltr'><strong>propheta</strong></span> <span class='ocrx_word' id='word_1_143' title='bbox 792 2060 858 2139; x_wconf 89' lang='lat' dir='ltr'><strong>ipso</strong></span> <span class='ocrx_word' id='word_1_144' title='bbox 888 2058 1002 2123; x_wconf 80' lang='lat' dir='ltr'><strong>iudicio</strong></span> <span class='ocrx_word' id='word_1_145' title='bbox 1035 2058 1154 2123; x_wconf 90' lang='lat' dir='ltr'><strong>domini</strong></span> <span class='ocrx_word' id='word_1_146' title='bbox 1176 2059 1273 2124; x_wconf 89' lang='lat' dir='ltr'><strong>nostri</strong></span> 
     </span>
     <span class='ocr_line' id='line_1_18' title="bbox 129 2160 1274 2242; baseline -0.003 -12"><span class='ocrx_word' id='word_1_147' title='bbox 129 2165 201 2232; x_wconf 92' lang='lat' dir='ltr'><strong>lesu</strong></span> <span class='ocrx_word' id='word_1_148' title='bbox 226 2163 343 2230; x_wconf 81' lang='lat' dir='ltr'><strong>Christi</strong></span> <span class='ocrx_word' id='word_1_149' title='bbox 374 2164 453 2230; x_wconf 90' lang='lat' dir='ltr'><strong>bene</strong></span> <span class='ocrx_word' id='word_1_150' title='bbox 483 2163 610 2242; x_wconf 85' lang='lat' dir='ltr'><strong>loeutus,</strong></span> <span class='ocrx_word' id='word_1_151' title='bbox 644 2183 714 2228; x_wconf 86' lang='lat' dir='ltr'><strong>eum</strong></span> <span class='ocrx_word' id='word_1_152' title='bbox 750 2163 895 2228; x_wconf 84' lang='lat' dir='ltr'><strong>dixisset:</strong></span> <span class='ocrx_word' id='word_1_153' title='bbox 929 2162 1020 2228; x_wconf 90' lang='lat' dir='ltr'><strong>audi</strong></span> <span class='ocrx_word' id='word_1_154' title='bbox 1054 2160 1201 2240; x_wconf 85' lang='lat' dir='ltr'><strong>oaelum,</strong></span> <span class='ocrx_word' id='word_1_155' title='bbox 1235 2169 1274 2228; x_wconf 91' lang='lat' dir='ltr'><strong>et</strong></span> 
     </span>
     <span class='ocr_line' id='line_1_19' title="bbox 130 2265 1274 2352; baseline -0.003 -16"><span class='ocrx_word' id='word_1_156' title='bbox 130 2269 300 2352; x_wconf 81' lang='lat' dir='ltr'><strong>percipe</strong></span> <span class='ocrx_word' id='word_1_157' title='bbox 323 2269 491 2334; x_wconf 89' lang='lat' dir='ltr'><strong>auribus</strong></span> <span class='ocrx_word' id='word_1_158' title='bbox 525 2273 644 2348; x_wconf 89' lang='lat' dir='ltr'><strong>terra,</strong></span> <span class='ocrx_word' id='word_1_159' title='bbox 668 2267 726 2334; x_wconf 90' lang='lat' dir='ltr'><strong>ait:</strong></span> <span class='ocrx_word' id='word_1_160' title='bbox 751 2268 939 2351; x_wconf 86' lang='lat' dir='ltr'><strong>quonium</strong></span> <span class='ocrx_word' id='word_1_161' title='bbox 961 2267 1147 2332; x_wconf 91' lang='lat' dir='ltr'><strong>dominus</strong></span> <span class='ocrx_word' id='word_1_162' title='bbox 1171 2265 1274 2332; x_wconf 85' lang='lat' dir='ltr'><strong>loeu-</strong></span> 
     </span>
     <span class='ocr_line' id='line_1_20' title="bbox 130 2369 1272 2457; baseline -0.005 -17"><span class='ocrx_word' id='word_1_163' title='bbox 130 2385 193 2440; x_wconf 88' lang='lat' dir='ltr'><strong>tus</strong></span> <span class='ocrx_word' id='word_1_164' title='bbox 225 2381 297 2452; x_wconf 63' lang='grc' dir='ltr'><strong>θεῖ,</strong></span> <span class='ocrx_word' id='word_1_165' title='bbox 321 2381 352 2438; x_wconf 93' lang='lat' dir='ltr'><strong>et</strong></span> <span class='ocrx_word' id='word_1_166' title='bbox 374 2379 443 2453; x_wconf 91' lang='lat' dir='ltr'><strong>post</strong></span> <span class='ocrx_word' id='word_1_167' title='bbox 465 2372 575 2457; x_wconf 83' lang='lat' dir='ltr'><strong>aliqua,</strong></span> <span class='ocrx_word' id='word_1_168' title='bbox 599 2392 668 2455; x_wconf 78' lang='lat' dir='ltr'><strong>quae</strong></span> <span class='ocrx_word' id='word_1_169' title='bbox 693 2369 840 2456; x_wconf 90' lang='lat' dir='ltr'><strong>querellis</strong></span> <span class='ocrx_word' id='word_1_170' title='bbox 863 2370 1005 2435; x_wconf 84' lang='lat' dir='ltr'><strong>maximis</strong></span> <span class='ocrx_word' id='word_1_171' title='bbox 1027 2370 1272 2453; x_wconf 85' lang='lat' dir='ltr'><strong>luerepabantur,</strong></span> 
     </span>
     <span class='ocr_line' id='line_1_21' title="bbox 131 2473 1325 2556; baseline -0.003 -13"><span class='ocrx_word' id='word_1_172' title='bbox 131 2478 222 2544; x_wconf 84' lang='lat' dir='ltr'><strong>dixit:</strong></span> <span class='ocrx_word' id='word_1_173' title='bbox 258 2497 300 2542; x_wconf 91' lang='lat' dir='ltr'><strong>os</strong></span> <span class='ocrx_word' id='word_1_174' title='bbox 335 2477 438 2542; x_wconf 91' lang='lat' dir='ltr'><strong>enim</strong></span> <span class='ocrx_word' id='word_1_175' title='bbox 473 2476 626 2541; x_wconf 91' lang='lat' dir='ltr'><strong>domini</strong></span> <span class='ocrx_word' id='word_1_176' title='bbox 658 2476 840 2541; x_wconf 85' lang='lat' dir='ltr'><strong>loentum</strong></span> <span class='ocrx_word' id='word_1_177' title='bbox 874 2482 936 2540; x_wconf 92' lang='lat' dir='ltr'><strong>est</strong></span> <span class='ocrx_word' id='word_1_178' title='bbox 969 2473 1059 2540; x_wconf 83' lang='lat' dir='ltr'><strong>haee.</strong></span> <span class='ocrx_word' id='word_1_179' title='bbox 1105 2473 1174 2540; x_wconf 78' lang='lat' dir='ltr'><strong>hae</strong></span> <span class='ocrx_word' id='word_1_180' title='bbox 1197 2495 1272 2556; x_wconf 80' lang='lat' dir='ltr'><strong>ergo</strong></span> <span class='ocrx_word' id='word_1_181' title='bbox 1299 2491 1325 2530; x_wconf 78' lang='lat' dir='ltr'><strong>eo</strong></span> 
     </span>
     <span class='ocr_line' id='line_1_22' title="bbox 131 2579 620 2680; baseline 0 -34"><span class='ocrx_word' id='word_1_182' title='bbox 131 2583 235 2648; x_wconf 90' lang='lat' dir='ltr'><strong>omnia</strong></span> <span class='ocrx_word' id='word_1_183' title='bbox 258 2579 308 2648; x_wconf 88' lang='lat' dir='ltr'><strong>dei</strong></span> <span class='ocrx_word' id='word_1_184' title='bbox 330 2579 426 2646; x_wconf 87' lang='lat' dir='ltr'><strong>uerba</strong></span> <span class='ocrx_word' id='word_1_185' title='bbox 449 2587 526 2646; x_wconf 92' lang='lat' dir='ltr'><strong>sunt.</strong></span> <span class='ocrx_word' id='word_1_186' title='bbox 607 2641 620 2680; x_wconf 23' lang='grc' dir='ltr'><strong>χ</strong></span> 
     </span>
    </p>

    <p class='ocr_par' dir='ltr' id='par_1_3' title="bbox 131 2683 1327 3180">
     <span class='ocr_line' id='line_1_23' title="bbox 175 2683 1275 2752; baseline -0.004 -1"><span class='ocrx_word' id='word_1_187' title='bbox 175 2687 203 2751; x_wconf 83' lang='lat'><strong>3.</strong></span> <span class='ocrx_word' id='word_1_188' title='bbox 228 2685 291 2752; x_wconf 83' lang='lat' dir='ltr'><strong>Sed</strong></span> <span class='ocrx_word' id='word_1_189' title='bbox 325 2683 490 2750; x_wconf 79' lang='lat' dir='ltr'><strong>declaratio</strong></span> <span class='ocrx_word' id='word_1_190' title='bbox 526 2685 688 2750; x_wconf 91' lang='lat' dir='ltr'><strong>uerborum</strong></span> <span class='ocrx_word' id='word_1_191' title='bbox 722 2684 858 2748; x_wconf 83' lang='lat' dir='ltr'><strong>maxime</strong></span> <span class='ocrx_word' id='word_1_192' title='bbox 891 2683 1069 2748; x_wconf 76' lang='lat' dir='ltr'><strong>necessaria</strong></span> <span class='ocrx_word' id='word_1_193' title='bbox 1103 2689 1158 2748; x_wconf 88' lang='lat' dir='ltr'><strong>est.</strong></span> <span class='ocrx_word' id='word_1_194' title='bbox 1203 2688 1275 2748; x_wconf 89' lang='lat' dir='ltr'><strong>sunt</strong></span> 
     </span>
     <span class='ocr_line' id='line_1_24' title="bbox 131 2787 1275 2870; baseline -0.003 -15"><span class='ocrx_word' id='word_1_195' title='bbox 131 2791 214 2856; x_wconf 84' lang='lat' dir='ltr'><strong>euim</strong></span> <span class='ocrx_word' id='word_1_196' title='bbox 237 2789 295 2855; x_wconf 88' lang='lat' dir='ltr'><strong>sub</strong></span> <span class='ocrx_word' id='word_1_197' title='bbox 318 2788 473 2854; x_wconf 89' lang='lat' dir='ltr'><strong>uelamine</strong></span> <span class='ocrx_word' id='word_1_198' title='bbox 496 2789 646 2870; x_wconf 89' lang='lat' dir='ltr'><strong>opinionis</strong></span> <span class='ocrx_word' id='word_1_199' title='bbox 669 2787 795 2853; x_wconf 87' lang='lat' dir='ltr'><strong>alterius</strong></span> <span class='ocrx_word' id='word_1_200' title='bbox 818 2788 992 2869; x_wconf 81' lang='lat' dir='ltr'><strong>praedr&#39;oata,</strong></span> <span class='ocrx_word' id='word_1_201' title='bbox 1015 2794 1086 2852; x_wconf 89' lang='lat' dir='ltr'><strong>suut</strong></span> <span class='ocrx_word' id='word_1_202' title='bbox 1105 2787 1275 2852; x_wconf 83' lang='lat' dir='ltr'><strong>seeundum</strong></span> 
     </span>
     <span class='ocr_line' id='line_1_25' title="bbox 132 2890 1274 2977; baseline -0.003 -19"><span class='ocrx_word' id='word_1_203' title='bbox 132 2893 303 2974; x_wconf 89' lang='lat' dir='ltr'><strong>apostolum</strong></span> <span class='ocrx_word' id='word_1_204' title='bbox 348 2892 592 2977; x_wconf 81' lang='lat' dir='ltr'><strong>allegorumena,</strong></span> <span class='ocrx_word' id='word_1_205' title='bbox 638 2900 710 2957; x_wconf 90' lang='lat' dir='ltr'><strong>sunt</strong></span> <span class='ocrx_word' id='word_1_206' title='bbox 754 2891 960 2972; x_wconf 81' lang='lat' dir='ltr'><strong>conparatiuis</strong></span> <span class='ocrx_word' id='word_1_207' title='bbox 998 2890 1274 2974; x_wconf 80' lang='lat' dir='ltr'><strong>significationibus</strong></span> 
     </span>
     <span class='ocr_line' id='line_1_26' title="bbox 132 2994 1327 3080; baseline -0.002 -18"><span class='ocrx_word' id='word_1_208' title='bbox 132 2997 322 3080; x_wconf 89' lang='lat' dir='ltr'><strong>amphibola.</strong></span> <span class='ocrx_word' id='word_1_209' title='bbox 367 2997 455 3063; x_wconf 87' lang='lat' dir='ltr'><strong>testis</strong></span> <span class='ocrx_word' id='word_1_210' title='bbox 486 3003 534 3062; x_wconf 81' lang='lat' dir='ltr'><strong>est</strong></span> <span class='ocrx_word' id='word_1_211' title='bbox 563 2996 706 3061; x_wconf 90' lang='lat' dir='ltr'><strong>dominus</strong></span> <span class='ocrx_word' id='word_1_212' title='bbox 740 2994 810 3060; x_wconf 80' lang='lat' dir='ltr'><strong>hano</strong></span> <span class='ocrx_word' id='word_1_213' title='bbox 844 2995 954 3061; x_wconf 89' lang='lat' dir='ltr'><strong>eadem</strong></span> <span class='ocrx_word' id='word_1_214' title='bbox 987 3014 1043 3076; x_wconf 89' lang='lat' dir='ltr'><strong>per</strong></span> <span class='ocrx_word' id='word_1_215' title='bbox 1075 2995 1202 3060; x_wconf 83' lang='lat' dir='ltr'><strong>Esaiam</strong></span> <span class='ocrx_word' id='word_1_216' title='bbox 1232 2996 1274 3060; x_wconf 90' lang='lat' dir='ltr'><strong>ita</strong></span> <span class='ocrx_word' id='word_1_217' title='bbox 1302 3012 1327 3050; x_wconf 76' lang='lat'><strong>²⁶</strong></span> 
     </span>
     <span class='ocr_line' id='line_1_27' title="bbox 133 3098 1276 3180; baseline -0.003 -13"><span class='ocrx_word' id='word_1_218' title='bbox 133 3103 215 3167; x_wconf 82' lang='lat' dir='ltr'><strong>dieta</strong></span> <span class='ocrx_word' id='word_1_219' title='bbox 252 3121 323 3168; x_wconf 86' lang='lat' dir='ltr'><strong>esse</strong></span> <span class='ocrx_word' id='word_1_220' title='bbox 360 3100 474 3166; x_wconf 78' lang='lat' dir='ltr'><strong>ludaeis</strong></span> <span class='ocrx_word' id='word_1_221' title='bbox 512 3099 690 3166; x_wconf 86' lang='lat' dir='ltr'><strong>infidelibus</strong></span> <span class='ocrx_word' id='word_1_222' title='bbox 727 3098 932 3180; x_wconf 80' lang='lat' dir='ltr'><strong>exprobrans,</strong></span> <span class='ocrx_word' id='word_1_223' title='bbox 975 3099 1096 3164; x_wconf 80' lang='lat' dir='ltr'><strong>dicens:</strong></span> <span class='ocrx_word' id='word_1_224' title='bbox 1135 3099 1276 3164; x_wconf 88' lang='lat' dir='ltr'><strong>auditu</strong></span> 
     </span>
    </p>
   </div>
   <div class='ocr_carea' id='block_1_3' title="bbox 133 3202 1276 3288">
    <p class='ocr_par' dir='ltr' id='par_1_4' title="bbox 133 3202 1276 3288">
     <span class='ocr_line' id='line_1_28' title="bbox 133 3202 1276 3288; baseline -0.002 -18"><span class='ocrx_word' id='word_1_225' title='bbox 133 3207 315 3272; x_wconf 87' lang='lat' dir='ltr'><strong>audietis</strong></span> <span class='ocrx_word' id='word_1_226' title='bbox 357 3213 394 3271; x_wconf 90' lang='lat' dir='ltr'><strong>et</strong></span> <span class='ocrx_word' id='word_1_227' title='bbox 436 3225 512 3269; x_wconf 91' lang='lat' dir='ltr'><strong>non</strong></span> <span class='ocrx_word' id='word_1_228' title='bbox 552 3202 828 3288; x_wconf 84' lang='lat' dir='ltr'><strong>intellegetis.</strong></span> <span class='ocrx_word' id='word_1_229' title='bbox 885 3205 1007 3288; x_wconf 77' lang='lat' dir='ltr'><strong>alguala</strong></span> <span class='ocrx_word' id='word_1_230' title='bbox 1048 3202 1131 3268; x_wconf 88' lang='lat' dir='ltr'><strong>enim</strong></span> <span class='ocrx_word' id='word_1_231' title='bbox 1172 3204 1276 3268; x_wconf 91' lang='lat' dir='ltr'><strong>omnia</strong></span> 
     </span>
    </p>
   </div>
   <div class='ocr_carea' id='block_1_4' title="bbox 135 3325 1280 4091">
    <p class='ocr_par' dir='ltr' id='par_1_5' title="bbox 135 3325 1276 3482">
     <span class='ocr_line' id='line_1_29' title="bbox 180 3325 1276 3396; baseline -0.005 -14"><span class='ocrx_word' id='word_1_232' title='bbox 180 3331 212 3382; x_wconf 77' lang='lat'><strong>12</strong></span> <span class='ocrx_word' id='word_1_233' title='bbox 229 3328 316 3383; x_wconf 73' lang='lat' dir='ltr'><strong>Furod.</strong></span> <span class='ocrx_word' id='word_1_234' title='bbox 334 3328 383 3396; x_wconf 88' lang='lat'>111,</span> <span class='ocrx_word' id='word_1_235' title='bbox 403 3330 436 3381; x_wconf 82' lang='grc'>14</span> <span class='ocrx_word' id='word_1_236' title='bbox 453 3327 488 3382; x_wconf 81' lang='lat' dir='ltr'><strong>of.</strong></span> <span class='ocrx_word' id='word_1_237' title='bbox 506 3327 594 3382; x_wconf 84' lang='lat' dir='ltr'><strong>Lavit.</strong></span> <span class='ocrx_word' id='word_1_238' title='bbox 614 3326 660 3394; x_wconf 89' lang='lat' dir='ltr'><strong>XI,</strong></span> <span class='ocrx_word' id='word_1_239' title='bbox 680 3329 703 3380; x_wconf 94' lang='lat' dir='ltr'><strong>I.</strong></span> <span class='ocrx_word' id='word_1_240' title='bbox 741 3328 774 3381; x_wconf 83' lang='lat'><strong>17</strong></span> <span class='ocrx_word' id='word_1_241' title='bbox 792 3327 865 3380; x_wconf 82' lang='lat' dir='ltr'><strong>Esai.</strong></span> <span class='ocrx_word' id='word_1_242' title='bbox 884 3326 906 3394; x_wconf 91' lang='lat'><strong>1,</strong></span> <span class='ocrx_word' id='word_1_243' title='bbox 922 3328 940 3379; x_wconf 74' lang='grc'>2</span> <span class='ocrx_word' id='word_1_244' title='bbox 958 3343 998 3394; x_wconf 84' lang='lat' dir='ltr'><strong>sq.</strong></span> <span class='ocrx_word' id='word_1_245' title='bbox 1033 3327 1068 3379; x_wconf 71' lang='grc'><strong>96</strong></span> <span class='ocrx_word' id='word_1_246' title='bbox 1086 3325 1185 3380; x_wconf 84' lang='lat' dir='ltr'><strong>Metth.</strong></span> <span class='ocrx_word' id='word_1_247' title='bbox 1201 3325 1276 3391; x_wconf 84' lang='lat' dir='ltr'>XIII,</span> 
     </span>
     <span class='ocr_line' id='line_1_30' title="bbox 135 3414 420 3482; baseline -0.004 -13"><span class='ocrx_word' id='word_1_248' title='bbox 135 3418 169 3469; x_wconf 79' lang='lat'><strong>14</strong></span> <span class='ocrx_word' id='word_1_249' title='bbox 188 3415 221 3469; x_wconf 87' lang='lat' dir='ltr'><strong>el.</strong></span> <span class='ocrx_word' id='word_1_250' title='bbox 238 3417 310 3470; x_wconf 84' lang='lat' dir='ltr'><strong>Esai.</strong></span> <span class='ocrx_word' id='word_1_251' title='bbox 331 3414 377 3482; x_wconf 90' lang='lat' dir='ltr'><strong>VI,</strong></span> <span class='ocrx_word' id='word_1_252' title='bbox 395 3417 420 3468; x_wconf 88' lang='grc'><strong>9.</strong></span> 
     </span>
    </p>

    <p class='ocr_par' dir='ltr' id='par_1_6' title="bbox 135 3497 1280 4091">
     <span class='ocr_line' id='line_1_31' title="bbox 178 3497 1276 3571; baseline -0.006 -14"><span class='ocrx_word' id='word_1_253' title='bbox 178 3503 334 3571; x_wconf 75' lang='lat' dir='ltr'><strong>2paruolis</strong></span> <span class='ocrx_word' id='word_1_254' title='bbox 358 3503 383 3556; x_wconf 88' lang='lat' dir='ltr'><em>V</em></span> <span class='ocrx_word' id='word_1_255' title='bbox 431 3503 530 3554; x_wconf 74' lang='lat' dir='ltr'><strong>lenm</strong></span> <span class='ocrx_word' id='word_1_256' title='bbox 557 3519 587 3554; x_wconf 79' lang='lat' dir='ltr'><strong>ex</strong></span> <span class='ocrx_word' id='word_1_257' title='bbox 614 3517 675 3554; x_wconf 87' lang='lat' dir='ltr'><strong>sum</strong></span> <span class='ocrx_word' id='word_1_258' title='bbox 702 3517 768 3553; x_wconf 86' lang='lat' dir='ltr'><strong>corr.</strong></span> <span class='ocrx_word' id='word_1_259' title='bbox 796 3519 828 3552; x_wconf 87' lang='lat' dir='ltr'><strong>m.</strong></span> <span class='ocrx_word' id='word_1_260' title='bbox 856 3497 877 3552; x_wconf 78' lang='lat'><em>2</em></span> <span class='ocrx_word' id='word_1_261' title='bbox 905 3500 930 3552; x_wconf 92' lang='lat' dir='ltr'><em>V</em></span> <span class='ocrx_word' id='word_1_262' title='bbox 979 3499 1096 3552; x_wconf 83' lang='lat' dir='ltr'><strong>5uoote</strong></span> <span class='ocrx_word' id='word_1_263' title='bbox 1123 3517 1152 3552; x_wconf 75' lang='lat' dir='ltr'><strong>ex</strong></span> <span class='ocrx_word' id='word_1_264' title='bbox 1178 3504 1276 3551; x_wconf 83' lang='lat' dir='ltr'><strong>noctae</strong></span> 
     </span>
     <span class='ocr_line' id='line_1_32' title="bbox 135 3577 1280 3657; baseline -0.004 -16"><span class='ocrx_word' id='word_1_265' title='bbox 135 3587 199 3641; x_wconf 71' lang='lat' dir='ltr'><strong>aa?</strong></span> <span class='ocrx_word' id='word_1_266' title='bbox 212 3589 356 3644; x_wconf 71' lang='lat' dir='ltr'><strong>Vuoetsl&#39;</strong></span> <span class='ocrx_word' id='word_1_267' title='bbox 406 3587 555 3657; x_wconf 77' lang='lat' dir='ltr'><strong>dappellat</strong></span> <span class='ocrx_word' id='word_1_268' title='bbox 571 3585 751 3656; x_wconf 81' lang='lat' dir='ltr'><strong>Vexpellatp</strong></span> <span class='ocrx_word' id='word_1_269' title='bbox 805 3585 1027 3641; x_wconf 75' lang='lat' dir='ltr'><strong>declarationeR</strong></span> <span class='ocrx_word' id='word_1_270' title='bbox 1078 3577 1280 3653; x_wconf 75' lang='lat' dir='ltr'><strong>IdipotiusV</strong></span> 
     </span>
     <span class='ocr_line' id='line_1_33' title="bbox 135 3670 1278 3744; baseline -0.007 -14"><span class='ocrx_word' id='word_1_271' title='bbox 135 3675 300 3732; x_wconf 83' lang='lat' dir='ltr'><strong>inluminare</strong></span> <span class='ocrx_word' id='word_1_272' title='bbox 330 3703 363 3714; x_wconf 90' lang='lat'><em>-</em></span> <span class='ocrx_word' id='word_1_273' title='bbox 394 3681 456 3744; x_wconf 87' lang='lat' dir='ltr'><strong>post</strong></span> <span class='ocrx_word' id='word_1_274' title='bbox 485 3692 534 3728; x_wconf 88' lang='lat' dir='ltr'><strong>om.</strong></span> <span class='ocrx_word' id='word_1_275' title='bbox 568 3674 593 3727; x_wconf 91' lang='lat' dir='ltr'><em>V</em></span> <span class='ocrx_word' id='word_1_276' title='bbox 619 3673 828 3742; x_wconf 75' lang='lat' dir='ltr'><strong>intellegentiae</strong></span> <span class='ocrx_word' id='word_1_277' title='bbox 860 3673 926 3743; x_wconf 83' lang='lat' dir='ltr'><strong>VRp</strong></span> <span class='ocrx_word' id='word_1_278' title='bbox 996 3671 1224 3740; x_wconf 72' lang='lat' dir='ltr'><strong>tintellegantia</strong></span> <span class='ocrx_word' id='word_1_279' title='bbox 1254 3670 1278 3723; x_wconf 90' lang='lat' dir='ltr'><em>V</em></span> 
     </span>
     <span class='ocr_line' id='line_1_34' title="bbox 136 3755 1278 3826; baseline -0.006 -10"><span class='ocrx_word' id='word_1_280' title='bbox 136 3764 170 3816; x_wconf 88' lang='lat'><strong>10</strong></span> <span class='ocrx_word' id='word_1_281' title='bbox 188 3763 272 3818; x_wconf 82' lang='lat' dir='ltr'><strong>locuti</strong></span> <span class='ocrx_word' id='word_1_282' title='bbox 299 3765 360 3817; x_wconf 85' lang='lat' dir='ltr'><strong>odd.</strong></span> <span class='ocrx_word' id='word_1_283' title='bbox 387 3781 420 3815; x_wconf 89' lang='lat' dir='ltr'><strong>m.</strong></span> <span class='ocrx_word' id='word_1_284' title='bbox 446 3761 464 3814; x_wconf 86' lang='lat'><em>2</em></span> <span class='ocrx_word' id='word_1_285' title='bbox 488 3761 514 3814; x_wconf 89' lang='lat' dir='ltr'><em>V</em></span> <span class='ocrx_word' id='word_1_286' title='bbox 565 3763 595 3815; x_wconf 94' lang='lat' dir='ltr'><strong>ll</strong></span> <span class='ocrx_word' id='word_1_287' title='bbox 614 3759 718 3813; x_wconf 87' lang='lat' dir='ltr'><strong>hebreo</strong></span> <span class='ocrx_word' id='word_1_288' title='bbox 742 3761 768 3814; x_wconf 92' lang='lat' dir='ltr'><em>V</em></span> <span class='ocrx_word' id='word_1_289' title='bbox 781 3759 918 3814; x_wconf 85' lang='lat' dir='ltr'><strong>haebraeo</strong></span> <span class='ocrx_word' id='word_1_290' title='bbox 936 3760 962 3812; x_wconf 81' lang='lat' dir='ltr'><em>R</em></span> <span class='ocrx_word' id='word_1_291' title='bbox 1016 3759 1049 3813; x_wconf 86' lang='grc'>13</span> <span class='ocrx_word' id='word_1_292' title='bbox 1067 3757 1100 3812; x_wconf 80' lang='lat' dir='ltr'><strong>dr</strong></span> <span class='ocrx_word' id='word_1_293' title='bbox 1124 3759 1171 3813; x_wconf 73' lang='lat' dir='ltr'><strong>VC</strong></span> <span class='ocrx_word' id='word_1_294' title='bbox 1196 3755 1278 3826; x_wconf 80' lang='lat' dir='ltr'><strong>(quod</strong></span> 
     </span>
     <span class='ocr_line' id='line_1_35' title="bbox 136 3844 1278 3918; baseline -0.005 -16"><span class='ocrx_word' id='word_1_295' title='bbox 136 3851 159 3902; x_wconf 82' lang='grc'>1.</span> <span class='ocrx_word' id='word_1_296' title='bbox 178 3850 197 3902; x_wconf 87' lang='lat'><strong>1.</strong></span> <span class='ocrx_word' id='word_1_297' title='bbox 214 3859 280 3904; x_wconf 76' lang='lat' dir='ltr'><strong>textu</strong></span> <span class='ocrx_word' id='word_1_298' title='bbox 297 3867 364 3903; x_wconf 80' lang='lat' dir='ltr'><strong>soor.</strong></span> <span class='ocrx_word' id='word_1_299' title='bbox 380 3867 420 3918; x_wconf 75' lang='lat' dir='ltr'><strong>pr.</strong></span> <span class='ocrx_word' id='word_1_300' title='bbox 440 3858 463 3902; x_wconf 81' lang='lat' dir='ltr'><strong>et</strong></span> <span class='ocrx_word' id='word_1_301' title='bbox 481 3849 527 3900; x_wconf 79' lang='lat' dir='ltr'><strong>lat.</strong></span> <span class='ocrx_word' id='word_1_302' title='bbox 545 3844 725 3915; x_wconf 79' lang='lat' dir='ltr'><strong>confirmatur)</strong></span> <span class='ocrx_word' id='word_1_303' title='bbox 745 3846 874 3900; x_wconf 89' lang='lat' dir='ltr'><strong>dominus</strong></span> <span class='ocrx_word' id='word_1_304' title='bbox 892 3846 936 3917; x_wconf 83' lang='lat' dir='ltr'><strong>Rp</strong></span> <span class='ocrx_word' id='word_1_305' title='bbox 988 3845 1104 3900; x_wconf 84' lang='lat' dir='ltr'><strong>istrahel</strong></span> <span class='ocrx_word' id='word_1_306' title='bbox 1119 3845 1144 3898; x_wconf 98' lang='lat' dir='ltr'><em>V</em></span> <span class='ocrx_word' id='word_1_307' title='bbox 1195 3845 1228 3896; x_wconf 83' lang='lat'><strong>14</strong></span> <span class='ocrx_word' id='word_1_308' title='bbox 1245 3849 1278 3897; x_wconf 93' lang='lat' dir='ltr'><strong>ut</strong></span> 
     </span>
     <span class='ocr_line' id='line_1_36' title="bbox 137 3931 1279 4003; baseline -0.004 -16"><span class='ocrx_word' id='word_1_309' title='bbox 137 3937 199 3988; x_wconf 80' lang='lat' dir='ltr'><strong>udd-</strong></span> <span class='ocrx_word' id='word_1_310' title='bbox 216 3935 285 3990; x_wconf 71' lang='lat' dir='ltr'><strong>aa?</strong></span> <span class='ocrx_word' id='word_1_311' title='bbox 307 3937 333 3990; x_wconf 95' lang='lat' dir='ltr'><em>V</em></span> <span class='ocrx_word' id='word_1_312' title='bbox 382 3935 415 3990; x_wconf 84' lang='grc'>16</span> <span class='ocrx_word' id='word_1_313' title='bbox 433 3941 461 3989; x_wconf 86' lang='lat' dir='ltr'><strong>et</strong></span> <span class='ocrx_word' id='word_1_314' title='bbox 479 3935 539 4003; x_wconf 83' lang='lat' dir='ltr'><strong>ipso</strong></span> <span class='ocrx_word' id='word_1_315' title='bbox 563 3935 586 3987; x_wconf 96' lang='lat' dir='ltr'><em>V</em></span> <span class='ocrx_word' id='word_1_316' title='bbox 647 3935 681 3989; x_wconf 86' lang='lat'><strong>18</strong></span> <span class='ocrx_word' id='word_1_317' title='bbox 699 3934 814 3987; x_wconf 88' lang='lat' dir='ltr'><strong>auribus</strong></span> <span class='ocrx_word' id='word_1_318' title='bbox 831 3933 944 4002; x_wconf 76' lang='lat' dir='ltr'><strong>percipe</strong></span> <span class='ocrx_word' id='word_1_319' title='bbox 962 3933 989 3986; x_wconf 81' lang='lat' dir='ltr'><em>R</em></span> <span class='ocrx_word' id='word_1_320' title='bbox 1042 3935 1075 3987; x_wconf 88' lang='grc'>19</span> <span class='ocrx_word' id='word_1_321' title='bbox 1093 3931 1214 4001; x_wconf 87' lang='lat' dir='ltr'><strong>querelis</strong></span> <span class='ocrx_word' id='word_1_322' title='bbox 1228 3932 1279 4002; x_wconf 84' lang='lat' dir='ltr'><strong>pE</strong></span> 
     </span>
     <span class='ocr_line' id='line_1_37' title="bbox 139 4016 1277 4091; baseline -0.003 -16"><span class='ocrx_word' id='word_1_323' title='bbox 139 4023 319 4090; x_wconf 82' lang='lat' dir='ltr'><strong>quaerellieR</strong></span> <span class='ocrx_word' id='word_1_324' title='bbox 363 4021 815 4091; x_wconf 78' lang='lat' dir='ltr'><strong>etpost-dixItinnmrp.udd.p</strong></span> <span class='ocrx_word' id='word_1_325' title='bbox 857 4018 1040 4074; x_wconf 76' lang='lat' dir='ltr'><strong>23nelamiua</strong></span> <span class='ocrx_word' id='word_1_326' title='bbox 1055 4019 1079 4072; x_wconf 86' lang='lat' dir='ltr'><em>V</em></span> <span class='ocrx_word' id='word_1_327' title='bbox 1128 4016 1277 4087; x_wconf 63' lang='lat' dir='ltr'><strong>mallegu-</strong></span> 
     </span>
    </p>
   </div>
   <div class='ocr_carea' id='block_1_5' title="bbox 139 4107 1278 4354">
    <p class='ocr_par' dir='ltr' id='par_1_7' title="bbox 139 4107 1278 4354">
     <span class='ocr_line' id='line_1_38' title="bbox 139 4107 1278 4198; baseline -0.004 -19"><span class='ocrx_word' id='word_1_328' title='bbox 139 4126 294 4198; x_wconf 73' lang='lat' dir='ltr'><strong>mmaurp</strong></span> <span class='ocrx_word' id='word_1_329' title='bbox 312 4126 508 4196; x_wconf 66' lang='lat' dir='ltr'><strong>alligaremur</strong></span> <span class='ocrx_word' id='word_1_330' title='bbox 523 4127 547 4179; x_wconf 86' lang='lat' dir='ltr'><em>V</em></span> <span class='ocrx_word' id='word_1_331' title='bbox 562 4107 806 4194; x_wconf 69' lang='lat' dir='ltr'><strong>urigorumsnan</strong></span> <span class='ocrx_word' id='word_1_332' title='bbox 858 4125 893 4178; x_wconf 81' lang='lat' dir='ltr'><strong>aa</strong></span> <span class='ocrx_word' id='word_1_333' title='bbox 910 4121 1040 4176; x_wconf 72' lang='lat' dir='ltr'><strong>amanen</strong></span> <span class='ocrx_word' id='word_1_334' title='bbox 1057 4123 1145 4193; x_wconf 66' lang='lat' dir='ltr'><strong>resp</strong></span> <span class='ocrx_word' id='word_1_335' title='bbox 1197 4121 1278 4175; x_wconf 76' lang='lat' dir='ltr'><strong>taen</strong></span> 
     </span>
     <span class='ocr_line' id='line_1_39' title="bbox 141 4210 1278 4281; baseline -0.002 -16"><span class='ocrx_word' id='word_1_336' title='bbox 141 4229 171 4265; x_wconf 68' lang='lat' dir='ltr'><strong><em>a</em></strong></span> <span class='ocrx_word' id='word_1_337' title='bbox 189 4213 301 4268; x_wconf 83' lang='lat' dir='ltr'><strong>testibus</strong></span> <span class='ocrx_word' id='word_1_338' title='bbox 312 4211 374 4266; x_wconf 73' lang='lat' dir='ltr'><strong>nn?</strong></span> <span class='ocrx_word' id='word_1_339' title='bbox 389 4213 413 4266; x_wconf 88' lang='lat' dir='ltr'><em>V</em></span> <span class='ocrx_word' id='word_1_340' title='bbox 462 4218 504 4267; x_wconf 89' lang='lat' dir='ltr'><strong>est</strong></span> <span class='ocrx_word' id='word_1_341' title='bbox 522 4230 570 4266; x_wconf 87' lang='lat' dir='ltr'><strong>om.</strong></span> <span class='ocrx_word' id='word_1_342' title='bbox 586 4213 633 4266; x_wconf 79' lang='lat' dir='ltr'><strong>VC</strong></span> <span class='ocrx_word' id='word_1_343' title='bbox 683 4211 784 4266; x_wconf 81' lang='lat' dir='ltr'><strong>eseiam</strong></span> <span class='ocrx_word' id='word_1_344' title='bbox 810 4210 956 4281; x_wconf 71' lang='lat' dir='ltr'><strong>Viuaidp</strong></span> <span class='ocrx_word' id='word_1_345' title='bbox 1008 4212 1043 4264; x_wconf 74' lang='lat'><strong>26</strong></span> <span class='ocrx_word' id='word_1_346' title='bbox 1061 4211 1231 4278; x_wconf 84' lang='lat' dir='ltr'><strong>exprobrans</strong></span> <span class='ocrx_word' id='word_1_347' title='bbox 1249 4214 1278 4262; x_wconf 82' lang='lat' dir='ltr'><strong>et</strong></span> 
     </span>
     <span class='ocr_line' id='line_1_40' title="bbox 141 4296 349 4354; baseline 0.005 -3"><span class='ocrx_word' id='word_1_348' title='bbox 141 4298 233 4353; x_wconf 83' lang='lat' dir='ltr'><strong>diosus</strong></span> <span class='ocrx_word' id='word_1_349' title='bbox 250 4296 349 4354; x_wconf 81' lang='lat' dir='ltr'><em>R⁸VE.</em></span> 
     </span>
    </p>
   </div>
   <div class='ocr_carea' id='block_1_6' title="bbox 0 0 1557 4967">
    <p class='ocr_par' dir='ltr' id='par_1_8' title="bbox 0 0 1557 4967">
     <span class='ocr_line' id='line_1_41' title="bbox 0 0 1557 4967; baseline 0 0"><span class='ocrx_word' id='word_1_350' title='bbox 0 0 1557 4967; x_wconf 95' lang='lat' dir='ltr'><strong> </strong></span> 
     </span>
    </p>
   </div>
  </div>
 </body>
</html>
