3075 4967
304 329 367 395 582
653 332 771 386 saneti
791 333 927 387 Hilarii
945 333 1111 402 episcopi

304 540 429 604 quoque
452 521 607 602 apostolus
631 521 689 586 ait:
721 521 857 606 qualis
881 524 928 587 de
952 522 1056 604 limo,
1082 521 1187 588 tales
1211 529 1250 588 et
1272 525 1319 588 de
1342 523 1439 601 limo;

304 631 343 690 et
376 625 513 709 qualis
548 625 742 704 caelestia,
778 624 886 692 tales
918 626 1176 693 eteaelestes.
1222 626 1355 693 celestis
1376 647 1440 712 ergo
1480 629 1484 635 ’

306 737 352 794 est
386 732 541 795 secundus
575 729 680 795 Adam
719 743 749 795 et
783 730 898 796 ideireo
933 730 1074 808 calestia,
1108 731 1181 815 quia
1213 732 1347 797 uerbum
1379 751 1439 796 raro

305 833 422 898 factum
446 842 500 912 est,
525 855 562 899 ex
585 834 694 915 spiritu
717 834 835 900 seilicet
858 841 887 899 et
910 835 968 899 deo
989 833 1082 901 homo
1106 843 1204 901 natus.
1250 837 1283 900 ln
1300 836 1358 900 boo
1376 855 1439 920 ergo

263 965 276 1000 e
303 939 407 1018 uerbo,
432 959 493 1004 non
517 938 600 1003 inani
625 958 700 1004 sono
723 939 817 1016 uocis,
841 939 896 1004 sed
919 937 951 1003 in
975 939 1033 1004 deo
1054 941 1159 1018 uerbo,
1182 959 1285 1024 neque
1304 940 1337 1004 in
1359 938 1438 1004 dissi-

304 1043 389 1108 denti
413 1062 431 1106 a
455 1062 488 1108 se
512 1041 697 1127 diuersaque
721 1043 903 1119 substantia,
938 1044 993 1108 sed
1016 1043 1047 1106 in
1072 1044 1122 1108 dei
1151 1043 1249 1108 uerbo
1273 1045 1349 1109 deus
1371 1051 1439 1108 tam

303 1165 400 1230 quam
422 1145 453 1210 in
478 1145 552 1212 calo
577 1146 704 1221 habitat,
727 1145 759 1210 in
785 1166 821 1211 eo
844 1145 971 1226 scilieet,
994 1148 1076 1230 quod
1101 1167 1138 1212 ex
1161 1166 1195 1212 so
1218 1166 1255 1212 ae
1279 1167 1370 1213 sunm
1392 1159 1437 1213 est.

304 1269 451 1329 manens3
481 1270 538 1331 per
561 1271 633 1316 eum
656 1251 756 1316 ineis
779 1269 912 1334 quoqne,
936 1250 989 1335 qui
1020 1249 1158 1316 oaelestes
1189 1257 1269 1330 sunt
1293 1250 1438 1321 habitans,

304 1353 471 1442 sicutipse
496 1355 535 1418 ad
558 1359 679 1435 patrem
703 1354 760 1420 ait:
795 1361 835 1419 ut
868 1374 1005 1420 omnen
1035 1374 1154 1419 unum
1183 1355 1275 1434 sint,
1306 1374 1378 1440 ego
1406 1353 1438 1417 in

252 1485 276 1521 ιο
303 1457 401 1537 illis,
425 1464 462 1524 et
484 1465 524 1524 ιιι
546 1459 585 1523 in
609 1479 675 1524 me.
722 1479 798 1544 ergo
822 1459 856 1538 si,
873 1457 927 1542 qni
943 1460 974 1524 in
990 1459 1096 1524 Adam
1111 1458 1204 1525 limus
1221 1459 1344 1538 fuimus,
1366 1477 1438 1524 nmo

303 1561 441 1628 caelestes
465 1581 572 1628 sumus
595 1563 627 1628 in
645 1562 768 1628 Christo
792 1570 824 1628 et
848 1562 990 1628 Christum
1014 1560 1168 1628 habitator
1193 1568 1242 1629 est
1265 1563 1369 1632 nostri.
1390 1583 1438 1643 per

301 1665 496 1732 habitantem
520 1665 676 1732 Christum
702 1669 733 1732 in
756 1667 846 1732 nobis
869 1666 966 1733 etiam
988 1665 1039 1731 ille
1063 1685 1186 1750 quoque
1217 1665 1372 1732 habitator
1399 1673 1438 1730 eet

302 1771 408 1850 nostri,
434 1770 482 1836 eui
507 1776 553 1838 est
575 1771 721 1836 habitans
744 1772 776 1836 in
800 1771 889 1836 nobis
914 1770 1056 1836 Christus
1080 1769 1239 1836 habitatio.

346 1875 375 1941 t.
399 1873 439 1940 Et
470 1874 543 1959 quia
573 1875 742 1941 seeundum
773 1873 965 1955 corporalem
995 1873 1241 1958 intellegentiam
1275 1874 1325 1940 ille
1358 1872 1436 1938 nobie

250 2001 275 2040 o
304 1979 412 2045 subest
435 1999 554 2058 sensus,
578 1986 612 2044 ut
635 1978 753 2054 eaelum,
769 1979 853 2062 quod
876 1977 958 2044 ultra
976 1978 1166 2044 firmamenti
1189 1978 1283 2044 buius
1306 1985 1435 2044 namnam

303 2089 359 2160 est,
394 2084 470 2149 deus
503 2082 679 2148 inhabitare
717 2083 916 2161 existimetur,
961 2103 1022 2147 non
1061 2083 1254 2148 excludimus
1291 2081 1435 2165 publicam

302 2185 386 2251 illam
410 2188 448 2252 de
472 2188 546 2253 sede
569 2187 618 2252 dei
642 2187 826 2268 opinionem,
841 2195 877 2253 ut
899 2188 926 2253 ei
950 2186 1059 2253 eaelum
1083 2187 1149 2253 eali
1172 2187 1301 2254 tbronns
1320 2187 1366 2265 sit
1388 2185 1436 2250 sed

301 2290 441 2356 atillam
464 2291 593 2376 dignam
617 2291 674 2356 deo
697 2290 921 2357 habitationem
944 2292 976 2356 in
999 2290 1114 2357 calesti
1137 2293 1242 2356 Adam
1271 2311 1326 2357 eno
1348 2289 1434 2374 signi·

301 2393 427 2460 fioatam
444 2415 512 2462 esse
529 2397 700 2461 eredentes,
735 2397 829 2460 etiam
846 2395 905 2462 boo
920 2395 1015 2476 igitur
1026 2395 1136 2461 oaelum
1149 2397 1227 2461 deus
1239 2395 1434 2461 babitareno·
1524 2438 1525 2477 ι

249 2520 274 2556 20
303 2501 436 2564 scendus
461 2507 514 2577 est,
538 2519 594 2580 per
617 2519 688 2565 eum
711 2518 836 2583 qnoque
866 2499 1052 2578 inhabitans
1077 2519 1155 2583 quos
1177 2499 1210 2564 in
1233 2519 1269 2565 eo
1292 2498 1436 2566 constitnit
1523 2546 1524 2585 p

302 2623 371 2669 esse
395 2603 540 2670 caelestes.
718 2589 721 2596 ’
1522 2642 1523 2695 r

346 2707 374 2772 5.
398 2705 524 2790 Oportet
548 2715 647 2774 autem
674 2728 733 2786 eos,
757 2708 813 2792 qni
836 2709 876 2772 ad
899 2709 993 2773 deum
1016 2706 1120 2774 oculos
1137 2709 1262 2805 'mentis
1284 2707 1434 2776 erexerint,
1521 2758 1522 2805 p

301 2831 362 2875 non
385 2817 564 2896 retorquere
584 2833 637 2878 eos
654 2821 745 2896 atque
762 2811 936 2888 deflectere,
949 2811 1030 2896 quia,
1046 2819 1080 2876 ut
1094 2813 1127 2876 in
1142 2812 1314 2896 euangeliis
1329 2811 1433 2876 dictum
1520 2854 1521 2915 p

301 2923 358 2994 est,
382 2936 494 2982 nemo
518 2924 628 2983 rotro
651 2916 1136 2996 respiciensetaratrum
1158 2923 1304 2982 tenens
1327 2924 1434 2995 aptus
1519 2956 1520 3023 t

248 3040 273 3077 ιε
301 3027 364 3086 est
386 3039 510 3104 regno
534 3020 730 3086 calorum.
776 3019 987 3104 relinquentes
1010 3020 1094 3085 enim
1109 3019 1234 3100 templa,
1259 3039 1337 3088 aras.
1358 3013 1434 3095 eopi-
1518 3038 1520 3133 p

301 3125 421 3204 ditatos,
445 3123 590 3190 laseiuias
606 3131 638 3191 et
653 3145 744 3190 omne
762 3125 904 3190 uitiorum
919 3124 1107 3205 protundum
1128 3125 1274 3189 conuenit
1287 3120 1432 3188 indefessa

299 3231 407 3294 obtutu
430 3229 605 3312 inuiotoqne
628 3229 803 3310 persistere.
835 3229 875 3294 'si
898 3229 982 3293 enim
1005 3234 1116 3313 gentes
1149 3247 1253 3294 errore
1276 3247 1331 3293 suo
1350 3240 1431 3290 caea

345 3408 358 3458 l
379 3406 391 3458 l
411 3405 471 3459 Cor.
492 3405 532 3472 lb,
550 3405 593 3458 48.
629 3403 721 3457 eloh.
740 3402 826 3470 XVII,
844 3405 886 3456 21.
923 3404 957 3456 24
974 3402 1042 3457 Lue.
1061 3403 1108 3469 IX,
1126 3403 1168 3457 62.

344 3547 358 3597 l
378 3543 468 3611 qualis
487 3543 607 3597 delimo
626 3541 680 3594 PE
697 3541 745 3612 (of.
766 3542 944 3606 Tischeadorf.
969 3541 1040 3594 Nou.
1061 3541 1128 3594 Τιιιι.
1153 3541 1210 3594 Vol.
1229 3540 1310 3608 1475,
1326 3535 1430 3593 uomet

299 3631 336 3683 N.
357 3631 424 3683 Teat.
444 3631 554 3684 Tertull.
574 3629 641 3696 414)
661 3630 752 3697 qualis
772 3628 934 3682 &delimo
953 3629 979 3682 R
998 3627 1087 3696 qualis
1106 3634 1148 3682 eat
1166 3628 1286 3682 delimo
1305 3627 1329 3680 Τ
1372 3623 1429 3676 flet

696 3721 719 3753 Θῐ

298 3769 387 3836 qualia
405 3765 440 3834 iia
459 3787 488 3821 ea
506 3785 535 3822 ee
555 3765 589 3835 Τ)
608 3767 687 3820 RTE
716 3767 806 3835 qualia
825 3767 851 3820 P
901 3767 1051 3821 bdiaeenti
1067 3777 1158 3838 posteo
1176 3765 1250 3820 1-2
1267 3768 1313 3820 tu.
1328 3759 1430 3819 ons-R

296 3859 313 3907 b'
333 3856 362 3908 in
381 3855 426 3910 (lei
444 3856 530 3910 uerbo
549 3854 629 3908 RPE
644 3855 674 3908 in
692 3853 727 3908 do
746 3856 833 3910 uerbo
852 3855 878 3906 Τ
928 3856 946 3906 8
963 3853 993 3906 in
1011 3854 1051 3907 eis
1070 3855 1123 3907 TE
1139 3853 1169 3906 in
1188 3870 1235 3907 eos
1250 3853 1302 3908 ΒΡ
1344 3847 1430 3903 beina

297 3961 328 3994 ex
346 3941 382 3996 sit
401 3942 427 3995 P
478 3944 509 3996 ll
531 3941 656 3995 Christus
675 3959 722 3994 om.
743 3941 769 3993 P
819 3941 908 3994 nostri
926 3937 1031 3995 REffr
1047 3939 1098 3993 PT
1150 3943 1184 3995 le
1201 3941 1247 3994 eui
1264 3933 1429 4003 mquirz

298 4031 331 4084 15
355 4030 430 4084 ultra
456 4028 625 4083 firmamenti
650 4029 705 4081 RE
729 4027 804 4082 ultra
830 4027 884 4116 oeli
910 4026 1078 4082 firmamenti
1106 4028 1157 4081 ΡΤ
1222 4030 1254 4082 16
1278 4020 1382 4095 puplioi
1407 4019 1430 4070 P

300 4137 330 4188 17
349 4133 383 4187 de
402 4134 467 4186 sede
484 4131 530 4187 dei
548 4133 601 4186 ΕΤ
618 4132 652 4186 de
670 4147 706 4186 aa.
726 4129 755 4186 ui
774 4132 801 4185 P
850 4131 1101 4202 opinionionemR
1154 4134 1188 4186 19
1206 4131 1291 4201 igitar
1306 4123 1378 4182 eseli
1395 4123 1428 4175 da

296 4219 424 4274 habitare
442 4221 467 4273 R
485 4219 573 4288 igitur
591 4219 658 4274 deus
677 4219 784 4273 eaelum
802 4218 1064 4288 babitarePTergo
1082 4219 1191 4272 eaelum
1207 4217 1327 4272 habitare
1341 4212 1427 4265 denae

296 4308 332 4360 28
350 4311 527 4374 retorqnaere
547 4307 572 4359 R
625 4307 715 4374 adque
735 4307 760 4358 G
814 4309 1038 4360 aretinarum
1058 4305 1083 4358 G
1101 4311 1225 4359 aratrum
1243 4302 1318 4357 hm.
