<?xml version="1.0" encoding="UTF-8"?>
<!DOCTYPE html PUBLIC "-//W3C//DTD XHTML 1.0 Transitional//EN"
    "http://www.w3.org/TR/xhtml1/DTD/xhtml1-transitional.dtd">
<html xmlns="http://www.w3.org/1999/xhtml" xml:lang="en" lang="en">
 <head>
  <title>
</title>
<meta http-equiv="Content-Type" content="text/html;charset=utf-8" />
  <meta name='ocr-system' content='tesseract 3.04.00' />
  <meta name='ocr-capabilities' content='ocr_page ocr_carea ocr_par ocr_line ocrx_word'/>
</head>
<body>
  <div class='ocr_page' id='page_1' title='image "./corpusscriptoru23wiengoog_0912.png"; bbox 0 0 3075 4967; ppageno 0'>
   <div class='ocr_carea' id='block_1_1' title="bbox 246 242 916 310">
    <p class='ocr_par' dir='ltr' id='par_1_1' title="bbox 246 242 916 310">
     <span class='ocr_line' id='line_1_1' title="bbox 246 242 916 310; baseline -0.021 -3"><span class='ocrx_word' id='word_1_1' title='bbox 246 242 309 307; x_wconf 75' lang='lat'>872</span> <span class='ocrx_word' id='word_1_2' title='bbox 718 242 916 310; x_wconf 87' lang='lat' dir='ltr'>Appendix.</span> 
     </span>
    </p>
   </div>
   <div class='ocr_carea' id='block_1_2' title="bbox 205 429 1396 1033">
    <p class='ocr_par' dir='ltr' id='par_1_2' title="bbox 243 429 1396 828">
     <span class='ocr_line' id='line_1_2' title="bbox 244 429 1396 515; baseline 0 -18"><span class='ocrx_word' id='word_1_3' title='bbox 244 432 311 497; x_wconf 91' lang='lat' dir='ltr'>laus</span> <span class='ocrx_word' id='word_1_4' title='bbox 334 434 393 497; x_wconf 88' lang='lat' dir='ltr'>ista</span> <span class='ocrx_word' id='word_1_5' title='bbox 414 430 580 513; x_wconf 86' lang='lat' dir='ltr'>perficitur.</span> <span class='ocrx_word' id='word_1_6' title='bbox 625 450 694 515; x_wconf 85' lang='lat' dir='ltr'>quae</span> <span class='ocrx_word' id='word_1_7' title='bbox 724 429 790 496; x_wconf 87' lang='lat' dir='ltr'>laus</span> <span class='ocrx_word' id='word_1_8' title='bbox 820 430 921 495; x_wconf 89' lang='lat' dir='ltr'>omnis</span> <span class='ocrx_word' id='word_1_9' title='bbox 950 430 981 495; x_wconf 96' lang='lat' dir='ltr'>in</span> <span class='ocrx_word' id='word_1_10' title='bbox 1013 432 1128 497; x_wconf 88' lang='lat' dir='ltr'>sanctis</span> <span class='ocrx_word' id='word_1_11' title='bbox 1159 437 1215 509; x_wconf 83' lang='lat' dir='ltr'>cat,</span> <span class='ocrx_word' id='word_1_12' title='bbox 1245 433 1328 515; x_wconf 93' lang='lat' dir='ltr'>quod</span> <span class='ocrx_word' id='word_1_13' title='bbox 1351 432 1396 497; x_wconf 85' lang='lat' dir='ltr'>ab</span> 
     </span>
     <span class='ocr_line' id='line_1_3' title="bbox 244 532 1393 619; baseline -0.002 -18"><span class='ocrx_word' id='word_1_14' title='bbox 244 536 292 602; x_wconf 81' lang='lat' dir='ltr'>luis</span> <span class='ocrx_word' id='word_1_15' title='bbox 308 536 536 617; x_wconf 80' lang='lat' dir='ltr'>corruptionem</span> <span class='ocrx_word' id='word_1_16' title='bbox 552 532 651 600; x_wconf 86' lang='lat' dir='ltr'>carnis</span> <span class='ocrx_word' id='word_1_17' title='bbox 664 534 887 619; x_wconf 75' lang='lat' dir='ltr'><strong>sanguinisque</strong></span> <span class='ocrx_word' id='word_1_18' title='bbox 899 534 1061 615; x_wconf 88' lang='lat' dir='ltr'>depulerit,</span> <span class='ocrx_word' id='word_1_19' title='bbox 1074 536 1157 619; x_wconf 89' lang='lat' dir='ltr'>quod</span> <span class='ocrx_word' id='word_1_20' title='bbox 1169 535 1210 599; x_wconf 88' lang='lat' dir='ltr'>ad</span> <span class='ocrx_word' id='word_1_21' title='bbox 1219 536 1393 619; x_wconf 80' lang='lat' dir='ltr'>imaginem</span> 
     </span>
     <span class='ocr_line' id='line_1_4' title="bbox 243 639 1395 723; baseline -0.001 -17"><span class='ocrx_word' id='word_1_22' title='bbox 243 642 390 707; x_wconf 86' lang='lat' dir='ltr'>creatoris</span> <span class='ocrx_word' id='word_1_23' title='bbox 413 640 460 704; x_wconf 87' lang='lat' dir='ltr'>sui</span> <span class='ocrx_word' id='word_1_24' title='bbox 484 640 547 704; x_wconf 90' lang='lat' dir='ltr'>sint</span> <span class='ocrx_word' id='word_1_25' title='bbox 573 640 742 716; x_wconf 85' lang='lat' dir='ltr'>reformati,</span> <span class='ocrx_word' id='word_1_26' title='bbox 774 639 857 723; x_wconf 91' lang='lat' dir='ltr'>quod</span> <span class='ocrx_word' id='word_1_27' title='bbox 887 639 1066 705; x_wconf 77' lang='lat' dir='ltr'>conformes</span> <span class='ocrx_word' id='word_1_28' title='bbox 1094 640 1158 705; x_wconf 91' lang='lat' dir='ltr'>iam</span> <span class='ocrx_word' id='word_1_29' title='bbox 1188 659 1260 705; x_wconf 87' lang='lat' dir='ltr'>essa</span> <span class='ocrx_word' id='word_1_30' title='bbox 1281 639 1395 723; x_wconf 81' lang='lat' dir='ltr'>gloriae</span> 
     </span>
     <span class='ocr_line' id='line_1_5' title="bbox 244 743 1394 828; baseline 0 -19"><span class='ocrx_word' id='word_1_31' title='bbox 244 745 380 825; x_wconf 85' lang='lat' dir='ltr'>corporis</span> <span class='ocrx_word' id='word_1_32' title='bbox 412 743 459 809; x_wconf 90' lang='lat' dir='ltr'>dci</span> <span class='ocrx_word' id='word_1_33' title='bbox 491 743 651 828; x_wconf 72' lang='lat' dir='ltr'>ceperint,</span> <span class='ocrx_word' id='word_1_34' title='bbox 682 745 765 826; x_wconf 89' lang='lat' dir='ltr'>quod</span> <span class='ocrx_word' id='word_1_35' title='bbox 795 744 827 807; x_wconf 95' lang='lat' dir='ltr'>in</span> <span class='ocrx_word' id='word_1_36' title='bbox 856 762 981 809; x_wconf 86' lang='lat' dir='ltr'>omnam</span> <span class='ocrx_word' id='word_1_37' title='bbox 1010 744 1061 808; x_wconf 93' lang='lat' dir='ltr'>dei</span> <span class='ocrx_word' id='word_1_38' title='bbox 1094 743 1321 824; x_wconf 78' lang='lat' dir='ltr'>plenitudinem</span> <span class='ocrx_word' id='word_1_39' title='bbox 1342 744 1394 809; x_wconf 90' lang='lat' dir='ltr'>in·</span> 
     </span>
    </p>

    <p class='ocr_par' dir='ltr' id='par_1_3' title="bbox 205 846 1393 1033">
     <span class='ocr_line' id='line_1_6' title="bbox 205 846 1393 931; baseline 0 -18"><span class='ocrx_word' id='word_1_40' title='bbox 205 869 217 905; x_wconf 78' lang='lat' dir='ltr'>a</span> <span class='ocrx_word' id='word_1_41' title='bbox 244 847 392 929; x_wconf 89' lang='lat' dir='ltr'>pleantur,</span> <span class='ocrx_word' id='word_1_42' title='bbox 423 847 514 931; x_wconf 90' lang='lat' dir='ltr'>quod,</span> <span class='ocrx_word' id='word_1_43' title='bbox 549 866 619 913; x_wconf 91' lang='lat' dir='ltr'>cum</span> <span class='ocrx_word' id='word_1_44' title='bbox 650 846 727 913; x_wconf 88' lang='lat' dir='ltr'>deus</span> <span class='ocrx_word' id='word_1_45' title='bbox 757 846 883 931; x_wconf 86' lang='lat' dir='ltr'>spiritus</span> <span class='ocrx_word' id='word_1_46' title='bbox 907 848 955 924; x_wconf 86' lang='lat' dir='ltr'>sit,</span> <span class='ocrx_word' id='word_1_47' title='bbox 990 848 1083 913; x_wconf 88' lang='lat' dir='ltr'>deum</span> <span class='ocrx_word' id='word_1_48' title='bbox 1106 852 1294 913; x_wconf 86' lang='lat' dir='ltr'>tamennon</span> <span class='ocrx_word' id='word_1_49' title='bbox 1318 868 1393 913; x_wconf 89' lang='lat' dir='ltr'>caro</span> 
     </span>
     <span class='ocr_line' id='line_1_7' title="bbox 243 951 799 1033; baseline -0.002 -17"><span class='ocrx_word' id='word_1_50' title='bbox 243 953 306 1016; x_wconf 90' lang='lat' dir='ltr'>iam</span> <span class='ocrx_word' id='word_1_51' title='bbox 329 953 371 1017; x_wconf 85' lang='lat' dir='ltr'>sit</span> <span class='ocrx_word' id='word_1_52' title='bbox 392 952 561 1029; x_wconf 89' lang='lat' dir='ltr'>laudatura,</span> <span class='ocrx_word' id='word_1_53' title='bbox 585 951 640 1017; x_wconf 89' lang='lat' dir='ltr'>sed</span> <span class='ocrx_word' id='word_1_54' title='bbox 664 951 799 1033; x_wconf 88' lang='lat' dir='ltr'>spiritus.</span> 
     </span>
    </p>
   </div>
   <div class='ocr_carea' id='block_1_3' title="bbox 601 1505 1026 1608">
    <p class='ocr_par' dir='ltr' id='par_1_4' title="bbox 601 1505 1026 1608">
     <span class='ocr_line' id='line_1_8' title="bbox 601 1505 1026 1608; baseline -0.005 0"><span class='ocrx_word' id='word_1_55' title='bbox 601 1505 1026 1608; x_wconf 80' lang='lat' dir='ltr'><strong>APPENDIX.</strong></span> 
     </span>
    </p>
   </div>
   <div class='ocr_carea' id='block_1_4' title="bbox 711 1788 921 1896">
    <p class='ocr_par' dir='ltr' id='par_1_5' title="bbox 711 1788 921 1896">
     <span class='ocr_line' id='line_1_9' title="bbox 711 1788 921 1896; baseline -0.005 -27"><span class='ocrx_word' id='word_1_56' title='bbox 711 1788 921 1896; x_wconf 83' lang='lat' dir='ltr'>Exempla</span> 
     </span>
    </p>
   </div>
   <div class='ocr_carea' id='block_1_5' title="bbox 193 1954 1312 2148">
    <p class='ocr_par' dir='ltr' id='par_1_6' title="bbox 193 1954 1312 2148">
     <span class='ocr_line' id='line_1_10' title="bbox 320 1954 1312 2038; baseline 0 -17"><span class='ocrx_word' id='word_1_57' title='bbox 320 1962 502 2023; x_wconf 77' lang='lat' dir='ltr'>tractatuum</span> <span class='ocrx_word' id='word_1_58' title='bbox 526 1955 734 2022; x_wconf 89' lang='lat' dir='ltr'>mutilatorum</span> <span class='ocrx_word' id='word_1_59' title='bbox 756 1956 807 2021; x_wconf 89' lang='lat' dir='ltr'>uel</span> <span class='ocrx_word' id='word_1_60' title='bbox 831 1955 950 2023; x_wconf 83' lang='lat' dir='ltr'>Hilario</span> <span class='ocrx_word' id='word_1_61' title='bbox 973 1954 1052 2020; x_wconf 84' lang='lat' dir='ltr'>salso</span> <span class='ocrx_word' id='word_1_62' title='bbox 1074 1955 1312 2038; x_wconf 84' lang='lat' dir='ltr'>adscriptorum.</span> 
     </span>
     <span class='ocr_line' id='line_1_11' title="bbox 193 2075 1114 2148; baseline -0.008 -9"><span class='ocrx_word' id='word_1_63' title='bbox 193 2105 216 2141; x_wconf 81' lang='lat' dir='ltr'>ro</span> <span class='ocrx_word' id='word_1_64' title='bbox 270 2134 272 2138; x_wconf 92' lang='lat'>.</span> <span class='ocrx_word' id='word_1_65' title='bbox 516 2077 560 2145; x_wconf 83' lang='lat' dir='ltr'>(cf.</span> <span class='ocrx_word' id='word_1_66' title='bbox 579 2079 664 2147; x_wconf 87' lang='lat' dir='ltr'>prael.</span> <span class='ocrx_word' id='word_1_67' title='bbox 684 2084 712 2133; x_wconf 86' lang='lat' dir='ltr'>el</span> <span class='ocrx_word' id='word_1_68' title='bbox 730 2078 816 2133; x_wconf 84' lang='lat' dir='ltr'>Aosd.</span> <span class='ocrx_word' id='word_1_69' title='bbox 834 2097 860 2148; x_wconf 92' lang='lat' dir='ltr'>p.</span> <span class='ocrx_word' id='word_1_70' title='bbox 879 2081 914 2133; x_wconf 76' lang='lat'>51</span> <span class='ocrx_word' id='word_1_71' title='bbox 932 2095 982 2147; x_wconf 76' lang='lat' dir='ltr'>sq,</span> <span class='ocrx_word' id='word_1_72' title='bbox 1000 2080 1043 2147; x_wconf 80' lang='lat' dir='ltr'>aa,</span> <span class='ocrx_word' id='word_1_73' title='bbox 1062 2075 1114 2143; x_wconf 83' lang='grc'>98.)</span> 
     </span>
    </p>
   </div>
   <div class='ocr_carea' id='block_1_6' title="bbox 298 2212 1326 2317">
    <p class='ocr_par' dir='ltr' id='par_1_7' title="bbox 298 2212 1326 2317">
     <span class='ocr_line' id='line_1_12' title="bbox 298 2212 1326 2317; baseline -0.003 -19"><span class='ocrx_word' id='word_1_74' title='bbox 298 2216 481 2298; x_wconf 73' lang='lat' dir='ltr'>tractatus</span> <span class='ocrx_word' id='word_1_75' title='bbox 507 2214 542 2296; x_wconf 89' lang='lat' dir='ltr'>in</span> <span class='ocrx_word' id='word_1_76' title='bbox 557 2212 740 2317; x_wconf 47' lang='lat' dir='ltr'>,Psrlnun</span> <span class='ocrx_word' id='word_1_77' title='bbox 769 2213 874 2297; x_wconf 84' lang='lat' dir='ltr'>llllll.</span> <span class='ocrx_word' id='word_1_78' title='bbox 901 2236 946 2297; x_wconf 86' lang='lat' dir='ltr'>cx</span> <span class='ocrx_word' id='word_1_79' title='bbox 973 2214 1094 2297; x_wconf 87' lang='lat' dir='ltr'>codice</span> <span class='ocrx_word' id='word_1_80' title='bbox 1121 2214 1326 2298; x_wconf 80' lang='lat' dir='ltr'>Veronensi.</span> 
     </span>
    </p>
   </div>
   <div class='ocr_carea' id='block_1_7' title="bbox 534 2370 1091 2454">
    <p class='ocr_par' dir='ltr' id='par_1_8' title="bbox 534 2370 1091 2454">
     <span class='ocr_line' id='line_1_13' title="bbox 534 2370 1091 2454; baseline -0.002 -17"><span class='ocrx_word' id='word_1_81' title='bbox 534 2372 577 2437; x_wconf 93' lang='lat' dir='ltr'>In</span> <span class='ocrx_word' id='word_1_82' title='bbox 601 2371 727 2438; x_wconf 86' lang='lat' dir='ltr'>linem</span> <span class='ocrx_word' id='word_1_83' title='bbox 749 2370 930 2454; x_wconf 89' lang='lat' dir='ltr'>psalmus</span> <span class='ocrx_word' id='word_1_84' title='bbox 954 2372 1091 2437; x_wconf 90' lang='lat' dir='ltr'>Dauid.</span> 
     </span>
    </p>
   </div>
   <div class='ocr_carea' id='block_1_8' title="bbox 190 2493 1386 3929">
    <p class='ocr_par' dir='ltr' id='par_1_9' title="bbox 286 2493 1385 2574">
     <span class='ocr_line' id='line_1_14' title="bbox 286 2493 1385 2574; baseline 0.002 -17"><span class='ocrx_word' id='word_1_85' title='bbox 286 2494 453 2573; x_wconf 79' lang='lat' dir='ltr'>Exaudi,</span> <span class='ocrx_word' id='word_1_86' title='bbox 478 2495 582 2567; x_wconf 81' lang='lat' dir='ltr'>deus,</span> <span class='ocrx_word' id='word_1_87' title='bbox 605 2494 834 2560; x_wconf 87' lang='lat' dir='ltr'>orationem</span> <span class='ocrx_word' id='word_1_88' title='bbox 857 2513 989 2573; x_wconf 88' lang='lat' dir='ltr'>meam,</span> <span class='ocrx_word' id='word_1_89' title='bbox 1007 2494 1096 2558; x_wconf 93' lang='lat' dir='ltr'>dum</span> <span class='ocrx_word' id='word_1_90' title='bbox 1118 2493 1319 2574; x_wconf 88' lang='lat' dir='ltr'>deprecor</span> <span class='ocrx_word' id='word_1_91' title='bbox 1340 2495 1385 2559; x_wconf 89' lang='lat' dir='ltr'>ad</span> 
     </span>
    </p>

    <p class='ocr_par' dir='ltr' id='par_1_10' title="bbox 244 2597 1383 2664">
     <span class='ocr_line' id='line_1_15' title="bbox 244 2597 1383 2664; baseline -0.002 -3"><span class='ocrx_word' id='word_1_92' title='bbox 244 2606 296 2662; x_wconf 90' lang='lat' dir='ltr'>tc:</span> <span class='ocrx_word' id='word_1_93' title='bbox 320 2620 338 2663; x_wconf 91' lang='lat' dir='ltr'>a</span> <span class='ocrx_word' id='word_1_94' title='bbox 362 2599 508 2664; x_wconf 85' lang='lat' dir='ltr'>timore</span> <span class='ocrx_word' id='word_1_95' title='bbox 532 2597 689 2664; x_wconf 91' lang='lat' dir='ltr'>inimici</span> <span class='ocrx_word' id='word_1_96' title='bbox 714 2618 808 2664; x_wconf 89' lang='lat' dir='ltr'>erue</span> <span class='ocrx_word' id='word_1_97' title='bbox 830 2598 1005 2663; x_wconf 86' lang='lat' dir='ltr'>animam</span> <span class='ocrx_word' id='word_1_98' title='bbox 1028 2616 1164 2663; x_wconf 89' lang='lat' dir='ltr'>meam.</span> <span class='ocrx_word' id='word_1_99' title='bbox 1210 2598 1383 2663; x_wconf 86' lang='lat' dir='ltr'>scrutati</span> 
     </span>
    </p>

    <p class='ocr_par' dir='ltr' id='par_1_11' title="bbox 190 2702 1386 3723">
     <span class='ocr_line' id='line_1_16' title="bbox 191 2702 1386 2786; baseline 0.003 -24"><span class='ocrx_word' id='word_1_100' title='bbox 191 2726 215 2763; x_wconf 75' lang='lat' dir='ltr'>rs</span> <span class='ocrx_word' id='word_1_101' title='bbox 243 2710 336 2766; x_wconf 87' lang='lat' dir='ltr'>sunt</span> <span class='ocrx_word' id='word_1_102' title='bbox 358 2703 617 2786; x_wconf 79' lang='lat' dir='ltr'>iniquitates,</span> <span class='ocrx_word' id='word_1_103' title='bbox 641 2702 884 2767; x_wconf 84' lang='lat' dir='ltr'>deiecerunt</span> <span class='ocrx_word' id='word_1_104' title='bbox 913 2708 1153 2767; x_wconf 89' lang='lat' dir='ltr'>scrutantes</span> <span class='ocrx_word' id='word_1_105' title='bbox 1176 2702 1386 2767; x_wconf 84' lang='lat' dir='ltr'>scrutinio.</span> 
     </span>
     <span class='ocr_line' id='line_1_17' title="bbox 242 2804 1386 2889; baseline 0.001 -20"><span class='ocrx_word' id='word_1_106' title='bbox 242 2805 368 2885; x_wconf 87' lang='lat' dir='ltr'>spiritua</span> <span class='ocrx_word' id='word_1_107' title='bbox 400 2806 485 2871; x_wconf 92' lang='lat' dir='ltr'>enim</span> <span class='ocrx_word' id='word_1_108' title='bbox 515 2806 713 2888; x_wconf 88' lang='lat' dir='ltr'>prophetalis,</span> <span class='ocrx_word' id='word_1_109' title='bbox 745 2808 798 2889; x_wconf 93' lang='lat' dir='ltr'>qui</span> <span class='ocrx_word' id='word_1_110' title='bbox 827 2826 884 2887; x_wconf 93' lang='lat' dir='ltr'>per</span> <span class='ocrx_word' id='word_1_111' title='bbox 907 2805 1009 2871; x_wconf 89' lang='lat' dir='ltr'>Dauid</span> <span class='ocrx_word' id='word_1_112' title='bbox 1043 2804 1236 2889; x_wconf 86' lang='lat' dir='ltr'>loquebatur,</span> <span class='ocrx_word' id='word_1_113' title='bbox 1260 2806 1386 2871; x_wconf 89' lang='lat' dir='ltr'>audiens</span> 
     </span>
     <span class='ocr_line' id='line_1_18' title="bbox 242 2908 1386 2975; baseline 0.002 -3"><span class='ocrx_word' id='word_1_114' title='bbox 242 2909 347 2973; x_wconf 89' lang='lat' dir='ltr'>omnia</span> <span class='ocrx_word' id='word_1_115' title='bbox 370 2914 401 2974; x_wconf 89' lang='lat' dir='ltr'>et</span> <span class='ocrx_word' id='word_1_116' title='bbox 423 2909 525 2974; x_wconf 87' lang='lat' dir='ltr'>sciens</span> <span class='ocrx_word' id='word_1_117' title='bbox 559 2911 703 2975; x_wconf 91' lang='lat' dir='ltr'>uniuersa</span> <span class='ocrx_word' id='word_1_118' title='bbox 736 2909 796 2974; x_wconf 89' lang='lat' dir='ltr'>hoo</span> <span class='ocrx_word' id='word_1_119' title='bbox 830 2910 861 2974; x_wconf 93' lang='lat' dir='ltr'>in</span> <span class='ocrx_word' id='word_1_120' title='bbox 896 2908 962 2975; x_wconf 92' lang='lat' dir='ltr'>loco</span> <span class='ocrx_word' id='word_1_121' title='bbox 995 2929 1057 2973; x_wconf 93' lang='lat' dir='ltr'>non</span> <span class='ocrx_word' id='word_1_122' title='bbox 1090 2908 1190 2974; x_wconf 91' lang='lat' dir='ltr'>solum</span> <span class='ocrx_word' id='word_1_123' title='bbox 1213 2909 1386 2975; x_wconf 82' lang='lat' dir='ltr'>ludaeorun</span> 
     </span>
     <span class='ocr_line' id='line_1_19' title="bbox 241 3011 1386 3097; baseline 0.001 -21"><span class='ocrx_word' id='word_1_124' title='bbox 241 3012 414 3097; x_wconf 80' lang='lat' dir='ltr'>malignam</span> <span class='ocrx_word' id='word_1_125' title='bbox 437 3014 704 3093; x_wconf 79' lang='lat' dir='ltr'>conspirationem,</span> <span class='ocrx_word' id='word_1_126' title='bbox 733 3033 842 3078; x_wconf 88' lang='lat' dir='ltr'>uemm</span> <span class='ocrx_word' id='word_1_127' title='bbox 866 3013 961 3078; x_wconf 88' lang='lat' dir='ltr'>etiam</span> <span class='ocrx_word' id='word_1_128' title='bbox 983 3011 1240 3094; x_wconf 87' lang='lat' dir='ltr'>philosophorum</span> <span class='ocrx_word' id='word_1_129' title='bbox 1262 3014 1386 3079; x_wconf 88' lang='lat' dir='ltr'>inanem</span> 
     </span>
     <span class='ocr_line' id='line_1_20' title="bbox 242 3116 1386 3198; baseline 0 -17"><span class='ocrx_word' id='word_1_130' title='bbox 242 3117 406 3182; x_wconf 85' lang='lat' dir='ltr'>scientiam</span> <span class='ocrx_word' id='word_1_131' title='bbox 440 3123 470 3183; x_wconf 91' lang='lat' dir='ltr'>et</span> <span class='ocrx_word' id='word_1_132' title='bbox 504 3116 715 3183; x_wconf 87' lang='lat' dir='ltr'>haereticorum</span> <span class='ocrx_word' id='word_1_133' title='bbox 747 3137 924 3198; x_wconf 87' lang='lat' dir='ltr'>pemersam</span> <span class='ocrx_word' id='word_1_134' title='bbox 955 3118 1180 3182; x_wconf 86' lang='lat' dir='ltr'>contumaciam</span> <span class='ocrx_word' id='word_1_135' title='bbox 1210 3120 1386 3197; x_wconf 88' lang='lat' dir='ltr'>pronuntiat</span> 
     </span>
     <span class='ocr_line' id='line_1_21' title="bbox 190 3220 1386 3305; baseline 0.005 -26"><span class='ocrx_word' id='word_1_136' title='bbox 190 3244 215 3280; x_wconf 80' lang='lat'>20</span> <span class='ocrx_word' id='word_1_137' title='bbox 243 3220 407 3305; x_wconf 88' lang='lat' dir='ltr'>aliquando</span> <span class='ocrx_word' id='word_1_138' title='bbox 431 3220 579 3299; x_wconf 86' lang='lat' dir='ltr'>deficare;</span> <span class='ocrx_word' id='word_1_139' title='bbox 602 3221 633 3286; x_wconf 95' lang='lat' dir='ltr'>in</span> <span class='ocrx_word' id='word_1_140' title='bbox 658 3221 716 3287; x_wconf 91' lang='lat' dir='ltr'>hoc</span> <span class='ocrx_word' id='word_1_141' title='bbox 740 3221 871 3302; x_wconf 85' lang='lat' dir='ltr'>capitulo</span> <span class='ocrx_word' id='word_1_142' title='bbox 894 3222 1074 3299; x_wconf 83' lang='lat' dir='ltr'>ostenditur,</span> <span class='ocrx_word' id='word_1_143' title='bbox 1097 3241 1170 3286; x_wconf 89' lang='lat' dir='ltr'>cum</span> <span class='ocrx_word' id='word_1_144' title='bbox 1193 3221 1283 3287; x_wconf 88' lang='lat' dir='ltr'>dicit:</span> <span class='ocrx_word' id='word_1_145' title='bbox 1306 3242 1386 3302; x_wconf 89' lang='lat' dir='ltr'>per-</span> 
     </span>
     <span class='ocr_line' id='line_1_22' title="bbox 242 3325 1386 3409; baseline -0.001 -19"><span class='ocrx_word' id='word_1_146' title='bbox 242 3325 417 3391; x_wconf 87' lang='lat' dir='ltr'>scrutati</span> <span class='ocrx_word' id='word_1_147' title='bbox 451 3332 543 3391; x_wconf 91' lang='lat' dir='ltr'>sunt</span> <span class='ocrx_word' id='word_1_148' title='bbox 575 3325 832 3409; x_wconf 89' lang='lat' dir='ltr'>iniquitates,</span> <span class='ocrx_word' id='word_1_149' title='bbox 871 3325 1115 3390; x_wconf 86' lang='lat' dir='ltr'>defecerunt</span> <span class='ocrx_word' id='word_1_150' title='bbox 1147 3330 1386 3391; x_wconf 82' lang='lat' dir='ltr'>scrutantes</span> 
     </span>
     <span class='ocr_line' id='line_1_23' title="bbox 241 3428 1386 3514; baseline -0.002 -19"><span class='ocrx_word' id='word_1_151' title='bbox 241 3430 454 3497; x_wconf 88' lang='lat' dir='ltr'>scrutinio.</span> <span class='ocrx_word' id='word_1_152' title='bbox 499 3430 636 3494; x_wconf 92' lang='lat' dir='ltr'>omnium</span> <span class='ocrx_word' id='word_1_153' title='bbox 667 3448 742 3513; x_wconf 86' lang='lat' dir='ltr'>ergo</span> <span class='ocrx_word' id='word_1_154' title='bbox 772 3428 924 3494; x_wconf 88' lang='lat' dir='ltr'>malorum</span> <span class='ocrx_word' id='word_1_155' title='bbox 954 3428 1117 3493; x_wconf 90' lang='lat' dir='ltr'>hominum</span> <span class='ocrx_word' id='word_1_156' title='bbox 1151 3430 1279 3514; x_wconf 87' lang='lat' dir='ltr'>ingenia</span> <span class='ocrx_word' id='word_1_157' title='bbox 1313 3428 1386 3494; x_wconf 87' lang='lat' dir='ltr'>deli·</span> 
     </span>
     <span class='ocr_line' id='line_1_24' title="bbox 242 3532 1385 3617; baseline -0.002 -18"><span class='ocrx_word' id='word_1_158' title='bbox 242 3534 333 3611; x_wconf 84' lang='lat' dir='ltr'>ciunt,</span> <span class='ocrx_word' id='word_1_159' title='bbox 349 3539 384 3599; x_wconf 85' lang='lat' dir='ltr'>ut</span> <span class='ocrx_word' id='word_1_160' title='bbox 399 3533 535 3599; x_wconf 86' lang='lat' dir='ltr'>ostendit</span> <span class='ocrx_word' id='word_1_161' title='bbox 549 3533 708 3615; x_wconf 88' lang='lat' dir='ltr'>propheta.</span> <span class='ocrx_word' id='word_1_162' title='bbox 754 3532 956 3617; x_wconf 86' lang='lat' dir='ltr'>philosophus</span> <span class='ocrx_word' id='word_1_163' title='bbox 972 3533 1053 3597; x_wconf 88' lang='lat' dir='ltr'>enim</span> <span class='ocrx_word' id='word_1_164' title='bbox 1071 3532 1181 3597; x_wconf 92' lang='lat' dir='ltr'>mundi</span> <span class='ocrx_word' id='word_1_165' title='bbox 1196 3532 1385 3598; x_wconf 90' lang='lat' dir='ltr'>dominatum</span> 
     </span>
     <span class='ocr_line' id='line_1_25' title="bbox 241 3633 1386 3723; baseline -0.001 -22"><span class='ocrx_word' id='word_1_166' title='bbox 241 3638 394 3722; x_wconf 83' lang='lat' dir='ltr'>inpugnat</span> <span class='ocrx_word' id='word_1_167' title='bbox 416 3658 497 3703; x_wconf 92' lang='lat' dir='ltr'>nunc</span> <span class='ocrx_word' id='word_1_168' title='bbox 520 3640 617 3722; x_wconf 86' lang='lat' dir='ltr'>aquis,</span> <span class='ocrx_word' id='word_1_169' title='bbox 645 3657 726 3702; x_wconf 90' lang='lat' dir='ltr'>nunc</span> <span class='ocrx_word' id='word_1_170' title='bbox 750 3644 850 3715; x_wconf 81' lang='lat' dir='ltr'>terrae,</span> <span class='ocrx_word' id='word_1_171' title='bbox 874 3657 955 3723; x_wconf 82' lang='lat' dir='ltr'>nunc</span> <span class='ocrx_word' id='word_1_172' title='bbox 978 3637 1053 3703; x_wconf 84' lang='lat' dir='ltr'>caelo</span> <span class='ocrx_word' id='word_1_173' title='bbox 1076 3637 1126 3701; x_wconf 90' lang='lat' dir='ltr'>dei</span> <span class='ocrx_word' id='word_1_174' title='bbox 1149 3657 1264 3703; x_wconf 82' lang='lat' dir='ltr'>nomon</span> <span class='ocrx_word' id='word_1_175' title='bbox 1288 3633 1386 3702; x_wconf 92' lang='lat' dir='ltr'>indul·</span> 
     </span>
    </p>

    <p class='ocr_par' dir='ltr' id='par_1_12' title="bbox 190 3742 1384 3929">
     <span class='ocr_line' id='line_1_26' title="bbox 190 3742 1384 3824; baseline -0.003 -16"><span class='ocrx_word' id='word_1_176' title='bbox 190 3771 215 3808; x_wconf 79' lang='lat' dir='ltr'>aa</span> <span class='ocrx_word' id='word_1_177' title='bbox 241 3760 336 3824; x_wconf 83' lang='lat' dir='ltr'>gens;</span> <span class='ocrx_word' id='word_1_178' title='bbox 361 3742 521 3807; x_wconf 78' lang='lat' dir='ltr'>hareticus</span> <span class='ocrx_word' id='word_1_179' title='bbox 543 3748 647 3808; x_wconf 87' lang='lat' dir='ltr'>autem</span> <span class='ocrx_word' id='word_1_180' title='bbox 679 3742 852 3807; x_wconf 77' lang='lat' dir='ltr'>doctrinam</span> <span class='ocrx_word' id='word_1_181' title='bbox 881 3742 954 3807; x_wconf 87' lang='lat' dir='ltr'>fidei</span> <span class='ocrx_word' id='word_1_182' title='bbox 985 3742 1142 3807; x_wconf 87' lang='lat' dir='ltr'>mentitur.</span> <span class='ocrx_word' id='word_1_183' title='bbox 1180 3747 1289 3806; x_wconf 81' lang='lat' dir='ltr'>contm</span> <span class='ocrx_word' id='word_1_184' title='bbox 1310 3760 1384 3824; x_wconf 90' lang='lat' dir='ltr'>quos</span> 
     </span>
     <span class='ocr_line' id='line_1_27' title="bbox 242 3844 1384 3929; baseline 0 -21"><span class='ocrx_word' id='word_1_185' title='bbox 242 3864 350 3918; x_wconf 85' lang='lat' dir='ltr'>omnes</span> <span class='ocrx_word' id='word_1_186' title='bbox 373 3846 517 3929; x_wconf 83' lang='lat' dir='ltr'>peruigili</span> <span class='ocrx_word' id='word_1_187' title='bbox 541 3865 615 3911; x_wconf 90' lang='lat' dir='ltr'>cura</span> <span class='ocrx_word' id='word_1_188' title='bbox 638 3851 669 3911; x_wconf 89' lang='lat' dir='ltr'>ct</span> <span class='ocrx_word' id='word_1_189' title='bbox 691 3846 821 3911; x_wconf 85' lang='lat' dir='ltr'>adsidua</span> <span class='ocrx_word' id='word_1_190' title='bbox 842 3847 882 3911; x_wconf 91' lang='lat' dir='ltr'>ad</span> <span class='ocrx_word' id='word_1_191' title='bbox 898 3846 1060 3910; x_wconf 92' lang='lat' dir='ltr'>dominum</span> <span class='ocrx_word' id='word_1_192' title='bbox 1076 3844 1214 3911; x_wconf 88' lang='lat' dir='ltr'>oratione</span> <span class='ocrx_word' id='word_1_193' title='bbox 1229 3845 1384 3929; x_wconf 83' lang='lat' dir='ltr'>pugnauit</span> 
     </span>
    </p>
   </div>
   <div class='ocr_carea' id='block_1_9' title="bbox 241 4035 1384 4279">
    <p class='ocr_par' dir='ltr' id='par_1_13' title="bbox 241 4035 1384 4279">
     <span class='ocr_line' id='line_1_28' title="bbox 287 4035 1384 4121; baseline -0.002 -30"><span class='ocrx_word' id='word_1_194' title='bbox 287 4039 318 4092; x_wconf 80' lang='lat'>13</span> <span class='ocrx_word' id='word_1_195' title='bbox 337 4038 502 4121; x_wconf 44' lang='lat' dir='ltr'>depraecor&#39;</span> <span class='ocrx_word' id='word_1_196' title='bbox 533 4040 565 4092; x_wconf 85' lang='lat'>16</span> <span class='ocrx_word' id='word_1_197' title='bbox 574 4037 718 4105; x_wconf 83' lang='lat' dir='ltr'>profetalis</span> <span class='ocrx_word' id='word_1_198' title='bbox 765 4037 976 4092; x_wconf 77' lang='lat' dir='ltr'>ldfilosoforum</span> <span class='ocrx_word' id='word_1_199' title='bbox 1014 4039 1046 4092; x_wconf 85' lang='lat'>19</span> <span class='ocrx_word' id='word_1_200' title='bbox 1055 4035 1243 4090; x_wconf 86' lang='lat' dir='ltr'>hereticorum</span> <span class='ocrx_word' id='word_1_201' title='bbox 1281 4039 1384 4106; x_wconf 73' lang='lat' dir='ltr'>ildpro·</span> 
     </span>
     <span class='ocr_line' id='line_1_29' title="bbox 241 4121 1383 4195; baseline -0.002 -18"><span class='ocrx_word' id='word_1_202' title='bbox 241 4123 298 4177; x_wconf 83' lang='lat' dir='ltr'>sela</span> <span class='ocrx_word' id='word_1_203' title='bbox 316 4134 339 4178; x_wconf 81' lang='lat' dir='ltr'>et</span> <span class='ocrx_word' id='word_1_204' title='bbox 356 4126 503 4195; x_wconf 81' lang='lat' dir='ltr'>siosemper</span> <span class='ocrx_word' id='word_1_205' title='bbox 548 4122 670 4179; x_wconf 85' lang='lat' dir='ltr'>filosofus</span> <span class='ocrx_word' id='word_1_206' title='bbox 717 4126 752 4178; x_wconf 73' lang='lat' dir='ltr'>st</span> <span class='ocrx_word' id='word_1_207' title='bbox 769 4125 848 4192; x_wconf 85' lang='lat' dir='ltr'>aquis</span> <span class='ocrx_word' id='word_1_208' title='bbox 862 4143 892 4177; x_wconf 79' lang='lat' dir='ltr'>es</span> <span class='ocrx_word' id='word_1_209' title='bbox 907 4124 988 4192; x_wconf 87' lang='lat' dir='ltr'>quisq</span> <span class='ocrx_word' id='word_1_210' title='bbox 1006 4121 1152 4177; x_wconf 67' lang='lat' dir='ltr'>comm?</span> <span class='ocrx_word' id='word_1_211' title='bbox 1198 4124 1233 4176; x_wconf 80' lang='lat'>26</span> <span class='ocrx_word' id='word_1_212' title='bbox 1252 4123 1383 4192; x_wconf 75' lang='lat' dir='ltr'>pugnauit</span> 
     </span>
     <span class='ocr_line' id='line_1_30' title="bbox 241 4209 518 4279; baseline -0.004 -16"><span class='ocrx_word' id='word_1_213' title='bbox 241 4229 271 4263; x_wconf 82' lang='lat' dir='ltr'>ex</span> <span class='ocrx_word' id='word_1_214' title='bbox 289 4210 421 4279; x_wconf 79' lang='lat' dir='ltr'>pugnauit</span> <span class='ocrx_word' id='word_1_215' title='bbox 439 4230 471 4263; x_wconf 86' lang='lat' dir='ltr'>m.</span> <span class='ocrx_word' id='word_1_216' title='bbox 490 4209 518 4263; x_wconf 86' lang='lat'>2.</span> 
     </span>
    </p>
   </div>
   <div class='ocr_carea' id='block_1_10' title="bbox 0 0 1542 4967">
    <p class='ocr_par' dir='ltr' id='par_1_14' title="bbox 0 0 1542 4967">
     <span class='ocr_line' id='line_1_31' title="bbox 0 0 1542 4967; baseline 0 3"><span class='ocrx_word' id='word_1_217' title='bbox 0 0 1542 4967; x_wconf 95' lang='lat' dir='ltr'> </span> 
     </span>
    </p>
   </div>
  </div>
 </body>
</html>
