3075 4967
307 280 370 347 608
646 281 767 333 sancti
791 281 925 335 Hilarii
950 283 1114 352 episcopi

305 469 492 549 miserabile,
515 471 589 554 quia
611 477 641 534 et
663 469 816 535 semiatur
838 491 857 535 a
879 471 993 537 seruis:
1016 479 1048 537 at
1072 492 1146 539 uero
1161 475 1274 538 animae
1288 475 1436 556 captiuites

305 595 399 659 quam
422 574 532 640 infelix
553 574 617 639 eet!

349 678 377 742 5.
400 680 525 744 Auarus
558 679 709 743 carituros
743 679 911 759 semetipso
942 699 1049 744 carere
1071 679 1158 746 timet
1180 681 1327 764 pecunia3
1355 703 1436 766 nego

306 783 411 858 tioeus,
444 782 548 860 tristis
583 781 701 857 anxiue,
736 781 805 847 eine
837 782 946 865 requie
979 781 1042 848 ulla
1073 784 1178 848 damni
1208 791 1297 850 metu
1325 805 1436 867 semper

266 887 486 979 edetinetur3¹
513 886 687 951 honestetis
719 885 872 952 inmemor
905 893 962 964 est,
996 887 1200 952 amicitiarum
1237 889 1435 964 inobseruans,

305 990 505 1056 humanitatis
539 990 642 1074 fugax,
676 989 861 1074 religionem
892 991 996 1068 nescit,
1033 991 1202 1056 bonitatem
1225 993 1350 1059 omnino
1371 994 1435 1059 odit

304 1103 336 1159 at
357 1115 431 1161 uero
454 1095 503 1160 cui
527 1093 622 1160 libido
646 1093 769 1158 domina
792 1094 901 1172 estin
925 1113 987 1177 quo
1002 1113 1089 1159 caeno
1105 1097 1266 1162 dedecoris
1283 1097 1435 1162 uolutatur!

303 1200 420 1280 pendet
442 1201 483 1264 ad
505 1199 684 1264 occasiones
707 1197 946 1276 adulteriorum
969 1199 1085 1263 anxius
1115 1199 1198 1264 circa
1219 1199 1355 1266 lasciuia
1380 1221 1435 1266 sus

303 1304 386 1368 furta
407 1303 510 1381 oculis,
540 1311 652 1379 mente,
677 1322 806 1382 corpore
829 1310 909 1366 totus
932 1303 965 1366 in
980 1303 1091 1368 scortis
1107 1315 1162 1368 est.
1207 1304 1319 1370 uidens
1333 1305 1435 1371 coidie

252 1433 276 1469 ιο
303 1417 396 1490 atque
418 1406 546 1472 audiens
569 1406 724 1471 humanas
747 1406 779 1470 in
802 1403 959 1471 adulteros
987 1405 1075 1490 leges
1104 1406 1291 1473 adulterium
1319 1408 1350 1474 in
1376 1409 1435 1489 ipso

303 1511 369 1577 foro
385 1511 515 1595 eogitret;
539 1512 623 1595 quod
638 1510 712 1591 egit,
728 1510 835 1590 timet3
860 1510 941 1592 quod
958 1509 1055 1588 timet,
1073 1530 1133 1576 uon
1150 1510 1240 1596 sugit.
1286 1513 1359 1596 quid
1372 1533 1434 1578 uero

301 1615 456 1681 infelicius
479 1615 636 1681 ebrietatis
659 1611 842 1678 dominatu?
889 1613 989 1679 uentri
1013 1612 1093 1678 ultra
1123 1616 1323 1695 capacitatem
1344 1615 1435 1682 infun-

303 1721 385 1798 dere,
409 1719 546 1785 olficium
570 1738 661 1783 suum
684 1719 805 1798 corpori
828 1717 977 1797 inuidere,
1000 1718 1105 1784 sensui
1127 1719 1279 1784 rationem
1303 1720 1435 1796 adimere

302 1844 364 1888 nou
397 1824 490 1908 loqui,
524 1843 584 1890 non
619 1823 810 1900 meminisse,
844 1841 905 1886 non
940 1829 1024 1887 stare
1058 1829 1088 1888 et
1121 1831 1254 1888 mortem
1289 1805 1433 1908 quandam

251 1953 275 1990 re
301 1939 419 1994 naturae
441 1929 586 1994 incolumi
608 1927 784 2009 imperare?
828 1945 922 2010 quam
948 1926 1118 1992 dedecorus
1141 1935 1243 1992 autern
1275 1934 1323 1994 eet
1344 1928 1435 1994 iuren-

302 2032 380 2097 tium
417 2040 529 2107 motus,
568 2031 750 2098 temeritatis
787 2031 929 2114 impetus,
968 2030 1109 2096 odiorum
1145 2031 1297 2111 stimulus,
1340 2030 1434 2098 liuoris

300 2136 462 2202 anxietas?
497 2143 612 2220 quanta
634 2155 710 2218 ergo
733 2134 923 2216 perturbatio
947 2154 1052 2199 eorum
1068 2141 1123 2214 est
1147 2143 1264 2219 quanta
1278 2134 1434 2212 calamitas,

301 2241 354 2325 qui
376 2261 469 2322 supra
491 2241 671 2305 memoratis
695 2239 784 2303 malis
807 2239 961 2304 seruiunt!

345 2345 374 2409 6.
397 2345 513 2410 Verum
535 2345 562 2408 ei
585 2343 709 2427 cognita
730 2342 893 2424 sapientiae
916 2342 1054 2406 doctrina
1088 2353 1119 2407 et
1148 2343 1199 2407 dei
1228 2343 1435 2424 predicatione

248 2469 273 2506 a
301 2457 333 2514 et
354 2448 538 2514 remissione
561 2447 774 2512 uniuersorum
806 2452 1005 2526 peccatorum
1029 2459 1059 2510 et
1081 2447 1307 2512 resurrectione
1338 2465 1435 2527 eorpo-

299 2573 365 2616 mm
399 2558 430 2617 et
460 2552 640 2617 aternitatis
674 2551 828 2616 consortio
862 2556 893 2614 et
927 2569 1024 2634 regno
1059 2549 1173 2615 caelesti
1196 2569 1215 2614 a
1238 2551 1436 2616 dominatibus

300 2657 511 2737 superioribus
534 2657 573 2720 de
595 2656 725 2721 auaritia
747 2657 787 2720 ed
810 2655 1057 2720 munificentiam
1079 2663 1284 2732 transeamus
1315 2657 1354 2720 de
1374 2653 1436 2719 libi·

301 2761 424 2826 dinibus
458 2761 497 2824 ad
531 2760 751 2825 continentiam
788 2759 970 2843 migremus,
1006 2759 1044 2823 de
1079 2758 1229 2824 obmetate
1262 2760 1303 2824 ed
1332 2756 1437 2824 ieiunia

299 2872 498 2943 reuertamur,
521 2867 561 2931 de
584 2865 695 2942 surore,
718 2864 900 2940 temeritate,
924 2863 1001 2942 odio,
1025 2860 1123 2927 liuore
1138 2865 1178 2928 ad
1194 2861 1436 2943 placabilitatem,

248 2996 273 3034 a
299 2971 458 3047 rationem,
482 2969 735 3043 misericordiam,
759 2967 985 3051 benignitatem
1009 2964 1168 3032 euclemus
1192 2967 1349 3032 discentes
1376 2967 1436 3030 haee

300 3073 404 3137 omnia
426 3073 546 3157 alege,
577 3071 748 3155 prophetie,
781 3070 960 3154 euangeliis,
992 3070 1138 3152 apostolis
1169 3077 1200 3136 et
1223 3077 1383 3137 cantantes
1403 3089 1437 3135 ex

343 3222 442 3291 lquia
460 3228 489 3275 et
509 3223 564 3274 GV
589 3221 654 3289 quie
681 3221 707 3274 ei
734 3219 771 3286 (ei
790 3222 806 3273 i.
826 3237 878 3272 rar.
897 3237 929 3272 m.
948 3216 978 3285 3)
1007 3220 1033 3272 rt
1060 3219 1126 3286 quia
1153 3219 1179 3271 P
1202 3219 1240 3286 cs.
1257 3221 1340 3274 Acori.
1360 3237 1388 3289 p.
1405 3215 1436 3270 67

298 3311 401 3363 aduero
432 3309 488 3363 GV
536 3310 708 3362 binmemor
734 3311 777 3360 eet
798 3306 877 3360 GVR
904 3306 1051 3359 immemor
1078 3305 1105 3358 P
1155 3304 1284 3376 dlugulll
1302 3307 1329 3359 P
1378 3303 1438 3358 reli·

297 3398 410 3465 gionem
436 3413 467 3449 er
492 3395 676 3464 regligionem
701 3411 767 3447 corr.
796 3411 828 3446 m.
859 3392 876 3444 1
909 3392 934 3446 V
957 3393 1099 3460 regionem
1129 3393 1154 3444 G
1226 3393 1363 3446 'laduero
1395 3389 1437 3444 VR
1527 3449 1528 3464 χ

297 3484 441 3538 uolutatur
467 3501 497 3536 ee
523 3482 686 3536 uoluntatur
712 3499 780 3534 corr.
807 3498 839 3532 m.
865 3477 885 3531 2
909 3479 934 3530 V
984 3483 1018 3534 10
1035 3477 1125 3547 adque
1144 3496 1174 3532 ex
1191 3479 1299 3548 adquae
1318 3499 1350 3533 m.
1374 3476 1394 3530 2
1418 3474 1440 3529 t·
1527 3467 1528 3478 ¹

297 3571 369 3639 legis
393 3570 418 3622 V
468 3572 500 3624 ll
520 3569 593 3637 quod
612 3568 693 3622 timet
707 3567 755 3621 VR
773 3573 801 3620 et
820 3567 894 3634 quod
912 3565 1032 3620 timetP
1085 3567 1117 3618 13
1135 3564 1437 3620 officium-inuidere

297 3675 346 3710 om.
364 3657 418 3710 ΒΡ
433 3653 478 3721 (V
492 3673 523 3709 ec
538 3656 652 3726 praebet,
671 3656 703 3708 de
722 3655 748 3706 G
765 3656 788 3706 lr.
809 3655 825 3706 l.
843 3671 894 3706 non
912 3653 1023 3717 certator)
1078 3653 1112 3705 14
1130 3657 1159 3706 et
1177 3670 1225 3705 om.
1239 3653 1266 3706 P
1316 3655 1350 3706 15
1367 3651 1437 3704 inco·

297 3744 364 3799 lomi
383 3745 436 3797 ΒΡ
486 3743 637 3797 dedecorue
660 3741 695 3794 V¹
712 3741 897 3794 dedecorosus
920 3737 1036 3794 V²RPE
1088 3740 1120 3793 16
1139 3739 1236 3793 liboris
1260 3739 1286 3794 V
1335 3742 1369 3794 18
1385 3753 1438 3790 rer·

297 3833 375 3885 uiant
390 3830 448 3884 VP¹
494 3832 527 3884 19
540 3828 818 3897 etdepreedicatione
833 3827 858 3879 P
899 3829 935 3882 20
944 3827 1138 3880 uniuersorum
1148 3831 1326 3894 peccatorum
1335 3825 1438 3895 xripfl't
1527 3871 1528 3874 ,

297 3919 491 3971 uniuersorum
509 3932 588 3969 orum
607 3919 785 3985 peccatorum
804 3912 839 3968 V¹
856 3912 1051 3967 uniuersorum
1069 3913 1169 3967 borum
1187 3919 1365 3981 peccatorum
1382 3905 1438 3964 V'R
1527 3893 1528 3916 ¹

297 4010 475 4073 peccatorum
493 4003 520 4056 P
569 4005 601 4056 21
623 4002 736 4056 caelesti
763 4019 794 4055 ea
817 4001 979 4054 caelestium
997 4017 1064 4054 corr.
1082 4017 1116 4053 m.
1136 3999 1156 4051 2
1180 3999 1205 4052 V
1254 3997 1437 4053 dominatibus
1527 3989 1528 4056 l

297 4091 337 4143 Re
356 4089 403 4154 (cf.
417 4091 498 4143 Aeod.
512 4108 541 4159 p.
559 4088 610 4153 40)
634 4087 822 4142 dominatibus
838 4087 900 4139 VPb
961 4089 996 4140 ‘22
1014 4083 1436 4140 transeamus-nominandam
1527 4133 1528 4154 ,

297 4195 346 4230 om.
371 4177 396 4229 V
445 4176 609 4230 libidinibus
636 4193 666 4229 a
692 4175 825 4230 libinibus
852 4173 879 4225 P
929 4175 963 4227 26
981 4173 1098 4242 profetis
1122 4172 1147 4225 V
1171 4177 1201 4226 et
1223 4170 1367 4240 prophetia
1390 4166 1438 4222 ΗΡ
1527 4169 1528 4234 j

298 4263 468 4330 euuangeliis
494 4262 518 4314 V
568 4262 700 4329 apostolis
724 4261 800 4314 VBP
816 4267 844 4313 et
862 4260 993 4327 apost-olis
1013 4261 1045 4312 E.
