3075 4967
387 303 565 352 tractatus
583 298 618 351 in
637 296 987 366 psalmum·CXXXVlI.
1198 295 1260 361 739

117 489 219 574 legem
236 491 311 556 deus
327 487 489 554 Abraham
505 495 536 554 et
558 489 634 553 deus
654 487 742 554 Isaac
765 497 798 553 et
820 490 895 554 deus
913 488 1008 554 Iacob
1032 488 1080 566 sit
1104 496 1136 554 et
1151 509 1261 555 secun·

117 595 190 658 dum
214 593 377 678 euangelia
399 592 550 678 unigeniti
574 593 623 657 dei
645 597 734 673 pater
756 599 812 657 est.

158 697 188 762 8.
216 698 374 781 Extinguit
411 717 534 781 quoquc
574 695 756 762 insolentem
795 717 901 762 eorum
934 697 1168 778 professionem,
1206 701 1260 782 qui

118 801 263 866 humanae
293 807 409 866 naturas
433 807 464 866 et
494 799 681 865 infirmitatis
709 801 900 866 inmemores
931 807 962 866 et
991 801 1258 868 inmisericordem

115 907 205 971 deum
239 906 443 986 praedicantes
473 906 611 985 peccatis
644 905 858 986 paenitentiam
887 906 1012 972 neniam
1046 913 1077 971 et
1111 906 1257 972 solacium
1300 932 1312 968 a

115 1031 174 1074 non
211 1011 403 1093 relinquunt:
439 1029 509 1074 cum
543 1008 583 1073 ad
616 1009 837 1090 paenitentiam,
871 1029 928 1090 per
961 1029 1056 1093 quam
1079 1031 1099 1074 a
1124 1011 1259 1091 peccetis

115 1116 284 1190 desistitur,
298 1113 437 1178 doctrina
448 1112 538 1197 legis,
550 1112 780 1194 prophetarum,
795 1113 1035 1198 euangehomm,
1053 1115 1260 1195 apostolomm

115 1241 175 1292 cos,
193 1220 245 1303 qni
261 1218 464 1300 peccauerint,
488 1216 677 1294 adhortetur,
702 1223 735 1282 ut
750 1217 922 1299 desperatae
943 1219 1007 1284 iam
1030 1219 1096 1301 spei
1119 1218 1259 1303 aliquan·

115 1323 209 1390 tolum
234 1344 290 1404 per
313 1342 382 1388 earn
416 1321 521 1386 solacii
555 1327 747 1403 conparetur,
781 1328 816 1386 nt
849 1322 973 1388 arnissis
1006 1322 1079 1388 licet
1107 1323 1207 1388 beatis
1230 1335 1261 1389 et

114 1429 258 1493 maximis
292 1433 322 1492 et
352 1429 410 1492 deo
443 1425 590 1507 proximis
624 1445 663 1490 ne
698 1425 746 1492 bis
781 1425 901 1505 saltem,
936 1447 1004 1510 quae
1039 1425 1151 1492 talibus
1185 1436 1257 1492 suot
1285 1452 1310 1488 lo

113 1532 259 1606 secunda,
283 1551 452 1596 careamus.

153 1635 183 1699 9.
207 1634 298 1700 Tollit
320 1637 413 1700 etiam
438 1633 651 1699 stultissimam
675 1654 781 1698 eorum
804 1634 1018 1710 temeritatem,
1042 1635 1094 1717 qui
1110 1634 1255 1700 fmstrato

112 1739 251 1823 salsoque
275 1758 401 1819 comere
425 1739 585 1803 dominum
609 1739 640 1802 in
664 1756 757 1803 carne
778 1738 879 1804 uisum
903 1758 973 1803 esse
996 1739 1193 1817 contendunt,
1223 1747 1256 1804 ut

112 1863 181 1908 oum
207 1851 294 1923 pater
316 1843 466 1907 ementita
488 1843 617 1906 ueritate
640 1842 671 1905 in
696 1841 803 1907 babitu
826 1841 911 1906 falsae
942 1843 1044 1907 carnis
1077 1844 1255 1922 ostenderit,

111 1968 173 2012 non
197 1947 396 2012 recordantes
420 1951 490 2029 post
513 1947 769 2011 resurrectionem
793 1945 928 2027 corporis
944 1945 1085 2026 spirltum
1102 1967 1135 2011 se
1151 1948 1258 2013 uidere
1285 1970 1310 2006 ra

112 2051 312 2116 credentibus
335 2051 479 2132 apostolis
504 2050 620 2114 dictum
644 2071 727 2116 esse:
759 2050 855 2134 quid
886 2051 1122 2114 conturbati
1146 2052 1256 2116 estis.

112 2161 149 2220 et
174 2175 258 2238 quae
281 2156 560 2239 cogitationes
583 2156 861 2220 ascenderunt
884 2155 921 2218 in
947 2155 1068 2220 corde
1091 2154 1257 2220 uestro?

110 2259 1257 2344 uidetemanusmeasetpedesmeosquoniamipseego

110 2383 211 2429 snm:
244 2362 407 2445 palpate
431 2375 469 2428 et
491 2365 646 2442 uidete,
682 2363 870 2447 quoniam
894 2363 1071 2445 spiritus
1095 2383 1254 2429 carnem

110 2475 148 2533 et
187 2489 279 2534 ossa
315 2487 390 2533 non
430 2467 560 2544 habet,
600 2469 705 2532 sicut
743 2487 800 2531 me
837 2467 991 2532 uidetis
1026 2466 1253 2532 habentem.
1282 2487 1308 2526 ao

110 2572 148 2636 ab
188 2571 299 2637 horum
336 2573 431 2657 igitur
469 2572 662 2638 confessione
700 2571 927 2636 consessionem
971 2590 1059 2636 suam
1105 2571 1256 2652 propheta

109 2677 261 2742 discernit
283 2665 427 2758 perlectae
449 2676 522 2741 fidei
546 2678 685 2742 ordinem
708 2682 830 2752 taneos,
860 2695 930 2740 cum
953 2676 985 2740 in
1008 2677 1133 2742 nomine
1163 2677 1254 2741 deum

110 2779 248 2845 Abrahae
272 2787 302 2846 et
325 2782 417 2846 deum
440 2781 529 2845 Isaac
560 2785 590 2844 et
619 2781 712 2845 deum
743 2779 846 2855 laceb,
881 2800 950 2845 cum
982 2780 1012 2844 in
1044 2781 1256 2845 misericordia

109 2885 322 2964 poenitentium
347 2885 589 2962 misericordem,
617 2904 688 2949 cum
710 2885 741 2948 in
766 2885 895 2950 ueritate
918 2885 1056 2962 uerbum,
1080 2886 1161 2967 quod
1185 2905 1256 2950 caro

109 2989 227 3054 sactum
250 2990 298 3066 sit,
322 2989 492 3054 confitetur.
1283 3007 1309 3045 2⁶

153 3093 204 3160 10.
231 3091 330 3159 Causa
342 3095 435 3159 etiam
448 3093 652 3159 confessionis
663 3093 737 3160 hinc
749 3094 896 3158 sumitur:
914 3094 1101 3176 quoniam
1116 3095 1255 3178 magni·

108 3197 254 3263 sicasti
280 3199 554 3280 superomnia
583 3219 724 3264 nomen
749 3204 933 3263 sanctum
957 3206 1073 3262 tuum.
1120 3219 1180 3262 aon
1203 3199 1255 3262 uni

160 3313 191 3365 ra
209 3312 277 3366 nuo.
295 3311 393 3379 xxrtr,
413 3315 447 3366 aa
465 3329 504 3380 sq.

155 3407 320 3462 lebraham
343 3408 504 3462 Gabrahae
523 3409 576 3461 ΒΡ
591 3409 691 3461 abraae
710 3409 735 3460 T
787 3413 816 3461 et
842 3408 877 3461 ds
903 3407 976 3460 isaac
1004 3404 1073 3472 (isac
1102 3409 1136 3472 G)
1164 3413 1192 3460 et
1221 3407 1255 3460 ds

111 3494 191 3548 iacob
221 3495 298 3546 sPT
324 3495 391 3548 deus
418 3495 491 3548 issac
518 3495 585 3548 deus
612 3495 691 3548 iacob
719 3495 744 3547 R
797 3498 814 3548 6
840 3495 981 3562 relinq.nt
1008 3495 1034 3542 (ι’
1061 3492 1203 3562 relinqunt
1229 3495 1255 3546 R

108 3583 126 3633 8
153 3581 309 3649 disparatae
338 3582 364 3633 P
413 3583 430 3634 9
457 3599 507 3650 per
535 3599 567 3634 ea
585 3583 611 3634 P
662 3585 695 3636 10
716 3589 744 3634 et
762 3581 815 3634 deo
832 3580 967 3650 proximis
985 3598 1033 3634 om.
1053 3581 1103 3633 PT
1155 3580 1254 3634 saltem

114 3669 150 3719 Te
182 3669 275 3722 statim
307 3669 375 3720 Rl’a
404 3667 508 3732 (statim
538 3687 568 3721 er
597 3669 689 3722 saltim
721 3679 806 3720 ortum
834 3670 945 3732 uidetur,
975 3668 1010 3736 cs.
1039 3669 1120 3720 Accd.
1147 3687 1176 3738 p.
1210 3666 1254 3734 19)

111 3757 145 3807 14
163 3755 323 3809 ostenderet
341 3755 367 3808 P
420 3759 451 3808 17
468 3755 497 3808 in
522 3756 606 3809 corde
631 3763 725 3810 uestro
744 3757 771 3808 R
798 3754 847 3824 (cf.
866 3766 925 3808 tert.
940 3773 1025 3824 praec.
1045 3756 1070 3805 tv
1086 3761 1121 3827 τῇ
1140 3753 1253 3823 καρδίᾳ)

109 3840 139 3893 in
159 3841 243 3894 corda
260 3848 354 3896 uestra
373 3843 452 3894 ΡΤΕ
505 3843 537 3896 18
555 3860 652 3896 manus
679 3859 754 3896 meas
782 3848 810 3896 et
837 3842 920 3910 pedes
947 3859 1022 3895 meos
1040 3843 1080 3894 m
1103 3845 1132 3893 et
1154 3859 1253 3894 manus

107 3945 186 3981 meas
213 3933 240 3981 et
267 3928 351 3997 pedes
380 3929 429 3980 ΡΤ
480 3931 515 3982 20
532 3928 679 3982 habentem
708 3930 757 3981 ΡΤ
780 3929 882 3982 habere
907 3930 932 3981 R
983 3931 1019 3982 24
1035 3929 1153 3982 uerbum
1180 3927 1253 3994 quod

108 4031 176 4068 caro
195 4015 297 4069 lactum
310 4015 347 4068 ait
361 4014 509 4068 confitetur
521 4016 656 4084 (quuod
674 4016 791 4069 uerbum
810 4031 874 4068 caro
892 4015 996 4068 lactum
1015 4015 1051 4068 sit
1069 4012 1217 4067 confitetur
1230 4015 1255 4066 T

110 4101 229 4154 uerbum
248 4119 311 4155 caro
330 4102 433 4155 fectum
453 4103 489 4154 sit
508 4101 656 4156 confitetur
674 4103 747 4170 quod
767 4103 793 4154 P
843 4104 877 4155 27
895 4119 949 4155 non
974 4103 1022 4154 uni
1048 4106 1157 4154 tantum
1175 4101 1253 4169 genti

110 4207 141 4242 ez
159 4203 215 4240 non
233 4189 280 4242 uni
299 4195 407 4242 tantum
426 4189 564 4257 unigeniti
582 4191 608 4242 ll
625 4205 680 4242 non
698 4194 809 4243 tautum
827 4189 965 4258 unigeniti
978 4188 1039 4240 ΤΡι
1058 4186 1124 4253 (non
1142 4193 1252 4242 tantum

106 4275 254 4344 unigenito
273 4273 327 4339 1³¹).

1040 4381 1094 4433 47*
