3075 4967
437 294 617 344 trsotslue
635 291 671 344 in
688 291 860 360 psalmum
877 291 923 344 Li.
1186 285 1249 354 113

126 480 176 558 bis,
196 499 259 563 qun
281 481 362 565 gerit
384 489 415 545 et
436 488 585 562 eupsetet
607 499 663 545 sus
685 480 789 585 magis
810 477 889 546 nolle
912 479 1068 546 oonlidere
1090 485 1249 562 potestate,

126 603 194 661 oum,
213 585 239 650 si
260 584 334 668 quid
357 583 431 650 illud
455 583 615 664 inussit
638 605 677 650 ex
699 585 757 649 deo
781 584 830 650 sit.
873 586 914 650 ud
937 585 1032 650 doum
1054 583 1157 669 itoque
1179 603 1251 667 epos

125 688 211 752 omnis
231 693 336 753 nostru
358 689 400 752 sit
422 693 453 753 et
475 688 629 754 confessio
659 689 761 754 omnis
789 689 822 752 iu
853 688 912 755 deo
941 689 982 754 sit
1009 687 1153 770 exemplo
1180 707 1251 771 pro·

124 789 214 876 pbetu
235 791 381 858 diosmis:
404 793 575 871 domine,
609 793 772 858 adiutor
804 811 915 857 meus
949 797 988 857 et
1016 792 1252 874 redemptor

125 915 218 961 mous
239 901 423 961 etrursum:
447 896 579 962 lenoni
603 883 744 962 oeulo's
767 915 875 962 meos
897 896 936 962 in
959 903 1125 976 montes,
1147 899 1252 963 unde
1291 926 1303 962 e

124 1000 246 1065 ueniet
267 999 520 1065 adiutorium
544 1001 651 1066 mibi.
675 999 872 1066 auxilium
895 1020 1019 1066 meum
1041 1021 1060 1066 e
1081 1001 1251 1077 domino,

124 1105 180 1186 qui
210 1104 309 1170 ieoit
342 1103 480 1170 eaelum
514 1109 552 1170 et
582 1110 742 1170 terrum.
787 1112 962 1171 metuamus
991 1105 1097 1189 itsque
1118 1123 1251 1188 semper,

124 1209 292 1291 sequendo
326 1227 383 1273 nos
415 1216 551 1274 aeternus
585 1207 635 1274 ille
670 1209 753 1291 ignis
787 1217 857 1273 uret
878 1216 909 1274 et
929 1209 1047 1274 neumis
1080 1207 1253 1275 inmortalis

124 1309 257 1389 absumet
288 1331 360 1378 oum
382 1312 545 1379 audiemus
568 1312 642 1396 quid
665 1313 736 1378 insti
753 1314 898 1378 timentes
912 1313 1113 1397 ridentesque
1129 1313 1251 1379 disent:

123 1433 203 1481 eoos
225 1414 347 1495 bomo,
382 1417 449 1501 qui
483 1435 557 1481 non
582 1417 721 1498 posuit
743 1419 859 1482 deum
881 1418 1110 1483 adiutorem
1133 1435 1252 1493 enum,
1279 1447 1304 1483 ιο

124 1519 182 1583 sed
203 1520 386 1600 epereuit
407 1520 446 1584 in
470 1519 740 1586 multitudiue
763 1518 1003 1586 diuitiarum
1025 1537 1195 1586 suorum.

161 1623 207 1688 21.
228 1623 346 1690 Diuites
380 1626 533 1709 quosdam
566 1623 735 1690 insolentes
773 1643 842 1690 esse
865 1630 990 1707 prestet
1026 1624 1190 1708 opulentis,
1223 1631 1254 1690 et

127 1727 246 1793 maxime
268 1729 415 1794 timorem
438 1728 487 1794 dei
517 1728 694 1794 diuitiarum
724 1729 839 1794 fiducia
866 1729 968 1794 innuis
997 1728 1127 1794 euertit:
1158 1728 1253 1808 stulti,

125 1848 177 1895 non
197 1830 410 1917 intellegentes
432 1830 494 1898 boo
515 1851 551 1897 se
571 1833 674 1917 magis
696 1831 861 1917 religiosos
889 1840 1031 1915 oportere
1060 1851 1137 1912 esse,
1171 1832 1253 1916 quod

108 1934 221 2000 'linitus
251 1943 330 2013 sunt,
353 1937 427 2020 quie
449 1936 583 2021 mulium
605 1937 722 2002 reterre
744 1934 882 2021 largitori
905 1938 1057 2003 bonomm
1090 1935 1149 2001 sibi
1172 1937 1254 2002 deei-
1281 1967 1306 2003 u

125 2035 293 2105 durabilium
316 2040 488 2118 conueniet
525 2049 555 2105 et
584 2039 644 2105 hoo
674 2041 774 2124 mogis
808 2040 1029 2106 inexousobilis
1050 2041 1092 2105 sit
1113 2038 1254 2106 uueritiae

127 2151 224 2222 renue,
246 2144 319 2227 quio
342 2143 478 2208 euentiae
501 2145 718 2210 necessitatem
741 2163 804 2210 nou
826 2151 952 2210 excuset
981 2143 1146 2226 opulentis.
1190 2144 1254 2209 iem

125 2265 187 2310 uero
217 2267 308 2331 quom
342 2245 451 2313 infelix
483 2247 598 2314 fiducie
632 2255 679 2314 est
710 2248 755 2314 rei
790 2248 907 2313 inanis:
938 2249 1033 2315 doum
1054 2255 1254 2314 contemnere

125 2348 254 2416 meeum
287 2371 406 2428 aurum,
442 2351 530 2434 qussi
564 2371 674 2416 eurum
707 2372 769 2417 nou
800 2373 837 2417 ex
867 2352 916 2417 dei
946 2353 987 2417 sit
1007 2353 1167 2430 creaturis,
1201 2358 1254 2417 eut

124 2451 223 2538 uliquis
243 2475 300 2539 per
321 2455 354 2520 id
376 2455 492 2522 iudioio
514 2475 599 2521 sunae
621 2457 735 2521 mentis
759 2456 858 2521 beotae
880 2458 953 2522 uite
975 2457 1120 2540 adquiret
1134 2455 1254 2538 proteo·
1281 2485 1306 2526 eo

126 2563 188 2636 tum,
208 2561 291 2642 quod
313 2558 374 2624 sibi
398 2577 509 2625 uorum
531 2559 630 2625 iuoeet
651 2558 829 2638 suffossum,
853 2566 883 2625 et
905 2559 979 2626 hino
1000 2560 1056 2626 liet
1078 2580 1139 2626 non
1160 2579 1253 2644 gene·

126 2660 189 2726 ralis
208 2664 319 2729 suimus
342 2673 373 2730 et
395 2663 533 2748 oorpon’s
555 2661 650 2729 homo
672 2663 814 2748 aliusque
836 2661 933 2746 poenit
947 2669 1033 2740 sees
1048 2683 1143 2748 quum
1166 2670 1255 2730 nutue

127 2771 173 2843 oet,
193 2777 241 2831 out
262 2786 334 2834 oum
358 2768 422 2832 uitu
444 2767 580 2845 excedet
604 2787 679 2833 euro
701 2787 756 2833 suo
781 2769 823 2832 sit
844 2787 955 2833 usurus
970 2769 1131 2834 inmortel
1152 2776 1256 2833 utetur

127 2866 214 2950 plene,
236 2871 262 2936 si
285 2891 321 2936 eo
344 2877 429 2936 route
451 2876 555 2936 utebnr
576 2871 607 2936 iu
631 2872 702 2948 uite,
725 2871 752 2937 si
768 2873 1051 2956 esurientempune
1065 2891 1122 2937 suo
1137 2871 1255 2950 eluerit

126 2972 149 3036 si
168 2975 280 3040 nudum
302 2988 391 3041 ueste
414 2975 609 3054 subtexerit,
639 2985 691 3040 eut
719 2995 839 3060 aegrum
872 2984 998 3059 sumptu
1020 2996 1075 3042 suo
1097 2976 1254 3052 relouerit
1282 3007 1307 3044 n

163 3127 235 3187 un.
252 3131 352 3201 xvm,
372 3131 414 3188 uu.
449 3131 527 3186 sm.
547 3131 627 3201 oxus,
647 3135 662 3187 1
681 3150 721 3201 sq.

166 3323 246 3392 lpout
268 3323 344 3392 gerit
368 3318 406 3370 P'
422 3339 493 3394 supr.
520 3340 569 3376 eor.
589 3268 627 3392 qb
681 3327 811 3392 expeutet
835 3341 865 3376 a
887 3328 1000 3391 expetet
1017 3341 1050 3377 m.
1069 3324 1087 3376 1
1105 3323 1131 3376 R
1183 3321 1256 3377 uelle

127 3421 190 3476 supr.
205 3425 251 3463 eor.
263 3407 299 3458 P'
317 3409 388 3463 uelit
406 3407 444 3476 (el
462 3426 492 3463 α
509 3407 587 3476 corr.)
605 3410 631 3462 R
648 3408 718 3464 uelit
733 3409 818 3464 VP'T
867 3411 885 3463 b
903 3409 933 3464 iu
951 3409 1036 3464 dmR
1087 3409 1259 3464 OexuretE

127 3493 219 3546 numi·
242 3514 272 3550 a
290 3495 387 3550 uernis
411 3493 484 3550 nn?
508 3496 531 3548 V
580 3496 743 3550 bodsumut
767 3497 792 3550 V
841 3495 910 3564 quid
933 3513 981 3549 om.
1006 3497 1031 3550 V
1079 3496 1210 3550 timentes
1227 3515 1257 3550 a

127 3577 322 3637 bimentm.2V
356 3581 644 3638 llinmultitudiuem
657 3582 992 3654 Vsed.cs.supr.p.111,4
1029 3583 1258 3637 llleeseomJ‘Te

128 3667 254 3733 opolentia
276 3669 302 3722 V
353 3670 387 3723 14
405 3667 549 3740 religiosos
568 3666 595 3735 (o
613 3671 641 3723 in
658 3667 722 3736 ros.)
741 3670 768 3724 R
820 3679 880 3723 onte
902 3669 977 3738 quod
993 3687 1066 3742 supr.
1084 3687 1133 3722 scr.
1156 3673 1257 3738 putent

128 3768 156 3805 m
166 3750 220 3806 3s
271 3757 303 3810 15
314 3753 592 3810 bonorfinbusnorfu
600 3774 634 3811 m.
647 3757 665 3809 1
680 3756 705 3810 V
756 3758 790 3810 16
805 3761 834 3811 et
842 3755 878 3810 ob
889 3755 944 3810 boo
952 3754 999 3822 (ob
1008 3774 1080 3828 supr.
1088 3773 1139 3810 eor.
1147 3773 1180 3810 m.
1191 3753 1221 3823 2)
1235 3753 1260 3804 P

129 3837 311 3897 inexcusabilis
329 3860 361 3896 a
377 3841 566 3897 inexoussbile
585 3840 610 3891 P
624 3842 822 3898 inexousebilie
840 3861 871 3896 a
893 3843 1069 3898 inexoueebie
1092 3842 1118 3896 V
1166 3843 1257 3897 uuum·

129 3924 178 3980 tite
202 3927 235 3982 eit
257 3929 286 3982 E
338 3929 373 3983 1⁸
390 3929 558 3998 ooutbpnere
576 3929 602 3982 R
653 3932 689 3984 20
706 3929 808 3998 eliquit
833 3931 927 4001 scripu*
951 3928 1058 3998 aliquid
1084 3929 1111 3984 R
1136 3929 1257 3998 aliquem

135 4011 271 4086 VPI'Etf.
290 4017 354 4069 Aet.
373 4015 424 4078 IV,
442 4013 483 4069 62
536 4033 600 4070 seue
629 4013 654 4064 P
702 4017 859 4086 proiectum
882 4033 913 4070 a·
938 4017 1108 4085 preessetum
1135 4036 1168 4070 m.
1193 4015 1213 4069 2
1236 4017 1262 4070 V

129 4097 157 4151 il
175 4099 325 4156 eubioesum
348 4102 375 4155 R
426 4103 462 4156 22
485 4101 627 4171 uliuequue
645 4119 676 4157 eu
698 4102 825 4171 eliasque
848 4119 881 4155 m.
900 4099 921 4154 2
944 4103 969 4156 V
1016 4105 1052 4158 uu
1075 4103 1186 4157 exoidet
1209 4103 1260 4156 ΡΤ

131 4188 215 4240 utetur
230 4207 259 4242 a
274 4193 370 4244 ututur
388 4207 422 4242 m.
441 4189 458 4242 1
480 4187 504 4238 P
519 4195 615 4244 utetur
631 4189 656 4243 V
670 4189 784 4244 utiture
836 4190 871 4242 84
882 4189 1010 4243 inuitum
1025 4189 1047 4242 V
1099 4189 1209 4246 abuerit
1228 4208 1259 4243 a

126 4269 222 4327 uiuerit
243 4291 275 4328 n.
299 4276 316 4329 1
340 4275 365 4329 V
413 4275 569 4330 serenent
591 4275 620 4330 V.

122 4415 127 4424 .
176 4391 397 4437 nullumne
411 4395 496 4446 penu
1085 4381 1103 4434 8
