3075 4967
292 276 332 340 66
632 278 748 331 sanati
772 276 906 329 Hilarii
930 275 1092 345 episcopi

199 492 202 506 ·
290 466 458 551 fragmenti
482 466 569 531 istius
592 466 676 530 modi
700 466 849 531 danmum
872 464 1022 545 proficere
1036 466 1068 528 in
1084 465 1337 529 restaurationem
1354 464 1430 528 eius·

291 571 364 636 dam
386 570 468 634 uasis
491 570 635 634 ostendit.

334 673 384 738 39.
409 672 512 753 Qualis
535 679 638 738 autam
661 694 678 737 a
702 673 769 749 deo
783 674 953 738 secundum
972 692 1029 737 nas
1044 672 1131 757 figuli
1146 678 1252 737 nostra
1266 672 1430 737 confractio

290 780 340 856 sit
362 777 575 843 idemdocuit
598 798 651 857 par
666 777 859 843 Hieremiam
882 776 1075 860 prophetam,
1098 776 1221 842 dicens:
1252 796 1375 861 surge
1396 783 1431 840 et

252 884 494 948 edasoende
524 884 562 945 in
594 884 748 946 domum
787 881 924 965 figuli,
967 888 1006 946 et
1041 882 1098 946 ibi
1132 881 1274 946 audies
1308 882 1430 946 uerba

290 1006 383 1051 mea.
430 992 468 1050 et
502 985 700 1051 descendi
730 987 767 1050 in
802 987 959 1051 domum
988 984 1120 1068 figuli,
1151 992 1190 1049 et
1220 1005 1315 1051 ecce
1346 986 1432 1066 ipse

291 1090 472 1157 faciebat
495 1110 592 1171 opus
616 1109 737 1171 super
770 1090 939 1171 lapides.
984 1097 1022 1155 et
1044 1090 1198 1155 cecidit
1219 1109 1299 1165 uas,
1330 1089 1432 1171 quod

291 1194 474 1260 faciebat
495 1194 534 1259 iu
558 1193 743 1259 manibus
767 1196 872 1271 eius3
896 1199 934 1260 et
955 1196 1105 1259 iterum
1139 1194 1228 1274 ipse
1250 1192 1432 1258 faciebat

290 1318 359 1363 uas
396 1297 506 1362 aliud
545 1300 765 1364 seeundum
803 1299 907 1382 quod
944 1298 1102 1380 placuit
1139 1299 1176 1362 in
1211 1302 1432 1378 conspectu

239 1432 263 1469 ιο
291 1403 376 1468 eins
398 1409 439 1466 ut
461 1402 629 1467 faceret.
677 1410 715 1467 et
737 1402 891 1467 factum
923 1410 985 1468 est
1015 1403 1179 1468 uerbum
1211 1402 1366 1466 domiui
1388 1401 1434 1464 ad

290 1526 356 1585 me,
373 1507 531 1571 dicens:
552 1507 823 1571 siseeundum
847 1507 1021 1590 figulum
1046 1506 1150 1571 hune
1172 1527 1248 1571 non
1271 1525 1431 1589 possum

291 1612 429 1676 facere
451 1631 530 1689 uos,
555 1611 896 1677 domuslsrabel?
919 1632 1014 1676 eece
1037 1613 1146 1676 eleut
1167 1609 1434 1694 lutumfiguli

290 1716 756 1781 uosestisinmauibus
781 1717 951 1780 maisin
976 1716 1434 1799 summaloquarsuper

290 1825 452 1900 gentem
476 1826 543 1883 aut
565 1839 685 1900 super
707 1820 1099 1905 regnum,utferiam
1115 1840 1181 1885 eos
1198 1826 1236 1884 et
1252 1819 1433 1899 perdam:

251 1928 329 1989 aet
349 1924 382 1988 si
405 1942 604 1989 conuersa
628 1922 756 1989 fuerit
779 1943 878 2007 gens
901 1923 975 1989 illa
998 1946 1016 1988 a
1039 1924 1158 1989 malis
1188 1925 1283 1999 suis,
1317 1924 1433 2003 paeni-

292 2028 383 2093 tebo
418 2029 463 2092 de
498 2027 625 2105 malie,
649 2047 732 2111 quta
763 2028 997 2112 cogitabam
1029 2030 1166 2093 facere
1189 2025 1287 2091 illis.
1336 2028 1433 2093 etin

290 2150 440 2195 summa
473 2128 617 2214 loquar
640 2152 760 2212 super
783 2138 946 2215 gentem
968 2141 1006 2197 et
1029 2152 1205 2216 regnum,
1234 2137 1275 2195 ut
1296 2132 1435 2197 reaedi-

290 2235 413 2299 finem
436 2242 475 2299 et
498 2235 685 2315 plantem.
731 2235 946 2301 olfaciant
977 2236 1080 2301 mala
1109 2242 1201 2301 ante
1232 2256 1300 2312 ma,
1323 2243 1367 2300 ut·
1390 2255 1435 2300 ne

290 2340 460 2403 audiant
489 2358 625 2403 uocem
657 2359 798 2408 meam:
829 2346 867 2404 et
888 2342 1090 2421 paeuitebo
1122 2341 1168 2405 de
1201 2341 1329 2417 bonis,
1352 2360 1436 2424 quar

291 2442 450 2507 loeutus
473 2462 557 2507 sum
580 2442 719 2508 facere
741 2443 838 2508 illis.
884 2445 929 2508 sie
951 2446 1061 2525 petitas
1080 2444 1331 2529 atqueobtentas
1345 2444 1438 2509 here·

291 2546 394 2611 ditatis
429 2565 491 2610 saa
525 2552 635 2629 gentes
669 2548 744 2611 deus
774 2548 952 2633 confringet
982 2554 1012 2613 et
1042 2555 1189 2626 conteret,
1219 2554 1254 2612 nt
1275 2549 1437 2614 reformet.

290 2649 464 2731 confringet
486 2650 569 2714 euim
592 2651 623 2713 iu
647 2652 790 2717 omnibus
824 2672 934 2716 omues
967 2651 1167 2733 inexplebiles
1197 2652 1386 2735 cupiditates
1409 2659 1439 2716 et

290 2750 497 2818 inlecebrosas
520 2752 661 2819 lasciuiae
686 2760 716 2819 et
734 2755 890 2821 feruentes
912 2758 975 2821 iras
1007 2764 1038 2820 et
1063 2758 1170 2821 inanes
1202 2756 1439 2838 superstitiones

274 2862 321 2921 'et
355 2864 510 2922 tumentes
539 2858 636 2923 fastus
667 2865 698 2924 et
726 2860 838 2940 impias
868 2862 1036 2944 opiniones.
1080 2859 1229 2924 reformat
1251 2865 1358 2924 autem
1382 2879 1439 2923 nos

291 2962 330 3025 ad
352 2962 565 3027 rationabilem
588 2964 659 3027 uitae
688 2982 780 3028 nsum
810 2968 992 3045 contemptu
1014 2965 1161 3044 pecunia,
1191 2962 1278 3027 luxus
1307 2964 1439 3043 pudore,

290 3066 344 3129 ira
366 3066 583 3143 moderatione,
607 3068 672 3131 ueri
696 3069 833 3145 seientia,
867 3068 1082 3133 communione
1112 3068 1246 3143 uiuendi,
1275 3066 1440 3151 religionis

290 3167 411 3245 officiis,
434 3188 502 3233 cum
534 3190 589 3253 per
612 3172 758 3236 doetrinae
788 3173 929 3257 regImen
954 3177 1164 3255 terroremque
1185 3171 1291 3235 iudicii
1321 3171 1356 3235 in
1383 3170 1440 3235 bas

290 3272 419 3337 uirtutes
433 3278 503 3353 post
518 3274 593 3338 uitia
612 3273 664 3338 illa
680 3276 910 3341 remuescimus.
955 3296 1017 3340 uon
1039 3276 1124 3340 enim
1147 3276 1204 3340 ait:
1229 3280 1439 3357 tamquam

333 3376 489 3431 altiorem.
508 3378 607 3446 XVIII,
628 3381 642 3432 1
662 3396 721 3448 sqq.

336 3550 479 3604 Ifracmti
497 3552 522 3603 R
576 3509 655 3605 deliria
674 3554 699 3606 R
757 3554 943 3609 Ileremiam
968 3556 993 3609 V
1042 3560 1059 3610 6
1083 3543 1228 3609 descendit
1250 3554 1276 3607 V
1324 3556 1342 3607 8
1371 3554 1442 3609 facit

289 3654 338 3691 aas
365 3636 440 3690 aliud
468 3638 523 3690 RE
584 3640 616 3692 12
642 3640 759 3693 Istrahel
793 3642 819 3693 V
876 3658 941 3696 eece
965 3662 996 3695 ex
1019 3658 1067 3696 eoa
1093 3660 1127 3695 aa.
1155 3642 1223 3696 aV
1291 3643 1325 3697 la
1351 3658 1442 3711 supra

290 3724 697 3794 gantemV(sed.insrasupe1-l
752 3729 785 3781 15
802 3729 1112 3797 paenitebaoeerr.m.l
1128 3729 1153 3781 V
1197 3730 1231 3782 1o
1242 3728 1375 3796 cogitabo
1391 3728 1443 3784 VR

291 3811 324 3862 17
351 3810 450 3878 loquor
482 3811 507 3864 V
554 3810 730 3866 reaedificem
757 3831 788 3867 ca
814 3799 973 3870 reaedificet
999 3834 1032 3870 m.
1061 3815 1080 3869 2
1109 3816 1135 3870 V
1185 3818 1218 3869 18
1245 3820 1310 3869 aute
1335 3832 1385 3869 me
1411 3834 1442 3870 a

290 3898 557 3951 antemnarum?
579 3897 605 3952 V
654 3900 689 3955 20
714 3898 882 3955 hereditates
915 3903 941 3957 V
990 3906 1023 3957 al
1051 3902 1172 3957 oonterit
1198 3900 1277 3968 (terit
1301 3920 1361 3972 sap.
1393 3905 1440 3957 lin.

290 3980 434 4047 nm·2)V
482 3988 513 4038 ut
530 3986 747 4040 -enimonaV
805 3988 1178 4058 fflconfringeteniminlf
1197 3988 1441 4059 confringitoniuu

290 4068 434 4122 denainE
484 4071 683 4127 aeinlecebraa
701 4073 727 4127 V
775 4075 1094 4130 lasciuiasealaaoiuitas
1105 4076 1206 4130 nalV
1253 4078 1289 4131 ’24
1305 4076 1398 4131 fastus
1411 4097 1443 4132 aa

290 4170 375 4225 rata.
393 4174 420 4226 n
471 4176 505 4228 27
527 4150 667 4230 ‹roennn⁶
688 4196 756 4232 coe.
774 4196 808 4232 m.
827 4178 847 4232 2
869 4179 896 4233 v
944 4181 979 4233 as
1002 4196 1053 4248 per
1078 4179 1148 4234 uisa
1179 4179 1230 4233 rna
1257 4180 1285 4234 ν
1333 4181 1442 4235 muta-

290 4258 392 4312 snimus
412 4262 439 4313 E
455 4262 489 4331 cs.
509 4262 584 4315 Naae
602 4264 735 4319 Formenl.
754 4266 794 4335 ΙΙ,
812 4266 880 4320 505.
