3075 4967
391 303 570 352 tractatus
595 299 630 350 in
652 298 822 366 psalmum
846 297 966 352 CXXVI.
1184 295 1247 362 615

114 489 272 554 secundum
303 487 513 569 propheticam
545 495 576 552 et
606 487 816 570 euangelicam
840 494 870 552 et
893 485 1091 567 apostolicam
1116 487 1246 552 auetori-

114 600 198 657 tatem
222 612 274 658 eas
298 611 369 672 spes
393 599 502 657 omnes
524 591 742 672 praenuntiare,
775 591 804 654 iu
837 609 913 674 quas
943 609 977 654 se
1000 588 1247 670 patriarcharum

113 697 303 770 desiderium,
327 705 503 760 sauctomm
525 695 704 776 expectatio,
727 695 935 775 apostolomm
966 694 1054 771 fides,
1080 702 1248 778 martymm

112 801 254 865 confessio
289 807 319 865 et
352 799 490 864 omnium
524 799 715 864 credentium
749 818 856 862 cursus
891 798 1038 874 extendit,
1075 798 1106 860 id
1137 804 1184 863 est
1217 799 1249 862 in

111 913 210 969 sancta
231 910 378 984 tempora,
408 903 441 967 in
464 910 587 968 aeternae
611 902 741 967 ciuitatis
764 900 930 966 incolatum
954 908 1046 986 atque
1070 908 1193 980 cretum,
1217 903 1248 968 in
1276 929 1288 967 a

111 1009 191 1091 regui
229 1007 375 1072 dominici
414 1007 646 1081 beatitudinem,
691 1005 722 1068 in
760 1005 905 1086 spiritalis
944 1005 1098 1071 libertatis
1137 1027 1248 1071 nouem

110 1111 243 1194 gloriam,
274 1113 305 1176 iu
335 1112 525 1176 consortium
555 1110 667 1174 diuinae
701 1111 879 1174 aternitatis
903 1117 934 1174 et
957 1111 1054 1194 regni.
1102 1121 1194 1194 atque
1216 1117 1249 1175 ut

111 1217 138 1279 id
161 1215 329 1280 absolutius
351 1214 557 1299 intellegatur,
580 1215 664 1294 ipsas
687 1212 756 1278 illas
780 1214 943 1279 uerborum
967 1215 1248 1304 uirtutesvpreprie-

110 1332 244 1404 talesque
267 1327 441 1385 tractemus,

150 1442 176 1505 3.
212 1441 304 1507 Nisi
343 1442 527 1506 domiuus
564 1441 842 1506 aedit'icoucrit
880 1441 960 1506 sibi
999 1443 1171 1518 domum,
1210 1439 1247 1504 iu
1276 1465 1300 1502 lc

109 1566 244 1611 uanum
269 1546 571 1623 {coercuerunt
603 1547 669 1629 qui
699 1545 913 1610 aedificant
947 1564 1038 1610 eam.
1084 1544 1164 1609 nisi
1189 1545 1247 1608 do·

110 1647 1248 1733 minuscustodieritoiuitatem,inuanumuigilauerunt.

110 1755 172 1835 qui
195 1755 435 1819 custodiunt
465 1774 555 1818 eam.
601 1754 638 1817 in
670 1773 812 1817 uanum
844 1759 904 1818 est
935 1752 1248 1818 uobisdiluculo

108 1877 283 1941 surgere.
328 1858 436 1923 uoluut
465 1857 569 1938 plures
600 1857 795 1922 Salomonem
824 1857 1020 1922 testificationi
1051 1856 1185 1922 ciuitatis
1220 1863 1250 1922 et

108 1963 208 2042 tempii
233 1963 410 2027 studentem
433 1963 466 2025 in
489 1982 526 2025 eo
544 1962 611 2042 ipso
635 1960 802 2026 molitionis
822 1981 884 2024 sucu
901 1967 1038 2041 tempore
1055 1960 1247 2026 euersiouem
1277 1981 1302 2020 ιε

108 2065 237 2130 ciuitatis
260 2087 296 2131 ac
319 2065 433 2147 templi,
468 2067 551 2149 quod
574 2069 727 2131 conderet.
750 2065 962 2145 prophetasse.
994 2064 1065 2147 quia
1089 2071 1119 2130 et
1143 2063 1248 2128 titulus

108 2169 256 2234 antelatus
278 2178 432 2236 auctorem
457 2191 528 2235 eum
551 2169 662 2250 psalmi
687 2169 778 2233 huius
794 2191 863 2233 esse
880 2169 1079 2234 demonstret.
1125 2169 1248 2252 magnis

108 2273 184 2337 enim
217 2275 334 2338 uiribus
365 2284 397 2338 et
427 2278 497 2338 totis
528 2275 615 2357 regni
650 2274 696 2338 sui
720 2273 829 2356 opibus
853 2273 1054 2356 magnificum
1078 2271 1195 2355 aliquid
1218 2279 1249 2336 et

108 2377 315 2462 deodignum
339 2379 464 2444 efficere
487 2379 668 2458 temptabat.
714 2397 786 2442 uum
809 2379 848 2442 ad
873 2385 995 2442 centum
1025 2377 1249 2461 quinquaginta

108 2481 190 2546 milia
212 2483 359 2557 uirorum,
383 2484 460 2546 sicut
483 2484 631 2563 scriptum
655 2489 708 2557 est,
731 2483 763 2546 iu
788 2482 926 2547 diuersos
942 2479 1155 2546 aedificationis
1175 2499 1248 2546 usus
1276 2500 1301 2538 so

108 2605 141 2650 oo
163 2587 337 2651 ministeria
359 2587 594 2667 occupabantur.
640 2594 670 2650 et
693 2606 881 2670 quamquam
916 2587 1056 2651 instituta
1079 2605 1097 2648 a
1120 2605 1154 2650 ee
1177 2605 1249 2650 con-

108 2691 268 2754 suetudine
291 2690 436 2771 perfectis
459 2690 602 2754 omnibus
626 2691 760 2755 marimo
779 2690 922 2754 custodiae
946 2689 1079 2754 ciuitatis
1096 2695 1126 2753 et
1142 2687 1249 2769 templi

108 2793 277 2858 sollicitudo
301 2802 384 2859 esset
407 2794 593 2871 adhibenda
617 2802 730 2867 tamen,
757 2814 828 2858 cum
852 2815 912 2858 uon
936 2793 1094 2878 ignoraret
1124 2795 1247 2858 inanem

108 2898 180 2962 tanti
197 2898 310 2963 laboris
326 2899 532 2980 operationem
550 2899 690 2974 suturam,
713 2899 868 2963 ciuitatem
887 2900 1019 2962 eandem
1036 2918 1053 2961 a
1073 2896 1249 2982 Babyloniis

108 3002 143 3065 ob
166 3009 294 3082 peecata
329 3001 431 3083 populi
464 3002 658 3078 diruendam,
692 3005 751 3068 ista
782 3003 913 3067 dixisse:
949 3003 1029 3066 uisi
1062 3003 1248 3066 dominus
1276 3021 1302 3058 2⁵

108 3107 386 3172 tedit'icauerit
419 3107 499 3172 sibi
524 3109 687 3184 domum,
710 3107 748 3170 iu
773 3126 931 3170 cassum
956 3106 1250 3171 laborauerunt

149 3402 363 3469 dpronuntiare
382 3403 408 3454 R
467 3401 635 3454 dextandet
655 3401 680 3453 G
733 3403 796 3454 'let
823 3401 995 3455 aeternitatis
1027 3402 1074 3454 VR
1099 3402 1250 3455 elaeaenG

108 3487 382 3541 nidamenta
430 3491 464 3542 10
481 3487 743 3541 eiuiGVr’romu
791 3490 820 3541 ll
842 3488 1040 3542 lauoranerunt
1055 3488 1080 3540 V
1130 3491 1163 3544 12
1182 3488 1250 3542 uiui-

108 3582 162 3626 tem
178 3575 202 3627 V
253 3577 285 3629 13
304 3575 466 3629 custodiunt
483 3575 593 3628 ianuam
614 3576 639 3627 (ι’
692 3575 797 3628 (illaesa
818 3575 843 3627 (ι’
862 3575 990 3628 deluculo
1009 3575 1033 3627 V
1042 3580 1106 3628 ante
1124 3575 1250 3628 lucemR

109 3665 140 3713 14
157 3661 327 3714 solomonem
345 3664 370 3711 (ι’
388 3667 515 3714 canotum
533 3661 701 3715 salomonem
715 3661 898 3725 (solomonem
917 3662 951 3727 V)
970 3662 1070 3716 VRVP
1122 3660 1248 3716 aedifica·

107 3746 174 3800 tioni
194 3765 224 3800 er
242 3747 440 3802 aedificationis
459 3767 491 3802 m.
503 3747 523 3800 2
537 3749 563 3801 V
613 3751 645 3802 17
664 3766 723 3803 eece
743 3749 848 3802 GVPT
865 3766 912 3801 om.
932 3750 957 3802 ll
1011 3749 1213 3803 demonstraret
1230 3751 1252 3802 V

107 3833 234 3902 magieV
281 3837 313 3888 19
321 3833 445 3889 efficeret
459 3835 484 3888 V
527 3835 644 3890 ‘20sicut
658 3836 774 3889 Geicuti
787 3836 985 3889 RPTeceouti
998 3854 1064 3889 corr.
1082 3833 1116 3889 V¹
1163 3837 1249 3891 cerib-

108 3925 165 3973 tum
195 3922 250 3975 GV
308 3925 341 3975 21
362 3938 394 3975 ac
422 3940 452 3975 ex
479 3921 530 3975 hac
557 3923 583 3976 R
648 3938 815 3990 quamquam
844 3941 873 3976 ex
905 3939 987 3990 quam
1017 3941 1084 3976 corr.
1114 3941 1145 3976 aa
1177 3923 1196 3975 2
1228 3925 1253 3976 V

108 4007 141 4060 29
157 4007 298 4062 custodiae
315 4008 396 4062 GVR
413 4010 540 4063 custodia
557 4009 636 4062 PTE
686 4009 881 4063 aestatuum
910 4009 1072 4064 eandem-
1085 4010 1249 4064 diruendam

110 4093 146 4147 Re
167 4094 310 4148 ciuitatem
335 4095 432 4148 eadem
450 4095 640 4150 —diruenda
663 4093 721 4147 VP¹
740 4096 853 4149 ciuitate
872 4097 987 4150 eandem
1006 4124 1040 4134 -
1058 4096 1194 4150 diruenda
1211 4093 1249 4150 P'

110 4179 221 4235 ciuitate
229 4182 325 4236 eadem
332 4209 365 4219 -
373 4182 508 4236 diruenda
515 4183 555 4235 Tb
565 4182 605 4247 (in
614 4184 639 4232 (ι’
649 4186 680 4236 de
688 4185 726 4236 lis
736 4185 838 4236 uocibus
848 4203 898 4236 mm
909 4184 1019 4249 conciat)
1030 4183 1118 4252 ababy
1126 4197 1159 4227 -Ξ
1167 4183 1248 4237 lcniie

112 4265 136 4317 P
161 4267 291 4322 *sellonis
321 4270 346 4322 G
407 4271 441 4323 26
459 4269 512 4324 eibi
542 4269 646 4323 GVPT
663 4287 710 4322 cm.
730 4270 763 4322 R.
