3075 4967
602 346 797 400 Praelatio.
1212 346 1267 410 XV

119 547 241 614 nocent,
265 538 322 603 sod
339 538 413 619 ipseo
430 539 522 603 etiam
539 540 569 602 in
588 545 703 603 textum
727 543 859 618 receptae
883 538 1024 602 codicum
1042 536 1131 621 siglis
1154 536 1267 602 additis

117 648 310 707 notarentur.
355 643 407 707 nbi
431 642 458 703 V
480 643 510 706 in
537 643 603 707 eius
626 642 750 726 generis
781 641 999 725 farraginibus,
1029 648 1063 706 ut
1091 643 1133 706 ita
1157 642 1267 713 dicam.

118 766 220 827 panca
253 748 409 811 interdum
444 745 593 812 uocabula
616 744 739 811 soloen
763 746 845 810 ueris
869 746 1035 811 Hilarionis
1065 748 1208 824 seruauit,
1232 766 1270 812 ea

117 852 241 915 uncinis
266 850 384 915 inclusa
407 850 569 931 adscripsi.
615 850 697 933 quod
719 850 894 914 remedium
916 850 975 915 nisi
991 850 1021 913 iu
1037 850 1098 915 illis
1121 851 1269 931 pertibus,

117 974 192 1038 qum
214 976 251 1019 er
275 955 368 1021 rebus
392 954 539 1034 expositis
563 974 644 1019 nunc
668 954 811 1019 omnibus
836 961 915 1018 uotae
937 962 1016 1026 sunt,
1047 955 1269 1022 adhibuissem.

116 1065 213 1128 certe.
244 1080 305 1122 non
337 1059 439 1124 dicem
471 1059 691 1141 perspicuitati,
722 1061 778 1124 sed
802 1060 859 1139 ipsi
884 1060 975 1124 etium
1000 1060 1143 1124 breuitati
1166 1061 1269 1125 minus

116 1163 363 1241 consuluissem
387 1162 462 1247 quid
487 1163 571 1228 enim
593 1162 674 1228 aliud
691 1164 829 1229 restabat
851 1162 925 1227 illud
949 1165 1121 1228 remedium
1143 1165 1270 1229 euilonti

116 1288 214 1350 quam
250 1268 420 1332 sescenties
455 1267 566 1331 eadem
598 1268 694 1332 uerba
724 1274 866 1347 repetere
897 1266 1006 1333 ueluti:
1039 1268 1090 1350 „b
1114 1267 1132 1332 l.
1156 1268 1183 1332 G
1207 1269 1270 1352 legi

116 1391 180 1435 non
207 1372 325 1451 potest“
362 1371 412 1435 uel
449 1370 500 1454 ,h.
525 1370 544 1435 l.
571 1371 599 1431 V
623 1371 748 1436 mutilus
783 1378 831 1437 est
864 1379 957 1455 atque
986 1372 1207 1453 interpolatns“
1240 1380 1271 1436 et

115 1494 189 1557 quae
213 1476 278 1539 eins
301 1475 387 1540 modi
410 1480 482 1540 suat
504 1475 669 1555 slmilia?¹)
694 1475 807 1541 deinde
823 1496 893 1540 cum
912 1476 986 1540 mibi
1002 1477 1103 1557 prImo
1118 1477 1271 1542 sermonis

117 1577 271 1643 Hilariani
295 1580 508 1659 proprietates,
535 1599 585 1643 res
608 1579 856 1663 orthographica
879 1591 973 1663 atque
989 1580 1054 1645 eius
1070 1600 1093 1645 s.
1110 1581 1271 1665 scripturae

117 1684 391 1764 interpretationes
415 1704 453 1748 ex
475 1684 613 1767 antiquis
637 1684 794 1749 codicibus
816 1684 1025 1754 restitueudae.
1054 1693 1205 1765 praeterea
1228 1692 1272 1750 tot

118 1787 285 1852 sententiae
320 1790 504 1868 optimomm
541 1788 689 1852 librorum
725 1788 864 1869 apicibus
895 1788 1043 1854 adhibitis
1067 1790 1271 1855 emendandae

118 1896 226 1956 essent
249 1892 425 1975 sciremque
447 1910 507 1955 non
536 1890 708 1975 philologos
732 1892 814 1957 solos
837 1892 920 1958 huno
944 1893 1057 1957 librum
1079 1894 1168 1959 nouis
1191 1895 1273 1959 caris
1348 1901 1351 1904 ’

119 1996 240 2059 editum
265 1996 451 2069 desiderare,
477 1996 558 2060 baud
584 1997 772 2077 superfluum
796 2018 865 2062 esse
889 1999 992 2076 putaui
1017 2018 1070 2062 eas
1093 1996 1273 2081 similesque

119 2120 179 2173 res,
204 2119 272 2183 quae
296 2120 357 2164 nou
379 2101 545 2184 unicuique
580 2102 685 2166 statim
721 2101 896 2181 conspicuus
931 2107 1010 2178 sunt,
1044 2102 1193 2166 librorum
1223 2102 1273 2167 uel

118 2202 308 2279 libellorum,
342 2204 394 2269 ubi
418 2206 595 2269 accuratius
620 2217 690 2269 sunt
714 2205 884 2287 explicatae,
909 2206 1004 2271 titubo
1026 2206 1181 2271 adiunctis
1203 2226 1273 2271 con-

118 2307 279 2388 firmarit)
326 2308 460 2391 denique
497 2329 563 2373 cnm
597 2310 627 2373 in
663 2308 722 2375 hoc
756 2329 848 2389 opere
883 2310 1050 2379 interdum.
1084 2310 1137 2375 ubi
1171 2310 1273 2392 plures

119 2412 309 2491 optimorum
334 2412 474 2477 codicum
501 2420 553 2478 aut
579 2433 687 2478 omnes
710 2432 767 2478 nos
791 2414 962 2490 destituunt
989 2415 1038 2479 uel
1068 2416 1170 2479 manci
1193 2421 1274 2486 sunt,

120 2516 251 2599 quidam
275 2536 312 2581 ex
335 2517 381 2589 iis,
405 2516 458 2599 qui
483 2524 574 2581 octale
599 2518 759 2601 pretioque
783 2518 916 2598 proximi
940 2528 1019 2595 sunt,
1041 2518 1124 2583 uiam
1140 2521 1275 2602 quodam

16 2606 18 2631 l
121 2620 215 2684 modo
238 2625 414 2685 monstrare
432 2622 577 2699 debeant,
601 2622 704 2686 secere
727 2642 788 2685 non
811 2622 903 2702 potui.
927 2622 1001 2706 quin
1026 2628 1184 2687 eteorum
1208 2624 1275 2687 ubi·

122 2743 183 2806 que
216 2724 391 2807 imaginem
425 2725 635 2805 exprimerem
669 2725 712 2789 ita
746 2732 830 2790 certe
863 2725 968 2803 fidam,
1001 2731 1035 2790 ut
1065 2727 1276 2810 uuusquisque

122 2826 269 2891 iudicium
295 2829 377 2893 ferro
400 2835 506 2909 posset
522 2830 745 2911 incorruptum.
792 2837 927 2895 ceterum
946 2830 1044 2894 mein
1061 2829 1276 2896 talibuslibrIs

123 2933 346 3004 exscribendis,
380 2933 433 2999 ubi
469 2934 572 3015 plures
608 2942 638 3000 et
670 2936 855 2999 uetustiores
890 2939 985 3000 test-es
1019 2936 1156 3011 oderant,
1194 2935 1276 2999 ultra

123 3036 251 3102 modum
275 3055 338 3101 non
361 3057 526 3120 egressum
551 3058 619 3103 esse
643 3039 704 3102 iam
729 3058 823 3118 supra
845 3038 916 3103 dixi.

166 3140 287 3223 Itaque,
310 3160 350 3205 ne
373 3141 481 3224 loquar
505 3142 544 3205 de
570 3140 631 3206 illis
655 3141 744 3207 huius
768 3142 869 3223 operis
893 3142 1041 3222 partibus,
1064 3142 1095 3205 in
1119 3142 1230 3226 quibus
1249 3142 1275 3206 R
1358 3143 1362 3151 '

124 3242 174 3307 uel
198 3244 241 3307 Vr
272 3244 321 3310 uel
345 3244 401 3309 RD
435 3246 490 3309 soli
524 3246 612 3311 nobiS
642 3246 838 3324 subuculam,
873 3246 912 3311 de
943 3244 1070 3329 reliquis
1100 3248 1273 3331 generatim

124 3352 218 3431 etque
241 3348 410 3415 uniuersim
447 3348 497 3415 lrae
532 3349 620 3433 leges
651 3350 828 3416 sanciendae
858 3350 1011 3424 uidentur,
1042 3356 1076 3415 ut
1097 3352 1213 3417 codicis
1237 3351 1273 3421 G,

124 3452 176 3516 ubi
210 3455 307 3524 deest.
342 3454 441 3518 uicem
478 3475 648 3519 consensus
682 3453 791 3519 VRPT
826 3456 870 3531 (in
906 3454 956 3519 Ps.
991 3452 1126 3519 CXVIII
1155 3454 1273 3535 vesp)

124 3556 264 3635 suppleat
286 3576 331 3634 ac,
354 3558 379 3621 si
404 3557 436 3623 hi
462 3559 523 3641 ipsi
546 3560 627 3623 inter
642 3578 675 3623 se
691 3558 877 3639 discrepant,
901 3579 1045 3623 sermone
1063 3558 1220 3623 Hilariano
1244 3568 1274 3624 et

124 3679 262 3724 errorum
287 3661 423 3725 sontibus
448 3662 530 3727 bene
555 3662 727 3727 obseruatis
747 3662 930 3746 plerumque
952 3662 972 3725 ii
997 3662 1179 3742 praeferendi
1204 3665 1274 3758 siut,

124 3764 307 3849 quibuscum
332 3764 358 3829 R
389 3766 471 3831 feeit.
524 3765 627 3847 TOpA
660 3766 709 3831 ubi
740 3767 797 3831 soli
826 3766 990 3831 lectionem
1022 3767 1156 3843 trudunt,
1186 3774 1274 3832 caute

16 3918 17 3921 η
123 3868 294 3934 adhibendi
317 3877 401 3943 suut-;
426 3890 498 3934 nam
524 3869 582 3935 etsi
606 3869 690 3935 leues
714 3871 865 3953 quosdam
883 3891 1012 3941 errores,
1036 3871 1067 3933 id
1084 3872 1165 3953 quod
1182 3889 1274 3949 supra

170 4146 190 4211 1)
209 4148 259 4200 qu
278 4152 370 4200 autem
390 4156 431 4201 est
451 4149 525 4215 quoti
543 4148 633 4201 dicam
658 4149 693 4201 iis
717 4149 795 4214 Iocis,
823 4147 870 4200 ubi
897 4164 1005 4201 errores
1024 4164 1040 4200 a
1061 4148 1117 4201 {JV
1132 4148 1272 4201 commissi

123 4234 238 4288 notandi
257 4238 346 4302 erant,
364 4234 393 4287 iu
411 4242 547 4304 apparatu
566 4252 612 4287 eos
632 4236 704 4289 solos
723 4235 868 4287 nominari.
922 4231 944 4301 ²)
963 4234 997 4287 cs.
1025 4234 1145 4287 indicem
1172 4235 1271 4287 horum

16 4366 17 4371 ,
124 4322 261 4375 librorum
280 4327 309 4375 et
328 4320 399 4389 sigla
419 4322 546 4377 adhibita
565 4340 638 4390 supr.
656 4340 683 4391 p.
702 4322 760 4375 VII.
