3075 4967
268 307 330 374 326
614 308 729 363 sancti
754 307 886 362 Hilarii
910 309 1069 378 episcopi

270 498 438 580 profitetur,
461 519 543 564 nunc
565 518 637 564 uero
661 498 792 564 consciae
815 498 846 562 in
870 519 903 563 sa
928 496 1035 562 salutis
1057 496 1171 563 fiducia
1193 505 1248 575 est
1271 519 1352 579 cum,
1375 519 1414 563 ne

272 623 305 669 se
329 623 417 686 aquae
442 608 612 683 tempestas
635 603 804 686 demergat,
827 609 979 682 precatur.
1023 621 1097 666 nam
1128 602 1270 668 eiusdem
1299 614 1414 667 naturae

269 728 329 771 non
353 713 400 772 est
424 712 456 772 et
480 707 655 772 demersam
685 706 746 770 inm
770 712 902 783 cesset,
935 726 974 771 ne
997 708 1206 790 demergatur,
1228 727 1330 772 orare:
1358 707 1414 772 sed

271 813 345 890 eius,
369 832 437 896 quar
460 831 516 892 per
539 831 649 892 corpus
677 810 750 876 licet
773 831 876 876 mersa
898 830 958 875 non
982 818 1086 876 tamen
1109 811 1150 876 sit
1172 812 1340 877 detinenda
1362 831 1415 884 per

231 943 243 979 s
271 916 421 996 spiritum.
467 921 496 980 et
525 915 595 979 ideo
625 935 714 992 nunc,
745 935 785 980 ne
815 915 1016 981 absorbeatur
1050 914 1201 996 profunda
1223 935 1303 980 nene
1324 935 1416 996 super

271 1041 304 1085 se
328 1026 439 1101 puteus
461 1039 495 1084 os
526 1039 616 1084 suum
646 1019 777 1098 claudat,
808 1025 957 1100 precatur.
1003 1020 1034 1083 in
1057 1024 1150 1100 puteo
1180 1020 1265 1084 enim
1287 1019 1415 1085 infernae

272 1124 377 1190 mortis
402 1125 508 1190 sedem
534 1123 702 1208 significari
719 1130 749 1188 et
765 1123 903 1204 psalmus
918 1122 996 1188 alius
1022 1123 1108 1188 testis
1124 1130 1179 1200 est,
1203 1143 1272 1189 cum
1288 1123 1414 1188 dicitur:

272 1235 311 1295 tu
332 1248 439 1306 uero,
464 1227 632 1307 domine,
656 1228 834 1293 deduces
859 1247 925 1293 eos
949 1229 986 1291 in
1016 1234 1179 1308 puteum
1210 1226 1415 1303 interitus,

271 1335 450 1398 demersum
473 1331 533 1396 hoc
555 1331 804 1415 profundumque
826 1337 987 1414 puteorum
1007 1331 1126 1396 inferna
1141 1337 1232 1396 terrae
1247 1330 1417 1415 significari

220 1461 245 1499 ιο
274 1437 500 1502 demonstrans.
546 1454 585 1500 ne
608 1436 766 1501 contineat
796 1453 872 1518 ergo
900 1454 994 1515 super
1023 1454 1092 1499 eum
1122 1441 1233 1515 puteus
1260 1455 1296 1500 os
1327 1454 1417 1499 snum

271 1539 411 1622 postulat.
457 1538 637 1621 inpossibile
660 1541 743 1604 enim
767 1546 815 1604 est
830 1540 923 1604 deum
939 1540 1011 1604 uitae
1035 1539 1131 1620 portis
1146 1538 1260 1603 inferni
1276 1539 1417 1605 detineri.

317 1643 367 1708 16.
391 1644 439 1708 Ac
462 1664 501 1709 ne
524 1643 556 1708 in
579 1663 623 1722 eo,
646 1645 726 1727 quod
751 1649 881 1708 mortem
905 1649 1018 1708 nostra
1033 1643 1220 1708 infirmitatis
1235 1644 1418 1725 adsumpsit,

272 1747 440 1812 secundum
465 1745 633 1811 humanam
657 1747 875 1812 necessitatem
898 1746 1014 1829 aliquid
1044 1767 1082 1812 er
1112 1747 1220 1812 mortis
1250 1748 1419 1813 acerbitate

273 1858 422 1929 maereret,
446 1851 590 1917 subiecit:
614 1851 762 1917 exaudi
786 1870 852 1930 me,
876 1851 1044 1928 domine,
1067 1852 1255 1935 quoniam
1278 1853 1418 1918 suauis

221 1979 246 2018 1s
273 1954 853 2022 estmihimiserioordiatua:
877 1955 1096 2020 secundum
1112 1954 1418 2022 multitudinem

273 2053 571 2125 misericordie
596 2066 668 2125 tuae
691 2060 887 2140 conspice
910 2059 948 2124 in
972 2080 1037 2125 me.
1073 2059 1134 2124 hoc
1157 2060 1241 2124 enim
1263 2061 1296 2125 in
1321 2058 1419 2126 multi·

240 2207 243 2216 .
274 2164 379 2229 tudine
402 2163 622 2229 misericordie
646 2163 875 2244 beneplacitum
904 2169 953 2228 est
982 2170 1113 2245 tempus,
1148 2184 1219 2228 cum
1242 2163 1274 2228 in
1297 2185 1334 2232 se
1355 2164 1417 2230 uni·

273 2287 432 2334 uersurum
466 2266 626 2333 hominum
660 2268 754 2332 uitam
789 2269 866 2333 deus
901 2268 1053 2333 miserans
1085 2273 1120 2334 ut
1152 2269 1330 2334 miserator·
1346 2271 1418 2334 deus

274 2371 366 2438 uitam
392 2377 477 2436 esset
501 2370 667 2456 largiturus
690 2391 727 2436 er
751 2373 886 2436 mortuis.
932 2372 988 2437 sed
1018 2372 1068 2456 qui
1101 2392 1228 2438 suauem
1253 2371 1338 2439 hanc
1360 2374 1417 2438 sibi

224 2497 250 2535 n
276 2496 345 2542 esse
368 2475 418 2540 dei
440 2475 685 2542 misericordiam
709 2477 888 2557 testabatur,
923 2483 1076 2557 suscepte
1098 2483 1201 2541 tamen
1231 2476 1418 2542 infirmitatis

278 2591 388 2645 nostrae
404 2578 642 2646 sollicitudinem
658 2599 718 2644 non
735 2580 852 2644 relaxat
867 2581 988 2646 dicens:
1012 2601 1059 2644 ne
1082 2587 1247 2646 auertas
1272 2580 1289 2644 s
1293 2582 1417 2647 aciem

275 2692 380 2749 tuam
417 2703 436 2747 a
472 2704 595 2764 puero
632 2690 712 2750 tuo:
751 2685 940 2767 quoniam
982 2684 1177 2762 tribulor,
1211 2683 1419 2752 ,uelociter

275 2788 420 2854 exaudi
458 2809 526 2854 me.
573 2790 740 2854 intende
778 2788 917 2855 animae
955 2810 1048 2855 meae
1082 2795 1121 2855 et
1153 2789 1288 2855 libera
1322 2809 1418 2854 eam:

275 2898 443 2974 propter
473 2892 665 2958 inimicos
696 2913 802 2958 meos
833 2894 946 2979 eripe
976 2913 1041 2958 me.
1087 2893 1189 2958 omnia
1218 2899 1253 2956 ut
1276 2892 1369 2958 homo
1391 2898 1418 2956 et

223 3015 249 3054 ss
277 2997 391 3077 patitur
424 3002 455 3060 et
487 2995 627 3080 loquitur.
672 3017 743 3061 nam
778 3018 817 3062 ex
850 2998 1044 3079 susceptione
1073 2997 1175 3062 carnis
1204 3002 1235 3061 et
1264 3017 1342 3078 puer
1374 3003 1420 3061 est

278 3101 447 3166 secundum
471 3099 561 3165 illud:
585 3120 679 3166 ecce
701 3121 800 3182 puer
823 3121 939 3179 meus,
962 3121 1076 3185 quern
1099 3100 1218 3185 elegi,
1242 3102 1418 3167 dilectus

278 3225 398 3284 meus,
442 3205 480 3268 in
526 3225 599 3289 quo
644 3205 882 3286 conplacuit
926 3206 1064 3271 enimae
1108 3224 1209 3281 meae,
1255 3211 1288 3271 et
1328 3204 1417 3271 eitum

278 3309 421 3374 auxilium
456 3308 642 3375 tribulationi
687 3329 750 3374 suae
785 3317 851 3374 orat
883 3317 914 3374 et
947 3309 1066 3375 intendi
1098 3309 1131 3374 in
1165 3309 1303 3374 animam
1333 3327 1417 3374 susm

322 3501 400 3554 ers.
418 3498 489 3568 mr,
507 3503 549 3554 24.
585 3503 620 3554 aa
638 3499 711 3554 Esar.
730 3499 814 3568 xnrr,
835 3504 857 3554 1.

324 3673 537 3742 lprofiteretur
562 3673 594 3727 l'¹
648 3674 773 3727 conscius
793 3675 818 3726 R
836 3673 1023 3728 conscientiae
1045 3674 1072 3727 P
1120 3677 1305 3743 ilpraecatur
1321 3699 1355 3710 -
1371 3671 1417 3724 de·

279 3777 398 3814 mersam
417 3762 443 3813 in
462 3779 544 3830 mnry.
562 3779 620 3831 sup.
634 3759 766 3814 addan?
781 3760 806 3815 l'
855 3763 924 3815 dne
942 3761 1002 3814 cdd.
1020 3779 1053 3814 m.
1073 3759 1134 3814 21³
1181 3761 1284 3814 tinent
1301 3755 1417 3828 superii

278 3851 462 3916 opraecatur
487 3848 535 3900 t'n
587 3847 749 3916 inpulsum
769 3848 795 3900 R
849 3850 882 3900 12
900 3847 956 3901 inm
981 3848 1011 3900 in
1039 3863 1071 3900 eo
1095 3847 1168 3916 quod
1187 3847 1214 3900 P
1266 3849 1298 3900 13
1316 3841 1416 3912 aliquid

279 3935 304 3988 ei
323 3950 389 3987 exe
441 3934 593 3988 acerbitate
612 3935 637 3987 R
693 3937 726 3989 14
751 3939 891 3988 moereret
916 3933 979 3987 ideo
998 3934 1117 3988 subiecit
1133 3935 1148 3986 b
1166 3933 1277 3988 hereret
1304 3936 1332 3986 et
1356 3929 1416 3982 snb·

279 4020 345 4074 iecit
370 4021 395 4073 l'
408 4020 520 4090 hereret
547 4028 575 4074 et
602 4020 664 4074 ideo
692 4021 811 4074 subiecit
837 4021 881 4073 Ρα
907 4019 1036 4074 haereret
1059 4019 1122 4073 ideo
1146 4020 1264 4074 subiecit
1281 4021 1319 4072 ed.
1336 4015 1414 4070 Basil.

282 4107 364 4166 15511,
383 4107 447 4160 Par.
467 4106 542 4160 1572
595 4109 627 4160 16
645 4107 719 4162 enirn
738 4107 947 4161 multitudinem
973 4106 1005 4159 l'¹
1061 4109 1093 4160 17
1110 4107 1181 4161 bene
1208 4109 1268 4160 odd
1295 4123 1327 4158 m.
1353 4101 1373 4155 2
1395 4099 1413 4152 V

282 4197 314 4248 la
333 4187 364 4246 ee
383 4194 409 4245 Ρ
477 4194 524 4246 sed
544 4193 607 4262 quia
625 4194 665 4246 Pb
717 4197 752 4247 24
770 4202 802 4247 ut
820 4212 866 4247 tun.
895 4194 917 4245 l'
984 4193 1067 4246 homo
1084 4195 1146 4247 odd.
1166 4211 1200 4246 m.
1219 4193 1239 4246 2
1261 4193 1287 4247 V
1350 4187 1413 4242 baec

281 4280 387 4350 petitur
404 4281 582 4348 l'patiturP
631 4283 665 4335 25
684 4287 786 4334 estem.
804 4281 827 4334 l'
876 4283 911 4336 26
929 4281 993 4333 illut
1008 4281 1032 4334 V
1074 4283 1109 4335 28
1126 4280 1246 4334 animem
1263 4275 1322 4344 (om.
1335 4276 1372 4340 in)
1382 4273 1411 4326 R.
