3075 4967
302 265 364 331 788
651 269 770 323 sancti
795 270 929 323 Hilarii
954 270 1114 339 episcopi

349 456 395 522 16.
419 457 491 522 Non
515 459 637 524 nescius
671 459 775 542 itaque
799 457 890 524 huius
912 459 1057 525 uindietae
1080 479 1143 525 suae
1167 460 1345 544 unigenitus
1370 465 1450 528 deus

301 566 361 639 est;
384 561 541 626 aiteuim:
565 562 746 646 cognoui,
771 563 866 654 quia
888 562 1017 628 faciet
1040 564 1225 628 dominus
1249 566 1451 631 iudicium

300 664 437 746 inopis
461 673 498 730 et
520 665 745 732 uindictam
768 687 998 747 pauperum.
1045 687 1161 749 pauper
1178 669 1451 735 domiuussecnn-

301 769 373 832 dum
399 768 554 834 homiuem
579 777 635 835 ast.
680 771 875 851 paupertauit
898 773 981 836 enim
1004 791 1038 836 se
1067 773 1237 837 secundum
1260 775 1450 854 apostolum.

261 878 333 936 eut
355 893 412 938 nos
435 873 699 954 locupletaremur,
734 874 783 939 cui
809 875 841 938 iu
865 875 969 940 saeouli
1001 876 1094 941 rebus
1127 876 1206 941 nihil
1240 877 1301 941 nisi
1335 898 1450 959 corpus

212 967 214 970 ’
300 976 367 1041 fuit.
413 977 504 1042 huius
538 977 620 1043 enim
656 979 764 1043 salutis
788 998 882 1043 causa
904 980 991 1044 nasci
1013 980 1103 1061 inops
1126 979 1223 1046 uoluit
1246 1002 1283 1045 ex
1305 983 1449 1066 uirgine:

299 1099 361 1144 nou
385 1081 556 1162 pecuniam,
580 1101 641 1148 nou
664 1102 783 1168 agrum,
808 1102 870 1147 non
892 1103 988 1163 pocus
1010 1083 1156 1149 calorum
1176 1085 1321 1150 domiuus
1343 1085 1450 1167 elegit.

299 1204 416 1266 pauper
432 1204 507 1268 ergo
529 1185 561 1250 in
577 1186 703 1251 homine
718 1191 840 1250 tantum
856 1206 911 1251 suo
927 1187 993 1252 fuit.
1036 1189 1170 1252 sednon
1186 1189 1285 1253 solum
1301 1191 1448 1256 iudicium

299 1289 408 1369 inopis,
440 1289 496 1354 sed
526 1296 557 1354 et
585 1291 755 1356 uindictam
789 1310 961 1371 pauperum
986 1293 1129 1357 dominus
1151 1294 1252 1358 saciet.
1296 1295 1447 1360 iudicium

248 1417 273 1455 ιο
300 1394 401 1474 inopis
423 1393 534 1458 referri
556 1395 596 1460 ad
620 1394 853 1460 damnationem
876 1415 992 1471 eorum,
1023 1396 1075 1480 qui
1097 1397 1202 1462 iniusti
1231 1398 1262 1461 iu
1286 1399 1447 1464 domiuum

301 1497 476 1574 extiterunt,
498 1503 626 1578 oportet.
672 1498 819 1563 conuenit
840 1499 923 1562 euim
947 1519 999 1564 eos
1018 1501 1186 1566 secundum
1203 1501 1359 1580 iudicium,
1382 1523 1445 1568 uon

300 1603 470 1666 secundum
494 1601 665 1668 uindictam
687 1602 826 1667 iudicari.
870 1602 1024 1669 inferioris
1046 1613 1164 1670 natura
1183 1613 1240 1682 est,
1264 1606 1315 1691 qui
1331 1607 1446 1672 debeat

300 1703 458 1770 uindicari.
503 1706 700 1770 uindicautur
734 1706 828 1770 ceteri
861 1727 1021 1788 pauperes,
1055 1709 1087 1772 id
1110 1715 1166 1786 est,
1201 1711 1251 1792 qui
1284 1711 1441 1776 domiuum

301 1808 442 1889 exemplo
476 1810 628 1889 passionis
663 1810 760 1875 secuti
795 1817 875 1889 sunt,
914 1811 967 1894 qui
1002 1833 1040 1876 er
1072 1819 1253 1894 contemptu
1285 1815 1389 1879 sarculi
1415 1828 1444 1880 et.

248 1937 273 1972 15
299 1913 437 1994 pecuniae
459 1933 609 1994 pauperes
643 1913 773 1979 fuerunt.
820 1915 856 1979 fit
885 1935 961 1999 ergo
990 1916 1136 1981 iudicium
1164 1917 1273 1997 inopis,
1303 1938 1374 1983 cum
1403 1920 1441 1983 ob
1533 1920 1534 1983 l

299 2017 476 2098 passionem
500 2018 615 2081 domini
639 2019 725 2099 impii
748 2019 930 2084 iudicantur.
974 2040 1127 2100 pauperes
1149 2041 1223 2086 uero
1237 2023 1440 2089 uindicantur‚

301 2140 431 2204 quorum
455 2122 511 2187 sub
535 2141 589 2186 ara
611 2123 780 2187 occisorum
799 2124 926 2208 sanguis
949 2124 1063 2190 clamat
1085 2126 1254 2191 uindictam
1277 2127 1308 2189 iu
1331 2127 1440 2207 impios

299 2224 474 2305 postulans:
499 2227 550 2309 qui
574 2226 687 2291 cotidie
711 2227 741 2290 in
766 2226 865 2311 gloria
887 2229 1028 2312 martyrii
1059 2243 1221 2295 manentes
1252 2230 1301 2295 dei
1323 2230 1437 2296 nomini
1533 2266 1534 2297 2

300 2327 491 2392 confitentur.
1533 2352 1534 2359 ¹

247 2541 272 2578 20
344 2519 393 2583 17.
418 2518 457 2584 Et
494 2539 597 2584 sermo
634 2520 709 2602 ipse,
748 2541 810 2604 quo
848 2522 986 2602 psalmus
1022 2522 1181 2602 clauditur,
1215 2525 1259 2589 ita
1291 2523 1435 2608 loquitur:
1533 2588 1534 2599 ,

299 2629 479 2688 attamen
502 2623 601 2688 iusti
626 2623 940 2691 confitebuntur
962 2627 1113 2690 nomini
1137 2637 1202 2692 tuo
1225 2637 1264 2693 et
1284 2627 1432 2691 habita·
1533 2660 1534 2663 ¹

299 2726 396 2792 bunt
429 2728 533 2792 recti
571 2747 656 2792 cum
695 2728 803 2794 facie
840 2741 916 2795 tua.
972 2732 1123 2795 iustorum
1156 2732 1307 2796 confessio
1338 2738 1432 2812 potest

299 2831 390 2894 etiam
416 2831 581 2911 corporalis
604 2832 710 2910 uideri,
743 2833 814 2916 quia
837 2834 940 2914 plures
962 2835 993 2898 in
1017 2854 1110 2899 camo
1132 2835 1236 2900 adhuc
1258 2835 1325 2900 lieet
1347 2834 1432 2918 positi
1533 2832 1534 2835 ’

300 2933 348 2998 dei
372 2935 489 2999 nomini
512 2935 703 3001 confitentur.
748 2938 822 3002 recti
855 2946 957 3002 autem
992 2937 1166 3003 habitantes
1199 2959 1268 3004 eum
1290 2938 1364 3002 secie
1385 2937 1431 3002 dei
1533 2954 1534 2957 ’

248 3057 272 3095 rr
299 3037 378 3102 nihil
401 3037 432 3102 iu
456 3059 490 3104 se
513 3040 669 3120 corporale
692 3041 826 3114 retinere
844 3041 1072 3126 intelleguntur.
1117 3050 1227 3108 ustura
1242 3043 1319 3108 enim
1335 3043 1430 3107 caruis

299 3142 348 3206 dei
387 3161 447 3206 non
486 3145 600 3224 patitur
637 3151 795 3225 aspectum
840 3145 908 3226 ipso
945 3146 1083 3211 dicente:
1128 3167 1243 3212 nemo
1279 3144 1427 3211 uidebit

299 3245 502 3311 homiuum
533 3248 678 3313 faciem
710 3269 834 3314 meam
864 3256 901 3314 et
931 3252 1048 3315 uiuet.
1093 3250 1238 3316 bociam
1270 3250 1426 3316 celestium

300 3357 347 3416 est
369 3357 401 3416 et
423 3351 709 3416 transformatorum
733 3359 763 3418 et
798 3361 949 3418 terrenam
984 3354 1211 3434 corruptionem
1244 3353 1352 3420 calesti
1380 3352 1426 3414 in·

299 3455 493 3536 corruptione
527 3457 718 3534 mutantium,
765 3476 844 3540 quos
881 3459 943 3542 iam
978 3458 1146 3523 diuinitatis
1179 3458 1294 3524 honore
1324 3455 1424 3523 crans

247 3579 271 3614 ³0
299 3566 539 3643 conregnaturos
563 3559 629 3640 ipse
652 3559 709 3624 deo
733 3561 813 3641 patri
836 3563 937 3627 tradet
958 3562 989 3626 in
1011 3582 1146 3647 reguum
1169 3563 1307 3627 dominus
1327 3564 1424 3624 noster

299 3661 387 3728 Iesus
412 3661 562 3741 Christus,
587 3665 638 3746 qui
662 3665 911 3730 estbenedictus
934 3667 966 3730 iu
988 3666 1101 3732 secura
1123 3666 1309 3732 saeeulomm.
1328 3681 1422 3727 amau.

342 3873 403 3925 411
423 3872 483 3926 Cor.
502 3875 526 3940 8,
541 3877 569 3928 9.
605 3875 639 3926 ‘26
658 3873 744 3926 Exod.
763 3875 889 3941 xxxllu
907 3877 950 3928 20.

342 4064 427 4116 brios
445 4080 493 4116 our.
513 4065 538 4116 R
591 4063 701 4116 6nasci
719 4047 782 4117 ineo
800 4063 890 4118 uoluit
908 4064 934 4116 R
988 4067 1021 4117 la
1039 4081 1109 4132 quae
1126 4063 1264 4119 debeatll
1311 4063 1338 4112 16
1351 4070 1420 4124 ptu-

299 4149 772 4214 perseueroniudicanturom.1i
836 4151 870 4203 ‘28
888 4150 1001 4203 caelesti
1020 4150 1227 4219 incorruptione
1240 4147 1317 4202 omli
1359 4139 1418 4192 Ex·

299 4234 380 4301 plicit
397 4235 457 4304 pail
477 4237 653 4291 cxxxvlllr
671 4237 771 4306 incipit
789 4237 859 4291 CXL
877 4237 911 4290 R.
