3075 4967
383 338 561 388 tractatus
579 335 614 387 in
632 334 804 402 psalmum
823 332 944 388 CXVIII.
1168 330 1233 396 489

97 525 239 606 poterit
270 543 380 590 meus
415 523 646 606 discipulus
669 543 769 590 esse.
814 543 889 609 ergo
911 529 977 589 tom
1000 523 1071 588 odio
1094 521 1232 587 habendi

96 634 169 706 sunt,
202 649 274 696 eum
307 633 431 711 portare
464 647 521 693 nos
556 629 695 713 martyrii
729 647 853 694 ornnem
887 627 1002 705 nolunt
1040 646 1111 691 enrn
1142 626 1231 710 sequi

95 735 246 798 dominnm
270 732 412 814 exemplo
435 732 586 814 passionis
610 731 821 798 dehortantur.
866 731 1028 798 honesturn
1046 730 1107 797 hoo
1126 730 1231 795 odium

94 844 120 902 et
149 837 221 902 ntiie
256 845 311 916 est,
346 857 409 916 eos,
445 839 497 921 qui
531 837 569 902 ab
605 857 709 902 amore
742 835 859 901 Christi
892 837 1046 903 abducere
1075 842 1232 913 conentur,

94 941 197 1007 odisse.
1272 965 1284 1001 o

132 1046 158 1109 4.
183 1045 293 1130 ltaque
316 1065 399 1111 nune
433 1045 586 1130 propheta
608 1043 686 1110 nihil
715 1044 902 1110 eontrarium
934 1045 1122 1130 euangelicis
1152 1063 1231 1125 pra·

95 1151 194 1233 ceptis,
218 1151 332 1235 quibus
356 1169 460 1216 amare
483 1150 627 1215 inimicos
650 1149 800 1227 iubemur,
822 1148 941 1215 ioentns
963 1149 1084 1214 uidetur
1106 1149 1233 1214 dicens:

96 1255 248 1339 iniquos
272 1255 394 1319 odini.
440 1273 502 1318 non
525 1254 608 1319 enim
624 1253 764 1319 inimicos
788 1273 860 1319 suos
883 1253 956 1330 odit
980 1254 1034 1319 sed
1058 1254 1231 1337 iniquos,

96 1359 124 1421 id
154 1365 200 1424 est
233 1366 482 1443 transgressores
515 1357 603 1442 legis.
648 1357 807 1438 propriore
840 1358 922 1422 istud
959 1359 1055 1423 uerbo
1088 1356 1231 1440 graecitas

97 1470 244 1543 nuncupat
264 1460 478 1546 παρανόμους
501 1461 616 1540 dicens,
639 1462 671 1526 id
695 1467 744 1526 eat
766 1471 853 1526 extra
874 1460 976 1545 legem
993 1467 1131 1545 agentes.
1176 1461 1231 1526 sed
1260 1483 1284 1520 ιο

98 1565 143 1648 qui
165 1567 369 1646 praeteritores
392 1565 471 1648 legiS
494 1567 566 1644 odit,
590 1585 651 1630 non
674 1571 778 1646 potest
799 1583 861 1629 non
883 1565 917 1629 id
936 1585 1048 1642 amare,
1071 1564 1154 1648 qnod
1169 1565 1234 1629 odit

98 1689 160 1735 esse
181 1669 372 1755 neglectum
407 1677 438 1736 et
460 1671 529 1735 ideo
552 1671 609 1738 ait:
634 1675 672 1735 et
694 1670 826 1753 legem
849 1675 954 1735 tuam
977 1669 1115 1734 dilexi.
1160 1688 1233 1733 eoo·

97 1775 174 1839 uenit
202 1781 316 1854 antem,
345 1781 386 1853 ut,
418 1775 470 1858 qui
499 1774 603 1859 legent
634 1780 726 1855 amat,
757 1794 810 1839 eos
844 1774 952 1850 oderit,
983 1774 1035 1857 qni
1067 1773 1145 1856 legis
1175 1773 1233 1836 ini·

99 1878 163 1943 miei
185 1885 264 1944 suot.

136 1982 165 2046 5.
186 1982 308 2048 Dehine
339 1983 493 2067 seqnitur:
527 1983 691 2048 adiutor
725 1989 763 2047 et
796 1988 1014 2064 susceptor
1047 2000 1155 2046 meus
1190 1999 1231 2045 es
1260 2000 1284 2036 1⁶

98 2091 138 2161 tu,
160 2093 196 2152 et
226 2087 265 2152 in
288 2088 452 2152 uerbum
483 2093 590 2153 tuum
621 2107 749 2169 spero.
795 2106 909 2171 magno
932 2086 1022 2151 nobis
1041 2074 1157 2150 ¹auxilio
1181 2085 1232 2149 dei

98 2211 165 2270 opas
198 2198 245 2258 est
278 2193 310 2256 in
344 2198 428 2256 tento
462 2197 554 2275 atque
588 2191 717 2256 adsiduo
751 2189 855 2256 seculi
885 2189 973 2254 istius
995 2189 1111 2270 proelio.
1155 2209 1231 2254 non

99 2295 194 2360 enim
228 2297 345 2362 nobis
376 2297 548 2362 seeundum
577 2294 748 2375 apostolum
778 2314 912 2379 pugna
942 2300 1005 2359 est
1033 2294 1232 2358 aduersos

99 2417 249 2465 earnem
273 2409 310 2466 et
333 2401 583 2484 sanguinem,
615 2401 684 2465 sed
715 2401 912 2464 aduersus
942 2404 1172 2479 potestates
1196 2404 1233 2462 et

99 2505 438 2586 mundipotentes
460 2503 601 2569 harum
632 2505 899 2579 tenebrarum,
930 2503 1128 2567 aduersus
1158 2501 1232 2581 spi·
1259 2520 1284 2557 πο

99 2607 233 2673 ritales
279 2609 490 2692 nequitias
527 2609 565 2672 in
608 2607 856 2674 caelestibus.
917 2605 975 2670 hos
1013 2621 1088 2690 ergo
1125 2604 1232 2671 hostes

99 2708 249 2789 habemus,
273 2714 437 2778 aduersum
459 2711 518 2776 hos
543 2712 663 2777 adiutor
686 2712 762 2776 deus
785 2711 961 2792 preoondos
984 2715 1039 2787 est,
1067 2720 1100 2772 ut
1122 2728 1178 2774 nos
1200 2711 1232 2774 in

100 2817 314 2897 susceptionem
337 2837 425 2882 suam
448 2817 585 2897 recipiat.
631 2815 685 2880 sed
709 2833 771 2881 non
794 2822 858 2880 tom
881 2813 999 2878 timoris
1016 2813 1083 2878 haeo
1097 2813 1233 2894 preoatio

102 2918 184 2985 debet
206 2941 275 2986 esse
299 2940 392 3005 quam
408 2920 520 2985 meriti.
565 2920 656 2985 timor
672 2919 756 2985 eninr
772 2939 810 2984 er
825 2919 1029 2999 trepidatione
1044 2918 1233 2983 eondioionis

100 3020 232 3090 hornanae
255 3033 310 3104 est
333 3023 485 3106 propheta
515 3033 617 3088 autern
649 3023 680 3088 in
710 3023 807 3088 uerbo
837 3023 888 3087 dei
916 3028 1029 3102 sperat.
1075 3042 1146 3103 spes
1170 3042 1231 3085 non
1259 3038 1285 3076 ²⁶

101 3144 145 3190 res
175 3135 342 3208 presentes
376 3129 500 3207 obtinet,
535 3130 591 3194 sed
625 3127 752 3192 futuras.
799 3133 905 3213 sperat
927 3146 1011 3211 ergo,
1044 3145 1112 3210 qua
1134 3127 1232 3190 uerbo

141 3303 169 3354 17
186 3301 284 3372 Ephes.
303 3303 351 3371 VI,
371 3305 410 3358 12.

139 3440 248 3496 ideam
276 3443 304 3495 E
359 3445 531 3496 4oonentnr
550 3443 578 3494 E
635 3441 867 3506 tenuanpeiioie
891 3441 917 3494 V
975 3439 1093 3495 Sodiui
1117 3439 1177 3509 VCp
1196 3439 1231 3508 cs.

103 3523 205 3581 &emet
228 3531 258 3582 It.
284 3549 308 3584 a.
333 3529 408 3600 Volp.
433 3549 460 3599 p.
488 3527 555 3596 282,
576 3529 649 3583 Neue
667 3525 812 3582 forment·
839 3528 878 3595 ΙΙ,
906 3527 959 3582 617
987 3527 1050 3580 odio
1077 3527 1162 3580 habui
1179 3527 1234 3578 RE

103 3662 154 3718 odit
174 3667 232 3720 VRe
249 3669 318 3723 dieit
340 3669 394 3740 Cpb
446 3671 463 3722 9
481 3627 608 3738 proprire
626 3685 692 3722 corr.
706 3669 766 3721 ool
777 3669 803 3721 R
823 3614 922 3736 r-ppirore
937 3687 958 3738 p
976 3666 1107 3736 prioreC
1156 3665 1233 3719 istud

104 3751 206 3807 uerbum
226 3757 247 3808 C
263 3772 346 3809 senso
364 3756 474 3809 elocuta
492 3760 506 3808 ἔ
525 3755 600 3811 istud
624 3755 712 3810 uerbo
726 3755 802 3826 ΜΛ)
859 3757 892 3811 10
909 3757 1052 3822 nuncupat
1070 3771 1118 3806 om.
1138 3751 1231 3823 Cpffl)

107 3849 379 3920 rraeaaonorc
403 3867 428 3920 r
440 3842 722 3921 raeanonorc
742 3868 766 3920 a
785 3886 832 3920 om.
849 3867 887 3937 o,
905 3864 1067 3937 praetem
1086 3866 1158 3918 aare
1172 3875 1233 3935 poe

105 3955 195 4027 dicens)
248 3965 280 4016 13
292 3967 324 4016 nt
336 3963 401 4030 qnia
413 3963 480 4032 CpE
487 3967 516 4016 et
525 3963 616 4030 quV
665 3962 735 4032 Iegis
750 3981 780 4016 ex
796 3963 886 4030 legem
903 3981 936 4015 m.
950 3961 970 4013 ,9
984 3962 1010 4013 V
1060 3963 1092 4014 16
1107 3960 1137 4013 in
1145 3961 1232 4015 uerbo

106 4047 178 4117 trop
227 4049 272 4103 dei
290 4050 394 4103 anxilio
415 4051 451 4120 pb
506 4052 538 4104 17
557 4048 646 4117 adque
671 4051 719 4103 VR
772 4052 806 4103 19
823 4054 851 4102 et
878 4048 976 4102 mundi
993 4075 1028 4085 -
1046 4047 1178 4101 aduersos
1205 4048 1233 4099 io

106 4146 175 4202 morp.
201 4137 277 4206 inser:
305 4137 409 4190 odos]
467 4138 500 4190 21
520 4136 570 4190 hoe
597 4154 627 4190 err
654 4136 706 4190 hoo
733 4155 766 4190 m.
789 4135 809 4189 2
839 4137 863 4188 V
917 4138 953 4189 211
970 4134 1103 4188 aduersus
1129 4134 1179 4189 hoe
1207 4134 1235 4186 Ε

107 4223 258 4280 Instantius
273 4223 323 4278 VR
339 4222 506 4292 potandusC
555 4224 669 4292 sospes
689 4239 743 4277 non
762 4250 797 4261 -
814 4222 1019 4276 futuroeom.R
1071 4223 1106 4276 26
1124 4221 1232 4276 futuras

108 4320 132 4354 rx
145 4305 245 4363 Iuturna
264 4329 296 4363 m.
317 4309 336 4362 2
360 4311 388 4363 V.
