3075 4967
376 283 559 334 tractatus
578 279 613 332 in
631 279 802 346 psalmum
821 279 941 333 CXVIII.
1169 276 1231 341 357

101 479 128 537 et
148 471 266 538 uiuendi
296 477 327 535 ct
357 469 515 534 erudiendi
547 468 577 532 in
608 467 702 534 deum
732 468 878 532 doctrina
907 469 985 532 ratio
1015 475 1046 533 et
1076 468 1232 533 distinctio

101 577 263 641 doceretur.

138 679 165 744 4.
188 679 294 744 Plures
317 685 420 744 autem
442 677 630 742 arbitrantur
649 675 878 756 simplicitatem
901 675 975 741 fidei
997 675 1037 739 ad
1060 674 1231 740 absolutam

99 784 269 850 aternitatis
292 803 382 862 spem
405 801 496 864 posse
515 779 666 858 sufficere,
690 785 849 863 tamquam
873 779 1046 844 innocentia
1061 779 1233 845 secundum

99 887 235 952 iudicium
259 886 362 952 saculi
387 885 533 951 doctrina
556 884 687 950 caleatis
711 904 773 948 non
797 891 889 967 egeat
903 883 1059 949 institutia
1106 890 1138 949 et
1160 885 1231 968 qnia
1271 913 1284 948 o

98 990 179 1056 alitor
200 1012 234 1057 sc
256 1011 308 1056 ree
329 989 432 1068 habet
454 989 570 1054 idcirco
592 1007 673 1053 nunc
696 987 823 1053 uiuendi
851 987 884 1051 in
913 988 971 1053 deo
999 989 1178 1054 iunocenter
1200 993 1231 1052 et

96 1097 122 1159 in
144 1096 316 1161 innocentia
338 1093 483 1177 religiose
506 1093 652 1158 manendi
676 1093 811 1177 cognitio
840 1090 937 1157 multa
958 1111 1030 1157 curn
1052 1093 1141 1174 copia
1162 1111 1230 1172 pro·

97 1199 201 1280 phatici
225 1199 377 1264 sermonis
401 1197 541 1278 exposita
565 1203 626 1261 eet:
651 1197 724 1281 quia
746 1195 873 1260 difficile
897 1201 945 1261 est-
968 1215 1158 1280 quemquam
1173 1215 1231 1280 per

99 1304 299 1385 semetipsum,
321 1304 355 1368 id
379 1309 427 1368 est
441 1321 497 1383 per
508 1299 612 1366 saeculi
628 1301 766 1366 instituta
782 1298 863 1364 hanc
878 1300 1062 1364 innocentia
1077 1298 1231 1383 religiosae

100 1408 296 1491 cognitionem
331 1414 362 1471 et
392 1425 502 1473 uomm
535 1424 626 1470 neum
654 1406 726 1469 uita
755 1405 813 1484 piae
843 1410 874 1469 et
895 1404 1067 1469 innocentis
1090 1404 1229 1484 adipisci.
1259 1429 1282 1466 ιο

100 1514 175 1576 nouit
193 1513 286 1578 etiam
309 1509 467 1576 infirmam
489 1529 546 1591 per
568 1529 601 1574 ee
624 1528 693 1574 esse
718 1507 887 1572 humanam
909 1514 1051 1572 naturam
1075 1506 1229 1589 apostolus

100 1617 134 1678 acl
153 1614 230 1681 hanc
250 1615 378 1680 uiuendi
400 1613 563 1680 scientiam
587 1614 819 1694 capessendam.
864 1631 938 1676 nam
956 1632 1026 1678 cum
1050 1613 1089 1677 de
1113 1611 1228 1677 charis·

100 1725 203 1784 matnm
228 1727 259 1786 et
281 1739 446 1784 munerum
469 1719 520 1784 dei
544 1719 632 1783 donis
656 1719 790 1794 doceret,
814 1737 885 1782 oum
902 1718 1037 1801 primum
1052 1736 1229 1782 sermonem

100 1823 244 1904 sapientiae
266 1823 459 1904 praetulisset,
483 1822 588 1888 atatim
611 1840 790 1887 sermonem
819 1821 956 1886 scientiae
989 1820 1126 1886 subiecit.
1171 1819 1230 1886 hoc

99 1928 170 1992 enim
199 1929 336 1993 scientiae
366 1932 434 2010 post
463 1927 622 2008 sapientiae
652 1945 788 2008 sequena
811 1945 829 1989 a
852 1925 910 1990 deo
940 1926 1055 1990 donum
1079 1932 1134 2002 est,
1158 1925 1229 2008 quia
1257 1951 1281 1988 a

99 2050 160 2095 osus
182 2033 340 2113 saplentiae
363 2032 394 2095 in
418 2051 474 2096 usu
498 2031 634 2096 scientia
657 2028 812 2111 perfectus
836 2037 891 2094 est.

134 2134 160 2199 ὀ.
184 2133 325 2202 Occurrit
348 2142 450 2200 autem
481 2135 512 2200 in
537 2135 682 2217 prasenti
716 2133 835 2214 psalmo
860 2134 952 2198 etiam
976 2153 1013 2198 ea
1035 2132 1123 2198 nobis
1147 2131 1228 2199 oim-

98 2237 190 2318 cultas‚
208 2240 298 2323 quod,
316 2260 387 2304 oum
411 2240 488 2304 duos
511 2244 631 2303 tantum
653 2237 790 2318 psalmos
806 2238 1018 2319 acceperimus
1040 2256 1094 2318 per
1109 2235 1227 2301 litterae

97 2339 229 2408 hebraas
264 2344 461 2424 conscriptos,
504 2342 536 2405 id
574 2349 621 2408 est
659 2342 860 2406 centesimum
897 2340 1098 2406 undecimum
1135 2348 1227 2425 atque

97 2445 310 2528 duodecimum,
333 2447 375 2511 ita
397 2452 431 2512 ut
453 2469 471 2510 a
494 2447 595 2527 prima
615 2465 715 2528 usque
737 2446 776 2510 ad
796 2445 980 2510 uicesimam
1005 2451 1037 2510 et
1059 2445 1227 2510 secundam
1254 2470 1280 2509 ao

97 2551 255 2616 secundum
279 2550 428 2616 Hebraeos
458 2551 592 2616 litteram
620 2569 765 2615 uersuum
789 2569 936 2614 nnmems
959 2549 1137 2615 conueniret
1157 2569 1227 2615 uor-

98 2671 198 2737 susque
222 2653 336 2738 singuli
360 2674 378 2718 a
408 2654 599 2739 elngulomm
624 2654 846 2719 elementomm
875 2654 970 2718 initiis
1000 2652 1226 2730 inchoarentur,

49 2789 51 2792 ·
96 2756 121 2818 in
142 2757 197 2823 hoc
219 2777 302 2824 nuno
325 2758 443 2842 psalmo
466 2765 589 2824 octonos
612 2777 722 2823 uersus
738 2757 892 2822 elementa
907 2757 1030 2842 singula
1042 2758 1226 2823 obtinerent.

98 2861 144 2925 sed
163 2883 233 2927 cum
256 2863 360 2927 omnia
390 2864 522 2942 uiuendi,
558 2862 705 2928 credendi
739 2869 771 2926 et
802 2861 945 2944 placendi
980 2863 1038 2927 deo
1072 2867 1228 2944 praecepta

98 2954 311 3032 continerentur
333 2967 365 3030 ln
388 2967 515 3049 psalmo,
538 2968 570 3031 in
593 2986 629 3032 eo
652 2986 781 3031 numero
804 2967 908 3031 omnia
938 2965 1109 3031 litterarum
1140 2966 1226 3030 initia
1253 2994 1279 3031 os

135 3090 144 3136 l
164 3089 190 3142 in
202 3089 248 3142 dm
260 3088 403 3143 doctrinae
421 3088 484 3142 Vin
496 3088 602 3143 domini
615 3089 756 3143 doctrinae
768 3089 794 3142 11
802 3088 832 3141 in
841 3088 986 3143 dominum
995 3088 1138 3143 doctrinae
1150 3088 1188 3159 Cp
1199 3088 1228 3141 in

97 3171 188 3227 domini
200 3175 328 3230 doctrina
340 3193 353 3229 e
365 3176 399 3244 cf.
410 3176 491 3229 Acod.
500 3194 527 3244 p.
538 3175 574 3230 49
583 3185 605 3229 ct
618 3177 662 3228 lin.
676 3173 714 3228 24
766 3177 785 3230 4
796 3176 971 3230 innocentiae
986 3176 1012 3228 V
1061 3175 1228 3230 tinstitutis

96 3275 143 3312 non
159 3267 235 3330 egeat
252 3263 301 3330 pE
352 3262 486 3317 6habeat
495 3281 516 3333 p
569 3279 643 3316 nunc
656 3279 704 3316 om.
713 3281 734 3333 p
788 3263 868 3316 acrba
879 3261 1044 3316 innocenter
1056 3268 1084 3315 et
1096 3263 1126 3314 in
1139 3280 1187 3315 om.
1207 3262 1232 3312 V

96 3343 120 3396 in
136 3359 190 3401 onte
207 3367 293 3402 uocem
312 3348 471 3402 innocentia
490 3367 538 3403 om.
560 3349 587 3416 Ο,
605 3367 676 3418 supr.
698 3351 760 3403 odd.
775 3367 797 3420 p
850 3349 1097 3403 rinnooanczia
1115 3347 1156 3414 (in
1174 3367 1227 3401 ros.

89 3431 136 3491 sac
157 3433 191 3500 e)v
208 3437 230 3488 V
250 3435 411 3490 innocentia
438 3434 477 3502 lin
502 3454 522 3488 a.
547 3455 566 3489 s.
590 3455 623 3489 m.
650 3437 678 3498 1)
706 3436 732 3489 R
759 3435 923 3490 innocencia
943 3437 966 3488 0
1017 3439 1050 3490 10
1068 3435 1103 3489 ad
1129 3452 1227 3488 uerum

93 3535 163 3574 nsum
185 3521 220 3576 Vc
272 3522 367 3590 piaV
415 3521 532 3591 adipisci
555 3541 585 3577 aa
611 3522 698 3577 adieci
723 3541 756 3576 m.
776 3522 797 3576 2
820 3523 845 3575 V
895 3525 928 3576 ll
946 3540 998 3592 per
1015 3540 1044 3576 se
1063 3539 1112 3576 om.
1134 3519 1225 3592 Cp(A)

94 3621 145 3660 essa
162 3610 252 3662 omli
306 3611 339 3662 12
357 3609 534 3663 carismatum
558 3610 584 3664 V
635 3612 667 3663 13
685 3615 713 3663 et
731 3603 805 3663 dIV
856 3612 890 3663 14
907 3610 987 3663 aerea
1004 3608 1227 3678 praetulisset-

1018 3705 1047 3734 ue

94 3743 214 3800 scientiae
240 3765 288 3800 om.
311 3748 336 3802 V
389 3749 502 3815 reposo
529 3747 678 3816 sapientiae
706 3749 767 3801 odd.
795 3766 828 3800 m.
856 3746 876 3799 2
899 3748 923 3801 V
973 3764 1073 3816 semna
1100 3763 1116 3800 a
1139 3746 1176 3801 do
1205 3747 1231 3800 V

94 3844 199 3898 sequens
217 3834 323 3888 ideoC
374 3837 407 3888 16
425 3834 454 3888 in
483 3841 534 3888 ueri
558 3836 585 3889 R
608 3835 636 3888 in
661 3834 771 3889 ususC
822 3835 854 3887 19
872 3834 988 3887 hebreae
1012 3835 1061 3888 VR
1115 3833 1226 3890 ΟΧΞΙ
1309 3857 1318 3872 ·

94 3917 173 3985 adque
190 3921 240 3974 XII
259 3919 301 3986 (ia
319 3939 372 3974 ros.
386 3921 440 3984 fuit
462 3921 494 3986 Ο)
519 3921 543 3974 V
565 3921 747 3976 centesimum
774 3919 923 3974 undecimtl
950 3928 1034 3988 atque
1060 3919 1227 3975 duodecima

97 4003 178 4072 CpIA)
196 4007 374 4062 centesimum
385 4007 611 4063 Ξξάεοίωιιπι
636 4008 725 4077 adque
744 4007 922 4093 ppdecimum
941 4005 989 4072 (un
1007 4010 1034 4060 ia
1048 4025 1101 4062 ros.
1113 4025 1146 4059 m.
1158 4004 1188 4073 3)
1200 4008 1227 4060 It

94 4108 124 4173 cf.
137 4110 209 4163 LXX
221 4113 352 4166 Tmolend.
366 4111 404 4177 ΙΙ,
416 4110 454 4166 94
506 4115 541 4168 20
559 4129 646 4180 usque
664 4112 698 4165 ad
718 4111 879 4165 vicesimam
898 4111 1046 4164 secundam
1060 4111 1127 4181 RCp
1139 4127 1227 4178 usque

95 4193 244 4262 uicesimum
262 4199 412 4252 secundam
425 4199 453 4252 E
462 4197 495 4263 cs.
509 4201 636 4252 Addeodo
689 4201 721 4252 21
742 4201 865 4253 litteram
883 4196 1036 4252 secundum
1053 4198 1193 4252 Hebraeos
1204 4215 1226 4266 p

94 4279 123 4332 23
145 4285 296 4350 optinerent
314 4284 339 4334 11
392 4287 426 4338 aa
448 4289 477 4340 ct
501 4286 612 4340 crededi
637 4285 840 4353 Vcredendiq3
861 4303 882 4354 p
935 4286 969 4338 at
992 4285 1188 4338 contineantur
1206 4303 1226 4335 a.
