3075 4967
324 263 387 327 774
664 264 783 317 sancti
807 263 941 317 Hilarii
965 262 1129 332 episcopi

324 473 393 520 oeae
414 453 605 520 confidimus.
652 453 685 518 io
701 459 820 518 autem:
855 459 896 518 ct
917 451 1048 520 adhuc
1070 459 1203 519 tecum
1225 473 1309 519 sum
1332 455 1451 518 nondum

324 577 392 624 aesc
416 557 565 639 temporis
588 556 753 640 significat,-
785 564 817 623 ut
843 564 996 642 resurgat,
1020 557 1093 642 quia
1119 559 1258 622 nondum
1283 563 1398 638 tempus
1418 557 1452 620 eit

324 662 487 743 passionis,
511 663 584 726 dum
607 681 642 727 eo
664 661 768 727 adhuc
791 681 861 727 ease
883 681 954 726 cum
977 663 1037 727 deo
1059 660 1247 743 profiteatur.
1294 662 1360 742 ipse
1380 660 1453 726 enim

324 765 518 831 citzadeo
553 765 661 830 oriui
695 773 733 832 ot
765 765 868 831 ueni.
914 765 1017 832 adhuc
1050 784 1127 849 ergo
1160 773 1263 830 tecum
1298 785 1372 843 enm,
1394 764 1454 847 quia

285 897 298 936 a
324 871 460 935 nondum
486 870 635 954 temporis
658 875 714 950 est,
737 875 770 934 ut
793 890 811 935 a
834 875 865 936 to
887 870 1013 936 ueniam
1036 875 1067 935 et
1089 869 1217 936 ueniam
1246 871 1280 934 in
1310 870 1453 948 mnodum,

324 980 365 1052 ut,
389 993 458 1058 quae
481 973 664 1058 prophetata
687 980 765 1052 eunt,
790 974 940 1057 expleam.

368 1095 419 1160 42.
443 1093 532 1176 Quod
567 1101 682 1164 autem.
705 1096 762 1161 ait:
801 1095 835 1160 ei
868 1095 1036 1161 occidas
1070 1096 1168 1160 dous
1201 1103 1454 1177 peccatorem

324 1201 483 1284 numquid,
508 1200 560 1284 qui
576 1199 661 1265 uenit
676 1199 798 1264 saluere
813 1201 896 1283 quod
912 1199 1047 1283 perierat
1058 1205 1090 1264 et
1100 1205 1296 1291 poccatorem
1307 1199 1454 1267 redimere

326 1311 519 1385 poccatorem
534 1310 679 1386 precatur
693 1302 817 1369 occidi?
861 1303 950 1382 absit,
964 1310 998 1368 ut
1012 1303 1089 1369 uelit
1103 1303 1211 1370 occidi.
1256 1304 1313 1369 eod
1329 1308 1456 1387 peccator

223 1495 226 1502 Ι
275 1434 300 1471 ιο
327 1408 483 1487 occiditur,
519 1427 590 1473 cum
625 1407 736 1474 saeculo
774 1408 911 1484 moritur,
944 1427 1015 1473 cum
1049 1404 1174 1473 Christo
1208 1408 1400 1479 conmoritur,
1428 1411 1455 1467 ot

326 1512 408 1578 uiuat
431 1513 463 1576 in
487 1511 620 1578 Ohrieto.
667 1511 776 1577 beatus
799 1509 959 1593 apostolus
980 1512 1039 1577 ait:
1069 1512 1225 1578 cotidie
1256 1512 1403 1576 morior
1430 1518 1455 1574 et

326 1635 464 1681 rursum:
487 1614 1284 1699 mortuussumiegintuiuemGhristo.
1322 1615 1455 1680 morimur

326 1727 429 1786 autem
445 1721 496 1799 ita,
520 1723 601 1804 quod
626 1722 656 1784 in
680 1720 771 1786 nobis
786 1740 842 1801 per
857 1719 953 1786 fidem
969 1727 1131 1801 perempta
1145 1727 1275 1804 peccata
1289 1720 1454 1784 moriuntur.

327 1831 357 1890 ot
380 1825 542 1890 audiamus
575 1823 686 1897 adhuc,
710 1827 867 1908 quomodo
902 1826 978 1890 deus
1008 1835 1187 1908 peccatores
1216 1823 1339 1904 occidit,
1359 1841 1411 1904 por
1428 1820 1454 1884 io

274 1949 298 1988 ι(
327 1929 409 2013 quod
433 1929 560 1993 dicitur:
584 1927 842 1994 mortificate
865 1947 962 2013 orgo
988 1929 1166 1994 membra
1188 1935 1327 1994 uestra
1349 1943 1454 2006 super

326 2039 490 2112 terram,
529 2032 851 2110 fornicationes,
888 2032 1194 2110 inmunditiam,
1241 2031 1452 2102 libidinem,

326 2137 703 2218 concupiscentiam
735 2136 878 2201 malam
910 2143 949 2202 at
980 2137 1208 2202 auaritiam.
1255 2137 1299 2202 sic
1327 2139 1453 2216 peccator

326 2241 483 2316 occiditur,
517 2260 587 2306 cum
625 2241 787 2324 generatio
831 2241 903 2306 uitae
947 2241 1094 2322 spiritalia
1138 2240 1286 2306 uitiorum
1330 2238 1452 2304 omnium

208 2407 212 2414 .
327 2357 584 2428 peccotommquo
608 2351 708 2410 morto
730 2349 905 2410 renouatur.

276 2487 300 2524 ro
371 2464 421 2531 43.
444 2465 589 2549 Sequitur
612 2466 738 2532 deinde:
762 2466 842 2531 uiri
865 2466 1111 2550 sanguinum
1133 2465 1341 2531 declinate
1359 2483 1451 2529 ame:

328 2570 518 2655 quoniam
553 2570 659 2635 dicia
693 2569 732 2634 in
763 2569 1036 2654 cogitatione:
1070 2565 1452 2650 accipientinnaoi·

328 2681 411 2741 tato
441 2676 637 2740 ciuitates
668 2693 773 2740 suas.
818 2674 914 2740 latina
937 2674 1105 2753 menelotio,
1129 2674 1204 2739 dum
1227 2674 1370 2739 uirtutem
1391 2667 1451 2734 dicti

327 2779 457 2862 ignorat,
480 2799 629 2863 magnam
651 2778 753 2843 intulit
776 2778 996 2845 obscuritatem
1026 2798 1088 2843 non
1119 2779 1301 2844 discemene
1329 2771 1450 2858 ambigui

328 2883 481 2948 aermooie
503 2883 732 2964 proprietatem.
779 2882 860 2966 quod
883 2883 965 2948 enim
988 2883 1152 2948 nobiscum
1185 2882 1344 2948 scribitur:
1377 2897 1451 2961 quo

275 3003 301 3042 π
327 2987 433 3051 niam
470 2988 576 3052 dieis
609 2988 648 3052 in
684 2988 950 3072 cogitatione,
974 3006 1045 3052 cnm
1069 2985 1187 3053 Graecis
1211 2987 1272 3053 hoc
1294 2985 1380 3050 modo
1400 2986 1450 3046 ast:

370 3144 463 3199 ssoh.
482 3145 604 3212 xvim.
643 3147 672 3198 11
692 3145 706 3198 1
725 3143 787 3198 Cor.
808 3144 900 3209 luat.
938 3144 1168 3212 1211111119.
1207 3147 1241 3199 15
1259 3144 1357 3198 Coloaa
1374 3140 1417 3205 111,
1432 3137 1450 3187 5.

372 3284 466 3338 flesse
490 3281 623 3351 temporie
643 3283 669 3335 R
685 3281 821 3350 temporis
847 3297 906 3336 asso
924 3283 954 3334 Ε
1003 3281 1105 3336 adnm
1132 3299 1162 3336 aa
1188 3285 1291 3353 scripsi,
1316 3287 1370 3336 tum
1392 3272 1451 3330 aeR

327 3385 391 3423 cum
417 3386 447 3423 aa
476 3370 503 3422 Ε
553 3368 718 3437 profiteatur
746 3369 801 3422 RE
817 3369 988 3424 *atfateatur
1011 3367 1047 3435 (?)
1074 3369 1100 3422 G
1160 3372 1227 3423 tec
1253 3369 1339 3423 adhuc
1354 3359 1450 3432 ergoii

327 3459 424 3511 tate
451 3455 561 3511 ueniam
588 3461 617 3510 et
643 3457 753 3510 uoniam
780 3459 845 3510 coni.
864 3458 961 3510 Bened.
987 3460 1053 3510 ante
1071 3456 1182 3510 uoniam
1200 3462 1231 3510 at
1248 3457 1352 3510 uenum
1368 3470 1381 3506 c
1396 3458 1449 3504 aute

328 3543 436 3597 ueniam
465 3544 490 3596 R
509 3541 554 3608 (de
574 3546 599 3596 G
618 3545 641 3596 t.
660 3545 676 3596 1.
705 3561 755 3596 aon
783 3554 888 3606 coastat,
914 3545 961 3596 seu
987 3561 1018 3597 a
1042 3545 1127 3614 spatio
1154 3546 1323 3597 euonidorum
1345 3541 1372 3592 id
1393 3546 1449 3590 cerie

326 3633 439 3684 conicere
466 3631 530 3694 licet,
561 3648 618 3682 eum
648 3647 721 3683 uoces
747 3635 776 3683 et
802 3631 914 3684 ueniam
941 3647 993 3683 nou
1019 3628 1146 3695 emutare)
1199 3633 1217 3683 9
1244 3631 1382 3699 praecatur
1407 3619 1449 3672 GR

327 3719 360 3771 13
378 3715 452 3785 quod
471 3717 497 3769 R
516 3715 625 3784 quando
645 3717 672 3768 E
724 3720 757 3770 14
775 3722 804 3771 ct
829 3717 974 3771 audiamus
1003 3717 1055 3770 GR
1081 3717 1226 3772 audiamus
1245 3719 1274 3769 E
1320 3715 1350 3768 dt
1364 3723 1448 3780 petet·

326 3809 400 3856 torar
421 3803 477 3856 GE
500 3807 661 3872 peccatores
687 3803 755 3856 daus
774 3804 801 3856 R
855 3803 1010 3858 traicitur
1034 3804 1089 3856 RE
1110 3804 1237 3872 sequitur
1257 3803 1283 3856 G
1332 3803 1360 3854 16
1375 3791 1448 3850 1οωί-

327 3889 449 3942 cationea
476 3890 501 3941 G
527 3887 739 3943 fornicationem
758 3889 814 3942 RE
866 3890 897 3943 17
916 3890 1018 3943 malam
1045 3893 1074 3943 ct
1091 3908 1105 3942 c
1122 3891 1157 3955 cs.
1186 3891 1306 3945 Sabaon
1329 3884 1377 3951 HI,
1400 3878 1447 3933 83³¹

326 3975 461 4029 malama*
483 3975 509 4029 G
527 3981 555 4029 et
572 3978 586 4028 t
605 3993 653 4028 om.
672 3977 698 4028 R
752 3978 785 4030 19
803 3981 1037 4045 peccatorumque
1057 3979 1151 4047 scripti
1167 3982 1369 4045 peccatommn
1388 3969 1410 4018 G
1424 3972 1448 4016 ti

327 4067 505 4130 pcccatorum
524 4063 579 4116 RE
629 4064 662 4116 21
682 4061 751 4115 dicia
772 4063 797 4114 G
815 4063 877 4126 infr.
896 4065 940 4116 lia.
959 4061 999 4116 25
1018 4062 1093 4117 dices
1112 4063 1140 4114 E
1155 4062 1251 4117 dicitis
1268 4064 1293 4118 R
1339 4060 1364 4112 in
1380 4051 1446 4108 uani·

326 4153 384 4202 tate
411 4150 437 4202 R
463 4149 493 4202 in
520 4149 673 4202 uanitatem
702 4150 729 4202 Ε
753 4150 788 4217 cs.
813 4151 845 4202 de
868 4152 890 4203 t.
911 4151 929 4202 1.
947 4151 1068 4203 Suboticr
1085 4149 1125 4216 ΙΙ,
1144 4149 1200 4203 271
1252 4152 1287 4204 114
1302 4145 1410 4202 anatur
1426 4137 1446 4185 ‘i

327 4236 361 4288 25
379 4235 449 4288 diois
470 4237 495 4288 G
512 4235 588 4289 dices
607 4236 667 4288 RE.
