3075 4967
359 299 592 353 tractatuum
611 299 783 366 psalmum
802 299 973 352 CXXXVIII.
1172 297 1235 363 749

96 493 174 556 cuius
204 497 296 555 antea
326 489 471 554 manebat
503 490 535 553 in
570 489 679 554 forma.
725 490 782 554 sed
814 488 883 553 haec
916 486 1072 569 apostolus
1100 489 1164 554 iarn
1194 491 1235 554 de

97 596 236 675 perfectis
258 595 376 660 Iocutus
399 601 461 660 est:
486 595 762 658 demonstrandum
787 604 892 658 autem
922 593 954 657 in
984 592 1155 676 euangeliis
1177 599 1234 672 est,

95 701 138 764 ubi
164 707 195 764 et
216 699 363 780 probatus
387 705 418 763 et
439 698 581 781 cognitus
605 703 660 762 θεῖ.

131 805 161 868 o.
184 803 352 868 Humilitas
379 803 484 886 itaque
518 801 583 867 eius
613 801 754 882 probatio
785 812 842 867 est.
885 802 1066 884 unigenitus
1099 820 1234 886 namque

95 909 175 986 dene,
198 915 395 991 peccatorum
417 907 573 984 remissor,
607 907 715 970 aterni
738 907 830 990 regni
854 906 996 971 dominus
1026 906 1175 987 baptizari
1199 926 1234 970 se
1275 931 1288 970 a

94 1021 250 1095 tamquam
272 1019 467 1092 peccatorem
490 1010 634 1091 exposcit.
681 1010 820 1074 officium
853 1011 936 1074 istud
968 1010 1104 1091 baptista
1133 1012 1235 1075 renuit

93 1135 262 1200 agnoscens
296 1135 376 1192 eum,
399 1114 451 1198 qui
487 1114 549 1180 sibi
583 1114 683 1194 potius
713 1119 853 1197 peccata
872 1116 1010 1180 donaret.
1055 1113 1108 1179 ille
1130 1123 1234 1180 autem

93 1221 223 1300 suscepti
253 1221 284 1283 in
315 1239 348 1284 se
379 1218 514 1283 hominis
548 1217 697 1283 iustitiam
732 1217 826 1283 etiam
861 1224 1054 1283 sacmmento
1087 1218 1233 1300 baptismi

93 1323 237 1404 explemt:
261 1323 378 1404 peccati
400 1322 506 1400 nostri,
530 1323 648 1402 peccati
672 1323 739 1402 ipse
762 1322 895 1400 nescius,
917 1323 1073 1404 particeps
1089 1323 1156 1387 fieri
1172 1343 1234 1387 non

92 1435 213 1493 recusat
236 1434 266 1493 et
289 1447 413 1491 omnem
435 1427 466 1491 in
491 1445 524 1491 se
548 1424 754 1491 humilitatem
778 1428 903 1491 caduceo
932 1428 1033 1491 carnis
1064 1428 1234 1493 adsumens
1261 1449 1286 1486 ιο

92 1529 256 1597 Iordanem
290 1530 387 1595 turbis
421 1537 618 1610 peccatorum
653 1532 766 1595 mixtus
800 1532 980 1614 ingreditur,
1025 1531 1172 1611 probatur
1202 1531 1234 1594 in

93 1636 155 1700 istis
179 1636 332 1710 omnibus,
357 1636 431 1698 dum
452 1643 600 1718 geruntur
608 1658 615 1714 ;
639 1636 694 1699 sed
716 1636 888 1712 uideamus,
912 1654 951 1697 an
974 1635 1120 1715 probatus
1136 1653 1234 1718 agno·
1330 1657 1334 1664 ¹

92 1741 191 1804 scitrm.
219 1741 262 1804 ait
277 1741 360 1804 enlm
373 1738 580 1822 euangelista:
605 1745 643 1804 θῖ
665 1739 873 1820 baptizato
896 1737 988 1803 Iesu
1011 1737 1232 1804 contestIm

93 1844 282 1908 ascendit
305 1843 351 1908 de
374 1863 484 1926 aqua.
529 1843 935 1923 ctecccapertisunt
957 1841 1044 1908 caeli
1067 1853 1105 1908 et
1126 1842 1235 1907 uidit

92 1947 284 2028 spiritum
314 1948 378 2013 dei
409 1949 730 2013 descendentem
760 1947 806 2013 de
829 1945 935 2024 caelo,
959 1948 1066 2012 sicut
1089 1946 1233 2013 colum·
1261 1968 1286 2005 ιι

93 2052 174 2116 bam
211 2053 445 2117 uenientem
483 2051 524 2116 in
560 2053 699 2132 ipsum,
738 2056 777 2116 et
814 2071 910 2116 ecce
946 2073 1020 2116 nox
1058 2054 1104 2117 de
1138 2050 1234 2116 caelo

92 2155 232 2222 dicens
267 2157 313 2220 ad
344 2176 443 2221 eum:
482 2155 546 2220 hic
581 2163 642 2221 est
675 2153 793 2221 lilius
826 2175 937 2220 meus
972 2155 1161 2234 dilectus,
1194 2156 1234 2220 in

91 2279 163 2344 quo
195 2259 421 2341 conplacui.
465 2261 676 2342 probationem
708 2280 781 2324 mox
810 2266 976 2326 consecuta
1006 2260 1140 2344 cognitio
1169 2265 1233 2324 est:

91 2371 119 2428 θῖ
141 2383 232 2448 quem
256 2364 415 2429 humilitas
437 2363 630 2446 probabilem
655 2365 780 2442 lecerat,
802 2363 886 2429 hunc
901 2372 1032 2445 paterna
1052 2384 1112 2429 uox
1133 2363 1234 2428 filium

90 2467 295 2548 conplacitum
318 2466 385 2547 sibi,
408 2474 572 2553 postquam
596 2470 747 2548 probauit,
771 2469 915 2533 ostendit.
961 2477 1007 2534 est
1030 2476 1061 2533 et
1082 2467 1232 2549 probatio,
1260 2485 1286 2523 ²⁰

90 2592 183 2654 quam
202 2573 306 2638 statim
330 2578 497 2637 consecuta
513 2573 646 2656 cognitio
662 2578 718 2638 est.
764 2573 795 2637 in
811 2575 933 2637 deserto
948 2573 1022 2656 agit,
1039 2572 1234 2652 temptationi

90 2676 202 2742 diaboli
225 2677 374 2742 subicitur
408 2696 539 2761 seseque
572 2697 654 2742 nunc
684 2677 716 2740 in
740 2677 901 2761 fastigium
934 2676 1052 2757 templi,
1085 2695 1167 2741 nunc
1202 2676 1234 2740 in

90 2780 246 2846 excelsum
269 2785 406 2846 montem
429 2781 543 2862 patitur
567 2780 676 2846 efferri.
722 2778 915 2846 contumeliae
930 2781 1036 2863 itaque
1058 2801 1091 2845 se
1114 2779 1234 2844 iniuriae

90 2891 154 2948 tam
176 2885 282 2970 grauis
305 2885 432 2963 dedidit,
456 2885 529 2949 dum
551 2885 582 2950 in
607 2886 728 2950 deserto
752 2891 808 2961 est,
833 2884 907 2949 dum
931 2885 1110 2950 condicione
1133 2891 1233 2966 temp·

90 2990 213 3054 tationis
235 2988 392 3067 inluditur,
415 2989 489 3054 dum
512 2988 627 3054 eleuari
646 2995 747 3072 potest
762 2992 794 3053 in
810 2987 960 3069 templum
976 2994 1069 3072 atque
1085 2995 1233 3054 montem.
1259 3003 1285 3042 π

88 3094 145 3158 sed
177 3094 414 3174 temptationum
448 3093 662 3174 probationem
696 3093 893 3177 agnoscentis
928 3093 1138 3157 testimonium
1171 3113 1233 3156 non

88 3195 218 3281 reliquit.
265 3197 589 3277 aiteuimscriptura:
614 3202 709 3262 tunc
732 3195 906 3279 reliquit
929 3216 1012 3261 eum
1035 3196 1233 3271 diabolus,

88 3307 126 3365 et
151 3321 240 3367 ecce
264 3301 403 3385 angeli
426 3300 720 3366 miuistrabant
743 3302 787 3365 ei.
833 3299 926 3365 homo
943 3306 1118 3381 temptatur,
1139 3299 1233 3364 bomo

88 3403 312 3483 circumfertur,
343 3407 399 3470 sed
422 3411 492 3486 post
514 3405 583 3470 haec
598 3404 700 3489 angeli
717 3404 902 3468 ministrant.
948 3424 1004 3484 per
1020 3404 1233 3485 probationem

132 3546 167 3598 18
182 3545 280 3600 Matth.
300 3546 348 3613 111,
368 3547 400 3599 16
418 3563 458 3613 sq.
495 3547 529 3598 117
547 3544 646 3599 Marah,
665 3545 713 3612 IV,
734 3547 775 3599 11.

128 3667 194 3719 2in
217 3667 370 3736 euangeliis
391 3667 467 3718 GPT
492 3667 521 3720 in
550 3666 694 3734 euangelio
714 3667 740 3719 R
794 3666 944 3718 *Idoncret
962 3665 1002 3718 Re
1019 3665 1148 3718 donasset
1168 3665 1234 3717 Pro

82 3755 100 3804 9
119 3753 243 3820 expleuit
260 3772 290 3806 er
308 3753 433 3821 explebit
451 3752 478 3806 P
528 3753 637 3820 peccati
655 3753 709 3806 ItT
727 3757 755 3806 et
774 3751 882 3821 peccati
900 3751 927 3803 P
979 3755 1012 3805 16
1030 3767 1086 3805 uox
1103 3752 1138 3805 dc
1156 3752 1234 3806 caelo

83 3839 184 3892 dicens
210 3841 245 3894 ad
272 3857 335 3895 eum
357 3841 382 3892 G
407 3856 463 3894 uox
490 3839 584 3893 dicens
612 3840 648 3893 ad
674 3857 737 3894 enm
762 3841 789 3892 R
815 3855 870 3892 uox
897 3839 932 3892 de
958 3839 1035 3892 caelo
1062 3838 1157 3891 dIcene
1184 3839 1235 3891 Pr

84 3927 122 3980 20
139 3926 268 3993 probauit
287 3946 317 3980 er
334 3927 464 3994 probabit
483 3927 508 3978 P
558 3929 593 3981 24
611 3927 719 3980 dedidit
737 3925 775 3979 11ι
798 3924 874 3980 dedit
891 3921 1011 3978 R’PTE
1060 3926 1095 3979 26
1112 3931 1234 3994 tempta·

85 4013 198 4066 tionum
216 4032 245 4067 er
262 4014 473 4083 temptationem
502 4031 570 4068 corr.
588 4031 620 4066 m.
640 4015 656 4066 1
675 4015 701 4066 R
727 4013 912 4081 tomptionum
930 4013 957 4065 P
1007 4017 1190 4081 agnoscentes
1208 4012 1236 4065 P

85 4102 121 4152 27
143 4103 210 4153 tunc
228 4101 253 4154 R
270 4099 301 4154 tn
320 4101 370 4152 PT
421 4100 542 4169 reIIquid
560 4099 623 4153 RP¹
677 4101 712 4152 28
729 4100 925 4153 ministrabant
943 4099 1022 4151 ΡΓΕ
1037 4099 1234 4152 ministranti?

86 4187 124 4239 29
143 4185 302 4241 ministrant
311 4188 392 4240 RTE
398 4187 632 4243 minIstrabantP
681 4203 732 4255 per
749 4185 913 4256 probatione
931 4205 961 4239 ex
978 4203 1029 4254 per
1039 4186 1233 4255 probationem

88 4269 156 4337 (alc)
178 4272 208 4325 11.
