3075 4967
268 254 310 318 40
607 255 721 309 sancti
747 254 883 307 Hilarii
908 252 1070 321 episcopi

267 444 489 509 transferentes
512 446 597 509 etin
621 464 785 509 numemm
808 444 995 527 redegerunt
1019 450 1050 507 et
1082 444 1114 507 in
1137 444 1278 508 ordinem
1310 445 1423 509 conlo·

267 554 413 613 cauemnt
443 554 474 613 et
496 548 676 631 diapsalmis
699 550 911 623 distinxerunt,
946 550 997 630 qni
1021 567 1131 613 omnes
1154 549 1326 613 secundum
1351 549 1424 613 He·

268 652 365 717 braeos
389 653 507 717 confusi
530 660 559 717 et
582 652 775 718 habebantur
797 660 828 716 et
849 651 1011 718 habentur.
1047 651 1156 716 berum
1191 654 1287 736 igitur
1313 661 1423 717 trans-

268 755 396 821 lationes
419 756 560 822 Hebraeis
590 764 656 821 tum
685 756 793 840 lingua
822 764 942 821 tantum
982 776 1038 821 sna
1060 758 1215 821 utentibus
1239 777 1300 821 non
1325 769 1423 822 erant

227 891 239 925 a
266 862 455 925 necessaria.
489 860 565 941 ipsis
588 868 703 939 tamen,
726 861 871 926 omnibus
894 860 1035 943 diligenti
1054 868 1085 925 et
1107 859 1252 945 religiosa
1272 863 1423 926 custodia

266 962 446 1032 chasmatis,
470 964 581 1046 quibus
615 972 721 1045 postea
749 965 894 1029 dominus
925 964 1027 1047 legem
1056 984 1184 1029 omnem
1217 973 1424 1031 sacramento

267 1073 298 1131 et
338 1069 557 1148 corporationis
599 1088 662 1133 suae
707 1075 738 1135 et
782 1070 936 1150 passionis
973 1076 1003 1133 et
1040 1070 1273 1134 resurrectionis
1310 1068 1423 1154 inple-

266 1176 360 1247 uerat,
384 1192 517 1255 cumque
533 1172 583 1237 bis
599 1172 696 1251 libris,
713 1192 791 1257 quos
815 1174 882 1256 regi
905 1173 990 1238 idem
1013 1172 1214 1237 translatores
1237 1174 1423 1254 ediderant,

266 1274 393 1339 conlatis
417 1284 447 1341 et
469 1275 602 1342 fideliter
625 1277 863 1341 consonantibus
887 1278 1026 1357 repertis,
1048 1275 1270 1341 indissolubilis
1296 1279 1424 1342 consti·

215 1410 239 1443 ιο
266 1384 331 1443 tuta
354 1385 401 1444 est
422 1380 584 1465 priuilegio
608 1380 754 1446 doctrinae
778 1382 930 1445 etaetatis
953 1382 1128 1446 auctoritas.

309 1483 337 1546 4.
362 1484 475 1549 Beatus
510 1504 583 1569 ergo
616 1484 771 1566 apostolus
810 1484 933 1562 Paulus,
978 1484 1147 1549 secundum
1185 1484 1422 1565 professionem

266 1606 354 1651 snam
378 1586 530 1652 Hebraeus
554 1608 592 1652 ex
614 1588 766 1666 Hebraeis,
790 1590 883 1653 etiam
907 1590 1077 1653 secundum
1100 1587 1280 1653 hebraicam
1303 1591 1424 1673 cogni-

266 1691 379 1755 tionem
404 1698 435 1755 et
457 1692 553 1756 fidem
576 1692 730 1773 psalmum
746 1692 830 1758 hunc
845 1695 980 1772 primum
996 1712 1066 1757 esse
1081 1693 1165 1769 dixit,
1189 1691 1421 1759 translatorum

265 1794 460 1860 distinctione
483 1816 543 1860 non
566 1816 655 1862 usus:
679 1797 725 1861 cui
750 1798 920 1860 maxinmm
945 1796 1004 1860 hoe
1026 1798 1214 1877 praedicandi
1243 1798 1284 1861 nd
1319 1816 1425 1881 syna-

213 1926 238 1965 rs
263 1918 354 1982 gogae
388 1900 542 1980 principes
581 1900 717 1965 studium
751 1909 825 1977 erat,
858 1909 892 1964 nt
926 1901 1087 1965 dominum
1125 1909 1264 1965 nostrum
1304 1901 1422 1967 Iesum

265 2000 421 2068 Obristum
446 2004 495 2068 dei
518 2002 624 2081 filium,
654 2010 770 2081 natum,
799 2024 935 2086 passum,
966 2012 1181 2087 resurgentem
1211 2024 1348 2089 regnare
1386 2008 1423 2070 in

264 2112 414 2171 aeternum
449 2128 487 2173 er
522 2108 660 2173 doctrina
704 2107 784 2192 legis
818 2110 1004 2174 estenderet
1049 2110 1145 2173 tenuit
1181 2110 1286 2192 itaque
1328 2108 1426 2175 hune

265 2212 399 2289 modum,
415 2222 449 2275 ut
466 2212 606 2277 Hebraeis
621 2214 793 2295 praedicans
807 2212 1010 2277 Hebraeorum
1026 2214 1247 2278 consuetudine
1261 2219 1425 2279 uteretur.

263 2314 320 2379 sed
342 2315 431 2380 nobis
465 2315 685 2381 translatomm
720 2317 870 2381 utendum
904 2318 1084 2381 auctoritate
1118 2326 1175 2394 est,
1209 2315 1314 2400 legem
1350 2338 1423 2383 non

212 2450 237 2488 a»
266 2419 466 2503 ambiguitate
488 2419 606 2499 litterae,
629 2422 686 2485 sed
709 2421 856 2485 doctrina
879 2422 1011 2486 scientia
1032 2422 1282 2487 transferentem.

308 2521 336 2586 5.
361 2522 493 2588 Praestat
525 2532 628 2588 autem
663 2544 744 2589 nunc
776 2524 1036 2591 absolutissimam
1068 2524 1315 2608 intellegentiam
1339 2547 1422 2607 per-

264 2645 356 2703 sonae,
390 2630 547 2707 temporis,
581 2648 681 2693 causa
715 2628 884 2710 apostolica
918 2630 1092 2693 auctoritas.
1136 2649 1210 2693 narn
1256 2630 1331 2713 qnid
1384 2634 1422 2696 in

264 2729 341 2794 libro
366 2732 515 2797 Aetomm
551 2752 675 2797 suornm
706 2732 745 2797 de
779 2732 839 2797 boc
874 2735 983 2798 eodem
1018 2731 1137 2813 psalmo
1170 2734 1255 2799 idem
1278 2736 1420 2814 apostoli

263 2836 424 2913 senserint,
462 2837 566 2901 uerbis
604 2838 740 2917 ipsomm
780 2836 948 2921 loquemur.
993 2839 1141 2918 seriptum
1183 2858 1320 2921 namque
1350 2848 1421 2907 est:

211 2970 236 3008 aa
265 2939 367 3019 ipsis
391 2940 648 3006 dicentibus:
684 2942 851 3019 domine,
875 2949 914 3006 tn
938 2961 986 3019 es,
1009 2942 1076 3025 qni
1099 2941 1242 3007 fecisti
1268 2941 1419 3009 caelum

264 3050 301 3106 et
325 3050 476 3108 terram
499 3053 536 3109 et
559 3064 667 3109 mare
690 3052 727 3109 et
749 3047 890 3123 emnia,
914 3066 997 3127 qua
1020 3046 1058 3109 in
1093 3044 1182 3111 illis
1205 3052 1308 3123 sunt,
1340 3052 1419 3131 qni

264 3166 332 3226 per
352 3150 686 3229 ospatrisnostri
704 3149 841 3227 Dauid,
865 3152 998 3214 saneti
1023 3150 1136 3229 pueri
1160 3151 1419 3227 tuidixisti:

263 3270 388 3333 quare
413 3251 671 3317 fremuerunt
693 3261 849 3338 gentes,
872 3260 907 3317 et
932 3252 1068 3333 populi
1093 3255 1283 3317 meditati
1314 3264 1422 3323 sunt

305 3374 339 3427 25
358 3374 419 3426 Act.
439 3390 481 3442 ap.
501 3374 546 3439 IV,
566 3377 608 3428 24.

307 3478 319 3527 l
349 3476 512 3546 redigerunt
535 3479 560 3530 l'
608 3480 672 3532 dat
690 3479 719 3531 in
743 3479 903 3546 diapsalmis
922 3480 1127 3587 distincrlrlerunt
1144 3480 1170 3531 V
1218 3480 1336 3535 hebreos
1365 3483 1421 3535 VR

348 3556 359 3583 Ι

262 3597 506 3652 3tranlationesR
541 3599 768 3669 aoumlinguatt
803 3600 1029 3667 bdiligentiaere
1042 3600 1120 3669 glosa
1133 3601 1158 3654 l'
1189 3604 1421 3674 liposteascriper'

261 3688 440 3751 posteaquam
469 3688 523 3737 cod.
546 3686 580 3753 cs.
600 3688 728 3740 Addeada
781 3704 862 3740 omne
886 3688 911 3737 V
947 3692 1119 3740 sacramento
1150 3688 1355 3755 corporationis
1392 3690 1421 3740 R

261 3772 278 3822 8
304 3784 423 3838 cumque
450 3774 543 3841 scripsi
569 3788 633 3825 cum
660 3774 714 3826 cod.
766 3773 840 3827 idem
864 3772 931 3826 VRa
958 3774 993 3842 cf.
1021 3774 1096 3827 Neue
1114 3774 1244 3827 Formenl.
1276 3775 1316 3838 If,
1353 3777 1421 3831 :²011

263 3856 367 3909 iideme
419 3856 616 3927 licompertisa
671 3862 703 3913 12
721 3860 840 3914 hebreus
864 3859 912 3913 Va
930 3870 953 3911 et
970 3859 1078 3922 eicsere
1095 3878 1196 3929 semper
1248 3861 1419 3918 hebraicam

1047 3938 1063 3967 u
1088 3939 1101 3967 Γ

262 3977 488 4032 constitutionem
511 3980 536 4033 V
588 3982 620 4034 16
646 3986 712 4049 xpm
738 4000 810 4051 supr.
838 3984 899 4034 add.
923 3976 949 4032 V
1000 3984 1033 4035 18
1059 3986 1171 4034 tenetur
1194 4000 1261 4035 corr.
1283 3998 1317 4035 m.
1344 3982 1369 4035 2
1396 3986 1422 4040 l'

261 4066 295 4119 20
331 4064 517 4119 transferentis
550 4066 575 4119 V
603 4066 758 4120 trasferedd
785 4088 804 4117 α
837 4067 1029 4121 transferendo
1063 4052 1116 4117 Εἰ
1186 4070 1221 4122 23
1251 4066 1353 4121 actarii
1385 4090 1420 4127 er

260 4149 376 4205 auctorit
385 4152 448 4204 a?
462 4152 487 4206 V
528 4152 717 4223 aeloqmurlt
760 4154 895 4208 scribtum
906 4170 1043 4222 namqnae
1051 4153 1091 4207 ite
1101 4159 1144 4207 est
1158 4156 1183 4207 V
1223 4157 1296 4209 ibet
1305 4154 1381 4223 ipsis
1390 4160 1422 4211 Ia'

261 4243 292 4290 tn
310 4256 340 4290 ea
358 4252 392 4292 cn
411 4237 516 4291 carali
569 4241 603 4294 26
621 4244 650 4293 et
667 4256 744 4294 mare
763 4244 789 4293 ia
808 4258 889 4309 marp.
909 4244 969 4294 cdd.
987 4257 1020 4293 m.
1043 4242 1057 4292 l
1077 4242 1101 4293 fl
1154 4241 1211 4294 illis
1229 4260 1259 4294 ea
1275 4241 1356 4296 illins
1379 4244 1416 4298 R.
