3075 4967
356 303 536 352 tractatus
555 297 589 350 in
607 298 777 366 psalmum
796 295 967 352 cxxxvlii
1171 295 1233 361 769

103 491 150 554 sed
170 489 228 554 ait:
252 490 320 573 qui
343 509 402 555 me
424 489 546 566 uidet,
569 489 683 554 uidet
706 493 744 552 et
766 493 932 568 petrem.
957 486 1234 568 perindifferentis

101 599 207 658 uaturae
231 593 376 659 uirtutem
398 613 477 670 eum,
501 594 540 658 de
563 612 623 676 quo
654 591 859 676 quaerebatur,
889 602 1012 673 patrem
1042 591 1179 673 conspici
1203 604 1233 658 et

101 698 127 761 in
155 717 187 764 se
221 717 292 764 esse
324 698 500 779 respondit3
522 705 554 762 et
576 698 607 762 id
631 696 735 763 adhuc
764 697 935 762 absolutius
964 696 1109 762 subiecit:
1141 717 1230 782 quo·

100 805 203 868 modo
226 808 266 868 tu
288 801 410 867 dicis:
433 801 604 868 ostende
627 801 746 867 nobis
768 799 950 882 patrem?
993 820 1070 865 nou
1092 802 1233 868 credis

99 905 197 983 mihi,
232 906 420 990 quoniam
453 925 527 990 ego
550 906 589 970 in
613 911 728 986 petre
762 912 801 971 et
834 912 951 985 pater
984 906 1023 968 in
1058 925 1115 971 me
1144 909 1232 972 est?
1272 932 1285 969 a

97 1009 221 1087 uerba,
245 1030 328 1094 quae
350 1029 423 1094 ego
446 1009 591 1094 loquor
612 1010 738 1087 uobis,
762 1029 837 1074 uon
859 1027 953 1074 eme
975 1009 1138 1094 loquor;
1161 1012 1232 1076 sed

97 1121 212 1192 nater,
236 1114 364 1197 quiin
387 1133 445 1180 me
468 1119 607 1192 manet
639 1114 729 1196 ipse
753 1113 858 1178 iecit
878 1133 1002 1194 opere
1024 1135 1106 1180 sna.
1151 1134 1231 1180 cre·

97 1218 173 1284 dite
208 1217 316 1296 mihi,
338 1219 528 1302 quoniam
563 1237 636 1303 ego
669 1219 709 1282 in
743 1224 860 1299 patre
893 1225 932 1284 et
960 1226 1079 1300 pater
1101 1219 1140 1283 in
1163 1239 1230 1284 me.

95 1322 151 1386 siu
183 1328 326 1398 autem,
359 1322 423 1388 uel
456 1328 626 1405 propter
662 1341 786 1406 opera
818 1323 987 1389 credite.
1032 1324 1136 1408 arguit
1168 1342 1230 1388 non

94 1425 319 1510 intellegentem
344 1431 377 1491 et
409 1424 512 1492 aduae
546 1429 585 1493 de
620 1433 707 1508 patre
740 1433 930 1510 querentem
961 1433 992 1492 et
1021 1447 1078 1508 per
1099 1446 1229 1508 operum
1259 1451 1283 1488 to

94 1529 288 1596 efficientium
310 1531 456 1596 uirtutem
472 1530 568 1615 petris
583 1531 613 1594 in
629 1530 790 1616 unigenito
806 1550 867 1594 nou
884 1537 1091 1596 contuentem
1124 1538 1232 1597 manet

94 1634 224 1698 enimin
248 1642 404 1715 moster.
449 1643 498 1700 est
519 1653 655 1718 namque
683 1634 808 1719 genitus
838 1655 876 1700 er
906 1655 951 1712 eo,
982 1655 1043 1699 non
1067 1643 1115 1702 est
1137 1637 1167 1700 iu
1192 1655 1229 1702 eo

92 1757 175 1803 noue
209 1738 374 1804 creationis
406 1737 509 1804 aliena
540 1744 661 1803 nature.
707 1739 820 1804 uirtute
854 1738 935 1804 filius
973 1749 1029 1818 ost,
1068 1739 1229 1806 diuinitate

91 1839 168 1906 iilius
189 1849 246 1920 est
270 1843 443 1908 substantia
476 1842 558 1908 filius
591 1849 646 1920 est
682 1843 885 1926 generatione
918 1841 1000 1908 fitius
1034 1851 1089 1908 est.
1134 1863 1231 1924 opera

91 1951 248 2024 testentur,
270 1955 442 2028 potestates
463 1946 614 2026 locuntur,
648 1965 704 2028 per
735 1954 854 2012 natue
887 1947 1069 2031 progeniem
1103 1948 1135 2012 iu
1166 1946 1229 2012 etio
1257 1975 1282 2014 ιθ

91 2057 206 2130 panem
241 2071 311 2117 esee
345 2057 376 2116 et
409 2071 465 2135 per
497 2050 643 2136 legitima
677 2051 809 2134 originis
842 2050 1045 2116 substantiam
1076 2051 1172 2116 fitium
1197 2051 1228 2115 in

90 2159 173 2234 patre
197 2175 275 2221 esse.
320 2175 382 2221 uon
417 2156 561 2222 dissentit
593 2154 661 2220 hoec
695 2155 733 2220 ab
756 2155 898 2240 ingenito
920 2163 993 2220 nata
1015 2155 1226 2239 generositas:

87 2277 179 2324 unum
204 2261 296 2325 ambo
319 2265 397 2326 suut
443 2265 531 2344 peter
559 2259 683 2325 uidetur
712 2261 743 2323 iu
773 2258 838 2324 fito
867 2265 899 2325 et
927 2260 1051 2325 uidetur
1080 2279 1141 2324 non
1173 2279 1230 2341 per

87 2362 249 2430 inuisibilis
272 2363 362 2430 nobie
385 2369 502 2428 neturae
524 2362 826 2444 contemplationem,
859 2365 915 2429 sed
938 2385 992 2444 per
1021 2383 1147 2446 operum
1171 2367 1226 2430 od-

86 2467 289 2534 mirationem.
334 2468 387 2533 tilii
412 2469 494 2534 enim
516 2487 611 2549 opera
642 2487 736 2549 opera
765 2468 862 2552 patria
885 2475 966 2546 sunt,
995 2488 1058 2533 non
1080 2468 1225 2534 inbecillo
1254 2495 1280 2532 e

86 2573 123 2636 ad
145 2572 312 2638 efficienda
334 2592 373 2638 ea
393 2571 456 2637 tilio
480 2590 581 2656 neque
604 2571 728 2638 diuerso
751 2573 865 2638 uirtute
887 2581 1020 2638 naturae:
1044 2574 1100 2638 sed
1114 2573 1148 2637 id
1163 2572 1227 2637 iiiio

85 2675 248 2753 officiente,
279 2676 432 2761 quidquid
454 2677 490 2754 is,
513 2696 533 2740 a
554 2696 615 2760 quo
637 2675 706 2757 ipse
729 2682 778 2742 est
807 2677 939 2761 genitus,
963 2675 1086 2742 efficiet.
1131 2683 1225 2760 etque

84 2779 152 2844 ideo
175 2801 233 2861 per
254 2780 295 2860 id,
318 2782 402 2864 qood
422 2781 455 2845 in
478 2780 640 2846 maiestate
662 2799 790 2862 operum
809 2780 890 2845 titius
905 2779 1154 2862 contemplabilis
1169 2787 1225 2857 est,

84 2891 170 2962 pater
194 2903 316 2969 quoque
337 2884 460 2950 uidetur
482 2885 514 2949 in
537 2883 610 2949 tilio.

126 2988 176 3052 36.
203 2987 261 3054 His
284 3007 358 3072 ergo
382 2987 486 3064 oculis,
509 2991 563 3072 qui
586 2991 791 3055 aeteruitatem
815 2993 846 3054 in
869 2989 933 3055 titio
948 2996 1085 3071 paternae
1103 2990 1226 3055 uirtutis
1253 3014 1279 3052 aa

82 3099 279 3175 contuentur,
295 3094 326 3158 id
343 3099 390 3157 est
407 3091 554 3174 apostolis
570 3094 603 3159 id
619 3100 771 3177 precatur,
786 3101 819 3159 ut
834 3094 865 3158 in
881 3093 933 3159 dei
948 3092 1026 3157 libro
1042 3093 1226 3171 scribantur,

83 3203 230 3262 maneant
252 3196 370 3261 scilicet
392 3197 423 3260 iu
448 3197 631 3261 memoriam
654 3203 813 3272 eternam,
843 3218 899 3279 pro
922 3198 1034 3281 quibus
1056 3197 1107 3261 teli
1132 3217 1224 3280 prece

81 3299 113 3363 in
136 3299 312 3384 euangeliis
335 3300 448 3365 orauit:
483 3307 610 3381 poter,
644 3301 912 3366 menifestaui
945 3320 1088 3366 nornen
1118 3308 1224 3366 tuum

82 3402 325 3479 hominibus,
349 3422 447 3488 quos
470 3404 624 3470 dedisti
649 3405 747 3469 mihi
772 3406 818 3470 de
840 3405 1006 3482 saeculo3
1029 3406 1086 3470 tui
1103 3411 1226 3479 erant,

82 3514 119 3572 et
140 3507 242 3574 mihi
265 3529 332 3575 eos
355 3509 522 3589 dedisti,
546 3518 583 3572 et
604 3510 772 3575 uerbum
802 3516 912 3575 tuum
942 3514 1224 3574 seruauerunt.
1251 3531 1277 3570 so

81 3632 184 3678 nuno
219 3619 509 3697 cognorerunt,
545 3613 734 3696 quoniam
769 3614 915 3690 omnia,
950 3633 1033 3697 quoe
1067 3613 1224 3678 dedisti

81 3715 191 3794 mihi,
215 3717 308 3784 dedi
332 3717 400 3793 eis,
425 3721 461 3781 et
484 3717 566 3798 ipsi
589 3729 837 3798 acceperunt
860 3719 1099 3783 etscierunt
1120 3736 1225 3793 uere,

122 3875 308 3944 eroum,
327 3878 421 3930 a—ra.
457 3877 493 3930 ea
510 3875 566 3930 roe.
584 3875 669 3944 xvu,
689 3879 705 3930 e
724 3893 763 3944 q.

123 4017 206 4068 lme
224 4013 300 4068 uidet
319 4015 364 4067 Ra
382 4014 459 4069 uidet
478 4031 552 4068 mee
605 4015 669 4070 3in
687 4033 715 4069 se
734 4032 793 4069 esse
812 4017 838 4069 R
855 4016 885 4068 in
903 4031 963 4069 sese
981 4035 995 4068 e
1012 4016 1042 4068 in
1060 4032 1119 4068 sese
1138 4015 1222 4066 esset

80 4101 210 4154 luerim
237 4102 266 4154 iu
293 4118 325 4155 eo
354 4102 449 4154 Bened.
477 4101 550 4154 enim
578 4102 617 4155 Re
672 4104 703 4156 le
722 4104 802 4155 ererlm
828 4102 976 4157 diuinitate
993 4128 1028 4138 -
1045 4101 1224 4170 generatione

78 4185 152 4242 filius
183 4193 228 4242 est
251 4205 299 4241 om.
324 4189 349 4242 R
403 4190 436 4242 15
454 4189 631 4256 loquuturR
683 4191 821 4258 scopere
846 4191 923 4243 scatet
948 4208 997 4242 scr,
1016 4189 1042 4241 R
1093 4189 1128 4241 22
1146 4187 1189 4241 his
1208 4204 1225 4239 a

78 4292 133 4342 quo
152 4276 181 4328 R
233 4277 267 4330 at
285 4291 384 4344 praece
403 4276 429 4328 R
481 4277 515 4329 32
534 4275 597 4330 dedi
616 4275 659 4329 his
678 4277 710 4330 R.

130 4395 207 4436 xxn.
221 4395 291 4437 utto.
306 4396 363 4436 rues
378 4404 429 4446 pm
444 4397 462 4437 r.
1034 4384 1070 4436 te
