3075 4967
418 266 599 317 tractatus
618 263 652 316 in
670 262 840 332 psalmum
859 262 976 317 CXLIV.
1215 260 1278 328 839

126 454 342 539 dedignantes
359 455 414 518 sed
437 473 514 538 quas
531 454 693 537 eloquatur
708 454 813 531 oratio,
837 472 913 536 quas
928 473 1039 534 praees
1056 457 1278 519 contestentur.

126 558 398 623 etideosubierit:
423 564 460 622 et
486 558 714 622 orationem
739 577 872 622 eorum
896 558 1096 623 exaudiet.
1134 556 1279 622 uoluntas
1384 551 1386 555 ’

125 681 202 746 ergo
234 682 270 727 ea
300 662 400 726 adeo
432 661 479 740 fit,
514 681 582 745 quae
614 680 687 727 uooe
721 662 866 727 orationis
900 662 1073 727 exauditur.
1119 662 1175 727 sed
1208 680 1278 745 quae

125 764 272 831 uoluntas
294 764 349 832 fiet
371 766 552 829 orantium?
597 774 634 831 et
656 764 795 831 saluos
818 766 954 845 faeiat,
976 767 1084 849 inquit
1109 786 1184 831 eos.
1219 765 1279 831 boe

126 869 236 935 uolunt
258 870 404 935 timentes
428 870 530 947 deum,
553 868 612 934 boo
630 879 663 934 ut
678 870 841 935 audiantur
855 880 952 944 orant,
975 877 1086 935 utnon
1102 870 1279 935 dominetur
1316 893 1330 931 ι

126 993 235 1039 eorum
259 979 374 1038 aeterna
390 994 483 1051 mers,
507 992 567 1037 non
584 974 615 1038 in
631 973 788 1039 interitum
804 974 944 1055 perpetui
959 974 1065 1039 iudioii
1081 974 1281 1055 deputentur,

125 1079 184 1143 sed
206 1079 264 1143 sub
281 1078 419 1142 custodia
435 1078 485 1142 dei
503 1077 562 1142 tuti
578 1077 647 1143 sint.
692 1079 833 1161 sequitur
848 1079 949 1143 enim:
973 1078 1158 1144 eustodit
1181 1080 1281 1144 deus

125 1180 361 1265 diligentes
391 1183 532 1263 ipsum.
578 1180 680 1247 saluos
709 1201 784 1266 ergo
816 1182 909 1247 faeiat
938 1202 990 1247 eos
1013 1182 1223 1260 eustodiendo,
1247 1183 1280 1246 id
1335 1188 1339 1200 '

125 1292 174 1351 est
196 1286 304 1351 aeterni
327 1287 417 1371 regni
438 1285 607 1367 participes
623 1288 828 1365 reseruando;
851 1288 907 1351 sed
923 1306 984 1365 eoa,
1008 1287 1060 1369 qui
1079 1292 1110 1350 et
1125 1285 1281 1351 timebunt
1333 1336 1337 1343 .

124 1398 156 1455 et
178 1389 389 1471 preoabuntur
412 1396 443 1456 et
466 1390 610 1475 dibgent.
656 1389 769 1455 dehine
793 1392 946 1474 sequitur:
970 1396 1007 1455 et
1029 1410 1167 1455 omnes
1191 1409 1276 1469 peo—
1304 1403 1343 1449 10v

129 1500 294 1560 catores
317 1494 544 1576 disperdet,
581 1495 632 1577 qui
655 1515 712 1560 nee
744 1501 780 1559 ut
810 1493 954 1560 homines
977 1495 1135 1559 timuerint
1164 1514 1223 1559 neo
1246 1495 1279 1557 ut
1364 1509 1377 1553 f

131 1599 247 1665 subditi
271 1600 425 1665 eraserint
448 1619 505 1678 neo
528 1605 562 1663 ut
585 1599 687 1663 donati
711 1600 775 1664 uita
797 1598 972 1682 mundoque
996 1598 1165 1663 dilexerint.

173 1806 224 1871 23.
250 1805 406 1871 conclusit
438 1812 542 1871 autem
574 1805 726 1888 propheta
760 1805 886 1872 honoris
921 1807 1015 1871 debiti
1050 1806 1278 1872 confessionem

124 1910 253 1975 dioens:
277 1909 560 1975 laudationem
584 1911 736 1975 domini
760 1909 951 1993 loquetur
974 1930 1016 1975 os
1039 1930 1174 1975 meum.
1212 1909 1277 1975 lau-

124 2015 223 2079 datio
243 2014 272 2079 ei
305 2034 363 2078 non
400 2012 523 2092 suffieit,
557 2014 617 2079 nisi
652 2020 683 2080 et
715 2014 840 2079 laudare
874 2034 935 2079 nou
958 2015 1086 2081 desinat
1132 2014 1271 2081 laudabit
1296 2037 1321 2073 ιι

127 2120 215 2183 enim
250 2118 361 2195 adbuc,
395 2138 466 2183 oum
496 2119 559 2183 iam
595 2126 699 2184 tamen
734 2118 848 2183 laudet.
895 2120 950 2184 sed
980 2138 1052 2184 eum
1082 2118 1133 2184 ifle
1163 2118 1276 2197 laudet,

128 2243 223 2287 omne
246 2242 367 2306 quoque
388 2224 426 2287 ad
444 2222 692 2289 benedietionem
709 2223 947 2289 deihumanam
963 2221 1276 2308 genusadhortatur:

128 2332 169 2391 et
192 2327 413 2392 benedioat
435 2328 566 2393 omnis
590 2349 683 2393 oaro
706 2348 849 2393 nomen
873 2335 1056 2393 sanctum
1080 2328 1176 2393 eius.
1223 2347 1278 2408 per

125 2430 220 2497 offleii
244 2432 291 2497 sui
314 2438 344 2497 et
365 2431 441 2497 fidei
474 2432 677 2497 constantiam
713 2452 838 2513 semper
872 2433 1000 2515 quidem
1035 2431 1086 2497 ille
1120 2430 1278 2511 laudabit;

124 2536 181 2600 sed
214 2534 372 2617 prophstae
408 2555 489 2615 aura,
523 2541 556 2600 ut
589 2556 697 2601 omnes
732 2536 825 2601 deum
854 2536 1049 2613 benedicant,
1072 2542 1166 2615 optat.
1211 2556 1273 2600 non
1300 2555 1325 2593 ao

13 2638 17 2647 '
130 2640 283 2705 enimait:
307 2640 501 2719 benedicent,
518 2646 680 2724 tamquam
696 2648 799 2705 eertus
815 2640 901 2705 sitin
917 2640 1070 2717 futurum,
1087 2641 1143 2705 sed
1158 2659 1194 2704 er
1214 2640 1276 2704 noti

125 2743 253 2809 adfectu
266 2744 322 2807 ait:
347 2743 603 2819 benedicant,
620 2752 650 2809 et
662 2743 745 2823 illud,
757 2746 858 2824 potius
870 2749 905 2809 nt
915 2742 1143 2827 intelligeretur
1161 2749 1277 2826 optare,

123 2866 217 2931 quam
241 2845 408 2912 confideret
431 2847 476 2913 sie
500 2847 651 2912 futurum.
698 2849 810 2914 deinde
832 2848 1082 2913 benedictionem
1112 2867 1173 2912 non
1197 2853 1276 2913 tem·

122 2952 280 3039 porariam
314 2970 383 3016 esse
416 2950 561 3035 postulat,
596 2953 652 3017 sed
676 2958 831 3029 aternam,
866 2954 905 3016 in
938 2951 1128 3017 saeoulnm
1165 2957 1203 3016 et
1235 2952 1276 3017 in

123 3053 315 3121 saeeulum
339 3054 489 3119 saeonli.
535 3055 624 3121 nobis
654 3056 754 3136 potius
789 3058 967 3137 optandum,
998 3061 1034 3121 ut
1061 3057 1094 3119 in
1124 3062 1274 3121 aeternum
1302 3076 1327 3113 aa

124 3159 346 3225 benedicamus
369 3165 535 3225 aeternnm:
560 3160 633 3243 quia
657 3161 688 3224 in
711 3165 860 3225 aeternum
879 3161 1070 3225 benedicens
1093 3167 1209 3225 aeterno
1233 3158 1277 3223 illi

122 3283 253 3329 neeesse
276 3271 324 3327 ost
346 3270 471 3328 maneat
493 3269 674 3341 coaeternus,
698 3266 823 3329 domino
851 3263 970 3329 seilicet
994 3272 1100 3329 nostro
1116 3263 1276 3347 unigenito

123 3375 154 3433 et
187 3368 396 3451 primogenito
431 3368 480 3432 dei
514 3367 578 3432 filio
613 3368 684 3433 lesu
720 3366 853 3441 Obristo,
886 3368 938 3450 qui
968 3366 1218 3433 estbenedictus
1243 3367 1275 3430 in

122 3470 238 3537 saeeula
260 3470 453 3537 saeeulomm.
498 3492 598 3537 arnon.
705 3508 709 3531 .

167 3715 348 3783 leloquatur
376 3733 406 3768 ex
433 3715 580 3782 eloquetur
608 3734 640 3768 m.
662 3716 678 3767 1
697 3715 724 3767 R
776 3715 865 3768 oratio
884 3715 1021 3769 exoratio
1047 3713 1138 3767 oratio
1164 3731 1233 3766 corr.
1250 3714 1277 3767 R

124 3804 141 3854 2
159 3801 304 3856 exaudiuit
317 3804 342 3855 lt.
359 3803 374 3855 l.
391 3802 417 3855 R
471 3804 489 3853 4
506 3801 585 3855 saei&
604 3801 701 3869 inquid
721 3802 746 3854 R
764 3802 856 3869 inquit
874 3801 958 3855 faeiet
976 3802 1005 3854 E
1056 3803 1090 3854 14
1107 3798 1231 3853 laudatio
1250 3816 1266 3854 e

121 3887 622 3959 scripsilaudationeleaudasseE
667 3891 699 3942 19
717 3887 843 3942 laudabit
852 3889 893 3941 Re
905 3888 1077 3942 laudabilise
1122 3888 1157 3940 20
1177 3885 1276 3954 spfdsae

122 3976 225 4029 euraR
245 3975 364 4044 sppheta
379 3976 431 4061 hee
460 3980 541 4028 eurat
558 3994 576 4024 α
595 3974 731 4043 propheta
756 3980 784 4027 et
803 3981 912 4029 aurate
965 3978 1042 4045 optat
1061 3974 1086 4026 R
1106 3979 1134 4026 et
1152 3976 1231 4041 optat
1249 3973 1278 4024 E

120 4080 156 4133 22
174 4085 203 4133 et
220 4078 293 4132 illud
310 4080 402 4148 potius
423 4084 454 4133 ut
473 4080 538 4132 coni.
557 4079 655 4132 Beaed.
673 4082 704 4131 ut
722 4077 794 4131 illud
811 4079 904 4147 potius
922 4084 956 4132 ut
974 4079 1000 4131 R
1018 4083 1049 4131 ut
1068 4077 1138 4131 illud
1156 4076 1276 4145 petisse

121 4169 155 4221 28
170 4164 324 4245 confideret
344 4168 382 4219 Rb
398 4164 540 4220 confidere
556 4183 569 4218 e
578 4163 644 4228 sort.
662 4176 729 4218 recte
782 4168 816 4219 29
832 4166 879 4233 qui
890 4182 1025 4233 exquam.
1037 4164 1054 4217 1
1063 4160 1275 4232 RExplieisfitr

121 4252 221 4307 CXLII
239 4248 307 4321 Indi)
326 4253 437 4307 CXLIII
458 4250 521 4317 (sic)
531 4252 584 4320 fin.
602 4246 669 4306 aare.
687 4262 765 4306 uocat
783 4262 807 4305 et
824 4252 948 4321 psalmus
962 4279 994 4287 -
1005 4250 1155 4305 Zachariae
1173 4268 1222 4304 (ma
1241 4250 1275 4302 a
