3075 4967
428 300 607 350 tractatus
625 296 660 348 in
677 296 848 364 psalmum
873 295 951 350 CXL.
1197 294 1260 361 799

161 486 211 551 16.
234 485 331 552 Nouit
353 491 457 550 autem
479 505 584 563 unum,
609 488 660 569 qui
685 505 742 566 per
763 504 873 550 omnes
888 486 1084 569 iniquitatem
1098 492 1261 567 operantes

114 592 184 671 ipse
209 590 308 671 potius
331 589 363 653 in
386 588 436 653 his
459 588 577 673 laqueis
608 608 733 670 semper
767 595 919 670 operetur,
954 590 1079 655 dicens:
1114 592 1261 657 cadent

114 697 154 761 in
178 692 382 760 retiaculo
405 695 492 759 eius
515 698 774 773 peccatores:
798 693 865 758 eius
887 692 1015 773 scilicet,
1042 694 1094 777 qui
1117 704 1261 775 operatur

114 800 145 863 in
182 798 331 879 plurimis.
378 797 527 880 quidquid
560 797 644 861 enim
677 797 875 880 iniquitatum
909 796 1052 863 homines
1089 803 1209 882 gerunt,
1243 819 1262 862 a

114 902 239 968 diabolo
263 902 456 986 suggeritur;
487 920 579 985 quern
610 920 691 966 nunc
720 900 779 965 sub
807 900 958 985 singulari
981 921 1110 966 numero
1134 902 1260 966 demon·
1299 930 1313 969 r

113 1013 201 1082 strat,
225 1026 292 1071 curn
317 1006 458 1087 superius
482 1004 539 1070 sub
562 1004 671 1086 plurali
705 1004 878 1070 ministeria
908 1007 975 1070 eius
997 1005 1207 1088 significasset
1228 1006 1261 1070 in

112 1109 267 1191 plurimis.
313 1109 415 1190 plures
447 1110 478 1173 in
509 1129 545 1175 eo
569 1115 599 1174 et
630 1128 701 1174 eum
731 1108 889 1191 significat
917 1109 950 1173 in
980 1108 1134 1189 pluribus:
1168 1116 1260 1193 atque

115 1215 189 1279 ideo
220 1214 317 1299 iniqui
348 1212 476 1297 laqueos
511 1213 706 1293 pretendunt
739 1218 771 1277 et
801 1211 834 1275 in
867 1211 1015 1277 retiaculo
1050 1214 1116 1278 eius
1148 1213 1262 1279 cadent

112 1323 303 1402 peccatores,
327 1317 400 1401 quie
422 1316 520 1401 iniqui
543 1314 682 1381 retiaculi
706 1316 753 1381 sni
769 1314 896 1399 laqueos
911 1318 1115 1397 praetendunt.
1150 1318 1263 1382 cadent

112 1428 220 1487 autem
245 1428 434 1502 peccatores,
457 1440 520 1487 non
544 1426 616 1485 tuuc
638 1427 825 1501 peccatores,
856 1439 928 1486 cum
952 1420 1127 1499 ceciderint,
1151 1419 1260 1497 effecti,
1288 1448 1313 1485 ιο

113 1528 170 1591 sed
196 1527 344 1590 cedentes
373 1524 412 1589 ob
442 1524 483 1603 id,
518 1525 590 1608 quia
622 1530 802 1608 peccatores
836 1530 923 1603 sunt;
957 1524 1090 1605 captioni
1124 1524 1261 1590 retiaculi

114 1628 221 1696 effecti
244 1620 299 1711 par
320 1629 362 1705 id,
386 1628 467 1711 quod
491 1634 669 1711 peccatores
692 1634 772 1705 sunt,
795 1629 945 1708 oportuni.

163 1734 211 1797 17.
234 1731 391 1814 Pr0pheta
413 1741 514 1798 autem
552 1752 606 1813 per
640 1752 727 1812 spem
761 1752 849 1796 suam
881 1752 917 1797 ac
946 1732 1044 1798 fidem
1078 1739 1161 1798 tutus
1190 1753 1262 1799 con-

112 1837 252 1904 fidenter
274 1839 313 1902 de
337 1857 370 1901 se
393 1836 450 1901 ait:
474 1836 749 1917 singulariter
771 1856 855 1901 sum
878 1857 960 1920 ego,
984 1837 1111 1902 donec
1132 1844 1260 1903 trans·

113 1962 210 2007 eam.
255 1942 313 2007 scit
342 1940 470 2021 impiam
502 1960 579 2019 esse,
611 1951 644 2004 ut
665 1960 758 2021 supra
777 1940 978 2017 ostendimus,
1002 1941 1259 2006 conbinationem.
1287 1965 1313 2005 rs

115 2046 177 2111 deo
202 2052 307 2110 autem
337 2044 467 2123 deditus,
497 2043 589 2109 nullis
618 2044 687 2109 aliis
717 2043 822 2110 saeculi
855 2044 987 2129 negotiis
1017 2050 1185 2125 occupatus
1215 2060 1262 2111 est

113 2155 147 2215 at
170 2147 346 2233 singularis,
369 2149 468 2214 donec
492 2154 636 2213 transeat.
684 2155 715 2213 et
731 2149 806 2232 quid
822 2156 869 2213 est
887 2148 972 2225 illud,
995 2150 1080 2232 quod
1103 2149 1262 2215 transeat?

116 2250 268 2318 scandala
291 2252 407 2318 scilicet
429 2259 462 2317 et
483 2252 630 2318 retiacula
652 2258 683 2318 et
705 2251 842 2336 laqueos
889 2260 919 2317 et
934 2272 994 2336 quo
1010 2259 1154 2329 transeat,
1178 2272 1262 2337 quae-

114 2358 250 2422 rendum
273 2363 328 2421 ast.
373 2376 486 2437 nempe
510 2377 554 2434 co,
578 2377 638 2441 quo
654 2356 771 2421 dictum
787 2362 850 2435 est;
874 2356 976 2421 fidelis
992 2357 1073 2421 enim
1090 2365 1122 2422 et
1136 2363 1262 2423 sanctus

114 2465 147 2527 et
170 2480 262 2525 uerus
278 2465 334 2539 est,
357 2460 410 2543 qui
426 2460 483 2525 ait:
508 2460 575 2543 qui
598 2466 730 2525 autem
754 2462 888 2526 credit
909 2460 948 2525 in
971 2480 1039 2539 me,
1062 2480 1137 2525 non
1161 2461 1261 2526 indi·
1288 2489 1314 2527 co

114 2564 292 2641 cabitur,
327 2566 398 2630 sed
433 2565 609 2629 transiet
643 2566 690 2630 de
724 2570 851 2630 morte
884 2564 922 2629 in
953 2565 1086 2642 uitam,
1118 2565 1262 2631 dominus

115 2674 225 2733 noster
247 2668 335 2733 lasus
358 2667 508 2747 Christus,
533 2669 585 2752 qui
609 2675 656 2733 est
679 2668 860 2734 benedictus
883 2669 913 2734 in
937 2668 1050 2735 saecula
1073 2669 1261 2736 saeculorum.

113 2792 218 2838 aman.

534 2925 719 3009 Psalmis
748 2927 851 3008 titt.

117 3064 368 3132 Intellectus
392 3065 530 3143 Dauid,
561 3085 645 3131 cum
675 3074 790 3132 esset
816 3067 855 3132 in
885 3066 1087 3149 spelunca,
1116 3069 1259 3133 oratio.
1289 3095 1314 3133 aa

161 3186 267 3252 Voce
301 3206 387 3252 maa
420 3189 468 3251 ad
502 3188 702 3252 domiuum
738 3188 920 3267 clamaui,
959 3209 1055 3255 noca
1092 3210 1177 3254 mea
1214 3191 1262 3254 ad

118 3292 321 3358 dominum
345 3292 589 3372 deprecatus
612 3306 695 3357 sum
719 3298 749 3357 et
772 3290 896 3377 reliqua.

163 3416 190 3478 1.
213 3412 331 3478 Psalmi
383 3413 459 3478 ratio
512 3412 598 3478 titulo
643 3411 826 3492 continetur,
879 3414 936 3479 sed
987 3413 1118 3495 spiritali
1162 3414 1260 3497 potius

118 3536 214 3602 quam
237 3516 387 3598 corporali
410 3516 636 3601 intellegentia3
671 3524 701 3583 et
734 3517 804 3582 ideo
838 3518 870 3581 in
900 3518 986 3583 titulo
1016 3516 1260 3583 intellectus

119 3622 253 3688 oratio
281 3627 336 3687 est.
382 3641 455 3686 nam
479 3621 504 3685 si
528 3621 659 3702 simplex
692 3623 862 3686 secundum
892 3621 995 3687 Dauid
1028 3628 1118 3706 gesta
1150 3642 1260 3688 sensus
1289 3650 1316 3686 ao

160 3779 196 3831 20
213 3776 271 3831 Ioh.
288 3777 321 3845 V,
340 3780 381 3831 24.

160 3915 328 3983 4qnicquid
348 3916 373 3968 R
428 3918 457 3970 ll
478 3915 600 3984 captioni
628 3934 657 3969 ea
684 3916 811 3984 captione
838 3935 871 3970 m.
899 3916 917 3969 1
935 3918 961 3969 R
1015 3918 1048 3970 12
1066 3916 1197 3985 oportuni
1215 3916 1260 3970 Ra

117 4000 150 4066 cf.
170 4003 252 4056 Acud.
268 4021 296 4072 p.
315 4000 353 4055 28
371 4004 551 4070 opportunis
606 4003 637 4056 13
655 4019 687 4056 ac
706 4021 736 4055 ea
754 4002 806 4056 hac
824 4004 850 4056 R
904 4006 937 4057 16
956 4008 971 4057 ἔ
990 4008 1019 4056 et
1036 4002 1185 4071 singularis
1198 4023 1217 4053 α
1232 4009 1261 4056 et

118 4088 269 4158 singularis
292 4089 318 4141 R
373 4092 404 4143 17
423 4092 451 4141 et
478 4088 545 4156 quid
572 4094 615 4143 ast
641 4089 713 4143 illud
740 4090 815 4158 quod
841 4095 967 4144 transeat
990 4108 1039 4143 om.
1059 4091 1085 4142 R
1136 4090 1262 4159 Explicit

118 4175 241 4243 psalmus
251 4174 339 4230 G.XL
354 4174 453 4243 incipit
463 4174 582 4229 CXLIR
634 4178 667 4229 27
683 4175 865 4244 depraecatus
880 4178 905 4229 R
958 4180 992 4232 28
1007 4176 1106 4245 psalmi
1122 4178 1147 4229 R
1161 4177 1262 4245 psalmi

118 4260 199 4316 huius
213 4262 238 4314 Ε
289 4261 337 4315 sed
355 4261 475 4330 spirituli
492 4262 584 4329 potius
594 4262 620 4315 R
629 4262 677 4316 sed
689 4263 782 4331 potius
795 4262 915 4332 spiritali
925 4265 953 4316 Ε
1003 4264 1038 4318 30
1050 4263 1218 4318 saecundum
1227 4266 1259 4318 R.
