3075 4967
298 306 362 372 690
640 271 756 361 saneti
780 307 914 360 nitaris
938 307 1101 376 episcopi

300 498 384 563 enim
406 497 501 562 homo
524 497 596 576 fuit3
630 497 686 562 sed
720 502 790 577 post
823 495 1080 574 benedictionem,
1116 498 1220 562 atatim
1243 503 1277 561 ut
1299 499 1428 579 peccauit.

300 603 404 667 statim
438 601 552 682 impius
586 601 652 666 suit.
697 601 755 667 aed
789 601 840 684 qui
875 599 993 666 mauult
1025 602 1196 682 peccatoris
1229 601 1426 683 paenitentiam

298 727 392 791 quam
415 711 557 797 mortem,
591 705 655 770 uult
690 705 913 770 benedictionis
948 724 1012 770 suae
1046 724 1149 770 rorem
1179 704 1218 769 ab
1243 705 1376 771 Hermon
1402 707 1427 768 in

298 810 370 875 Sion
406 810 606 886 descendere,
640 811 671 874 id
702 817 749 875 eet
772 829 808 875 er
832 809 999 890 impietatis
1022 810 1097 874 sede
1129 809 1161 873 in
1187 810 1427 875 sanctificationis

259 941 271 978 e
297 913 397 979 locum
421 914 561 979 transire.
607 934 676 980 rore
699 914 782 980 enim
807 914 911 979 omnia
928 913 1094 990 uireseunt,
1118 914 1250 992 aluntur,
1273 919 1427 999 augentur:

297 1019 340 1083 ita
362 1018 524 1101 principali
548 1017 598 1082 illa
614 1018 664 1085 dei
679 1017 894 1083 benedictione
910 1017 1003 1082 homo
1019 1019 1165 1102 gignitur,
1198 1019 1304 1100 spirat,
1337 1037 1428 1083 encre-

298 1123 365 1189 scit.
410 1129 458 1188 eet
478 1143 555 1207 ergo
578 1123 693 1187 bouum
715 1128 808 1206 atque
831 1123 1008 1200 iucundum,
1032 1128 1067 1187 ut
1089 1143 1107 1186 a
1129 1121 1239 1207 gentili
1272 1142 1376 1198 errore,
1402 1120 1428 1184 id

297 1232 346 1292 est
366 1247 385 1291 a
407 1226 535 1310 profana
557 1225 696 1291 Hermon
717 1226 915 1292 ueneratione
939 1225 1132 1292 descendens
1159 1227 1199 1291 ad
1223 1227 1307 1306 Sion,
1339 1227 1428 1290 idest

297 1332 336 1395 ad
359 1337 482 1396 aternae
515 1330 714 1396 beatitudinis
749 1331 877 1396 domum
913 1336 1051 1396 transeat
1084 1338 1114 1396 et
1144 1351 1224 1410 eum,
1260 1332 1311 1414 qui
1343 1329 1429 1395 salute

247 1460 270 1495 ιο
297 1436 437 1500 omnium
459 1434 589 1511 laetatur,
613 1433 746 1500 obiectet
767 1435 806 1499 ob
823 1434 870 1498 id:
905 1434 1097 1518 quoniam
1120 1434 1210 1501 illie
1235 1433 1428 1500 mandauit

298 1539 484 1604 dominus
507 1539 843 1605 benedictionem
865 1539 1045 1604 etuitam
1067 1559 1194 1622 usque
1224 1537 1427 1611 insaecula,

297 1644 330 1708 in
352 1643 425 1708 Sion
448 1643 566 1709 scilicet
588 1642 637 1707 uel
660 1643 754 1708 etiam
775 1643 805 1707 in
822 1643 1025 1708 unanimitate
1041 1642 1287 1709 cohabitantium
1303 1643 1426 1707 fratrum.

296 1748 529 1813 benedictiones
552 1749 637 1812 enim
659 1747 789 1813 ecclesia
812 1746 877 1811 sola
891 1745 1030 1831 largitur,
1055 1749 1149 1812 uitam
1167 1753 1318 1812 aeternam
1332 1746 1427 1812 unani-

298 1853 389 1917 mitas
411 1857 612 1932 promeretur.
658 1852 711 1936 qui
734 1851 811 1917 dixit
833 1852 916 1916 euim
940 1857 1063 1916 aeternae
1085 1851 1157 1917 uitae
1179 1853 1266 1917 uiam
1290 1852 1427 1933 pandens:

247 1980 271 2017 n
298 1955 467 2041 diligite
499 1956 685 2033 inuicem,
711 1957 820 2020 sicut
853 1976 925 2040 ego
960 1957 1088 2021 dilexi
1121 1976 1201 2032 uos,
1225 1975 1287 2020 non
1310 1953 1428 2020 mendax

298 2065 353 2125 est
398 2067 447 2126 eet
469 2061 553 2126 enim
575 2060 643 2143 ipse
666 2061 832 2137 ueritas,
856 2060 928 2138 uia,
951 2061 1044 2138 uita,
1068 2061 1213 2125 dominos
1236 2067 1338 2126 noster
1351 2058 1428 2123 Iesus

298 2163 449 2246 Christus,
473 2164 525 2247 qui
548 2170 596 2228 eat
619 2163 802 2229 benedictus
826 2163 858 2228 in
881 2163 994 2228 saecula
1017 2164 1210 2229 saeculorum.
1256 2183 1353 2229 amen.

643 2294 645 2297 ⁵
684 2351 870 2436 mimus
898 2352 1056 2436 omnin.

341 2493 445 2558 Ecce
484 2513 586 2558 nuno
627 2493 864 2559 benedicite
911 2493 1113 2559 dominum
1150 2513 1288 2559 omnes
1331 2489 1430 2558 serui

246 2587 464 2663 aodomini:
488 2599 555 2681 qui
579 2597 757 2662 statisin
774 2597 887 2662 domo
909 2599 1070 2674 domini,
1095 2598 1133 2661 in
1156 2598 1280 2663 atriis
1302 2598 1431 2661 domus

299 2702 459 2767 domini.

342 2804 370 2868 1.
395 2805 508 2871 Finem
531 2812 659 2871 sumunt
681 2806 800 2871 cantica
833 2807 995 2890 graduum,
1032 2806 1088 2871 sed
1118 2807 1346 2872 ascensionibus
1374 2802 1433 2870 suis

299 2909 439 2990 dignum.
484 2929 554 2975 oum
577 2910 661 2974 enim
685 2929 741 2993 per
763 2930 800 2975 ea
822 2911 862 2974 ad
881 2909 1093 2994 cognitionem
1108 2913 1295 2976 sacramenti
1310 2908 1433 2976 calestia

298 3013 472 3103 scandatur,
504 3033 632 3080 neeesse
655 3019 710 3090 est,
741 3019 776 3078 ut
798 3021 904 3096 postea
928 3014 1101 3079 benedictio
1125 3014 1162 3096 ei,
1186 3014 1226 3078 ad
1258 3034 1345 3098 quem
1368 3029 1435 3077 oon·

246 3135 272 3172 2⁶
298 3136 443 3182 eoeneum
468 3118 516 3196 sit,
540 3118 698 3182 debeatur.
743 3123 834 3182 uocat
862 3119 956 3202 igitur
980 3137 1089 3183 omnes
1112 3117 1272 3200 propbeta¹
1286 3119 1324 3183 od
1346 3117 1435 3182 booe-

299 3221 465 3286 dicendum
481 3222 641 3286 dominnm
657 3227 689 3287 et
704 3227 865 3304 tamquam
881 3223 1104 3287 consummatis
1119 3223 1264 3288 omnibus
1283 3223 1435 3288 uniuersos

298 3326 338 3390 ad
353 3326 608 3392 contestationem
623 3325 748 3390 honoris
764 3326 861 3391 debiti
877 3331 1048 3410 congregat
1068 3327 1190 3392 dicens:
1223 3347 1316 3392 ecce
1335 3341 1435 3389 nnnc

299 3429 534 3496 benedicite
571 3430 776 3495 dominnm
813 3449 950 3496 omnes
984 3431 1095 3495 serui
1132 3431 1295 3496 domini.
1335 3429 1372 3494 iu
1404 3445 1436 3492 ao

299 3539 411 3611 antem,
435 3535 516 3618 quod
540 3534 596 3599 ait:
620 3554 713 3599 ecce
736 3553 848 3610 nuuc,
873 3532 1037 3600 elaboratae
1060 3535 1250 3600 recensionis
1273 3533 1435 3616 perfeetum

246 3655 272 3692 ω
299 3657 374 3718 epm
398 3657 468 3703 ease
490 3636 655 3722 significat,
683 3643 717 3702 ut
738 3637 801 3701 iam
825 3657 906 3703 nunc
930 3637 1121 3715 benedicant,
1153 3639 1224 3721 quia
1247 3635 1436 3720 proficientes

343 3772 451 3826 1510h.
469 3772 544 3841 XIII,
562 3773 604 3826 34.
643 3775 676 3828 16
693 3772 751 3825 Ioh.
768 3771 841 3840 XIV,
860 3776 885 3826 6.

342 3888 356 3938 1
376 3885 470 3938 statim
489 3889 520 3938 ut
536 3885 664 3953 peccauit
682 3885 778 3938 atatim
796 3884 897 3953 impius
913 3885 1076 3954 Gpeeoauit
1094 3890 1122 3940 et
1141 3885 1237 3939 statim
1255 3883 1356 3952 impius
1367 3881 1439 3936 PTE

298 4023 381 4078 ased
401 4024 465 4092 quia
480 4024 505 4076 G
557 3983 656 4093 3qu
708 4024 946 4078 treuiresountr
999 4028 1121 4093 Ceperat
1134 4024 1160 4077 P
1212 4027 1244 4080 ll
1261 4023 1312 4076 dne
1331 4041 1382 4075 om.
1396 4018 1440 4074 ΡΤ

301 4112 333 4164 15
351 4110 434 4164 edenti
454 4110 479 4163 P
528 4115 548 4164 d
566 4110 650 4165 mdax
668 4115 683 4166 5
701 4104 750 4164 eni
766 4110 827 4179 ipse
840 4105 1000 4180 P'Explioit
1017 4110 1140 4180 psalmus
1159 4110 1281 4166 CXXXII
1299 4109 1349 4163 inc
1369 4107 1437 4178 psal·

297 4215 359 4250 mus
378 4197 517 4252 CXXXIII
530 4199 556 4250 P
571 4197 653 4267 Expl·
666 4197 700 4252 de
711 4198 836 4252 CXXXII
845 4198 928 4266 incip.
939 4197 972 4252 de
987 4197 1124 4252 CXXXIII
1136 4197 1160 4249 Τ
1211 4199 1246 4251 24
1263 4201 1316 4264 que
1330 4215 1361 4250 ex
1379 4212 1404 4264 q.
1418 4193 1439 4247 P

299 4286 334 4338 25
351 4285 498 4353 prophetia
515 4285 558 4337 Ρα
611 4287 646 4340 28
665 4284 739 4340 serui
757 4281 810 4338 dm
829 4285 897 4338 PTa
917 4283 990 4339 cerui
1008 4283 1067 4339 eine
1085 4303 1105 4337 ε.
