3075 4967
401 301 581 350 tractatur
606 297 639 349 in
665 297 837 365 psalmum
856 296 951 349 CXXI.
1186 297 1246 360 571

121 495 152 552 et
172 487 388 553 domestici
424 488 496 560 dei,
521 486 852 568 superedificati
877 505 997 568 super
1019 487 1250 553 fundamen-

121 597 187 656 tum
212 591 491 673 apostolorum
509 628 548 638 —
566 609 699 673 cumque
722 589 842 673 legerit,
860 611 905 667 ea,
921 611 990 674 qua
1013 611 1095 658 nune
1118 599 1197 670 aunt
1213 613 1251 658 ax

121 705 197 776 parte
221 697 300 762 aase'
314 715 432 779 nosque
455 714 510 777 per
533 693 693 775 speculum
716 694 842 758 interim
857 699 889 758 et
903 695 935 758 in
952 695 1120 778 aenigmate
1134 697 1250 772 uidere,

119 800 248 880 perlecto
264 806 367 865 autern
382 800 526 864 ueniente
551 818 595 876 aa,
612 817 680 882 quae
696 817 780 863 nunc
794 818 850 878 pro
865 805 952 881 parte
969 799 1039 878 sint,
1054 800 1251 878 destruenda,

119 911 146 968 et
165 903 244 969 sacia
267 905 305 968 ad
328 903 448 980 faciam,
467 909 625 986 tamquam
649 902 799 982 corporali
822 902 898 979 uisu,
918 923 962 980 ea,
985 923 1054 987 quac
1079 911 1144 969 tum
1163 905 1251 969 nobis
1291 925 1304 962 a

118 1009 172 1072 sint
192 1007 334 1086 risibilia,
353 1005 623 1086 contemplaturos,
646 1005 698 1070 ubi
723 1025 783 1070 non
807 1007 966 1089 agritudo,
989 1027 1051 1072 non
1074 1027 1168 1085 mora,
1191 1028 1252 1072 non

119 1111 265 1188 mestitia
288 1131 349 1176 non
371 1117 470 1176 terror
493 1111 548 1174 sit:
583 1109 650 1174 baec
673 1129 744 1173 cum
769 1109 840 1193 quia
858 1111 1038 1175 adnuntiata
1061 1112 1099 1176 ab
1123 1110 1251 1196 angelis,

118 1215 310 1298 praeformata
339 1215 369 1280 in
400 1215 478 1298 lega,
510 1213 685 1296 expositae
709 1213 876 1295 prophetia,
906 1215 1071 1281 adomiao
1101 1216 1252 1297 exemplis

118 1326 340 1401 repraesentata
364 1320 530 1400 pradicata
553 1318 591 1382 ab
615 1318 771 1398 apostolis,
795 1319 854 1400 ipsi
877 1319 935 1384 sibi
966 1318 1032 1384 hae
1063 1319 1175 1385 eadem
1198 1339 1253 1400 per

118 1424 206 1489 fidem
229 1423 388 1505 possibilia
411 1423 598 1508 cognouerit,
633 1421 835 1502 proclamabit
867 1441 997 1489 nouenae
1031 1429 1079 1489 eat
1112 1423 1253 1504 exemplo
1281 1443 1305 1482 ro

119 1528 286 1610 prophetae:
317 1527 480 1594 laetatus
503 1545 586 1592 aum
614 1525 653 1590 in
684 1525 756 1604 his,
791 1546 874 1610 quae
898 1528 1008 1593 dieta
1030 1533 1123 1593 aunt
1145 1527 1253 1592 mihi.

157 1634 185 1697 2.
209 1632 271 1698 Sed
294 1650 362 1715 quac
386 1629 537 1710 suptilia,
568 1649 637 1714 quaa
660 1629 741 1696 dicta
764 1637 843 1707 sunt,
866 1651 904 1695 ex
927 1632 1038 1714 quibua
1061 1631 1166 1697 latitia
1187 1652 1254 1697 aua·

118 1744 202 1817 copta
225 1736 293 1802 ost?
338 1755 451 1815 nempe
481 1735 522 1811 id,
553 1736 635 1818 quod
658 1735 812 1817 sequitur:
847 1735 886 1799 in
918 1737 1072 1800 domam
1102 1737 1254 1801 domini

118 1841 269 1905 ibimus.
316 1839 387 1905 bino
410 1840 572 1922 gaudetur,
597 1837 670 1904 hinc
692 1839 850 1914 multatur,
885 1841 958 1923 qaia
981 1839 1049 1904 hac
1072 1840 1153 1906 diota
1174 1846 1254 1911 aaut.

119 1945 197 2028 quod
219 1945 354 2010 eundum
385 1945 416 2008 in
447 1944 572 2008 domum
604 1943 722 2008 domini
745 1943 795 2009 sit.
841 1943 950 2008 domus
973 1943 1091 2008 domini
1114 1963 1183 2027 quae
1206 1945 1254 2020 ait,
1282 1960 1307 2002 ιε

121 2049 233 2128 psalmo
267 2047 362 2112 altero
396 2048 499 2112 docuit
530 2047 651 2113 moene:
686 2048 872 2130 quoniam
907 2046 1037 2131 elegit
1070 2048 1255 2112 dominus

121 2153 221 2229 Sion,
255 2151 475 2235 praeelegit
508 2171 591 2216 eam
626 2153 665 2216 in
700 2151 1000 2217 habitationem
1037 2151 1127 2217 eibi.
1174 2151 1256 2217 brac

121 2257 281 2340 requies
305 2276 390 2322 mea
422 2257 460 2320 in
496 2254 644 2320 saecula
672 2255 922 2332 aaeoulorum,
954 2254 1020 2320 hic
1050 2255 1255 2332 habitabo,

122 2363 304 2444 quoniam
338 2359 533 2444 praeelegi
568 2379 667 2425 eam:
702 2379 763 2424 non
793 2360 909 2444 utique,
942 2359 1141 2438 abdiramae,
1175 2358 1257 2424 hanc

123 2471 271 2532 terrenam
303 2472 335 2530 et
364 2464 511 2530 caducam
542 2470 573 2530 et
603 2483 710 2544 poenas
740 2463 908 2545 impietatis
931 2483 994 2528 euae
1025 2463 1169 2541 luentem,
1200 2466 1256 2529 aad
1283 2483 1308 2520 ao

122 2569 202 2634 illam
227 2571 354 2636 liberam
378 2575 409 2634 ot
431 2567 586 2633 caelestem
610 2567 818 2642 Hierusalem,
842 2568 914 2650 quia
932 2568 1042 2633 eadem
1058 2575 1089 2633 ct
1105 2567 1179 2633 Sion
1202 2575 1257 2643 eat,

124 2695 175 2754 per
196 2675 280 2740 cuiue
302 2672 478 2748 incolatum,
513 2673 584 2756 quia
618 2673 728 2736 domus
762 2670 814 2736 dai
848 2679 904 2752 cet,
938 2691 994 2736 noe
1028 2690 1151 2755 quoque
1173 2673 1258 2737 ciues

123 2786 292 2844 sanctorum
316 2783 347 2844 et
369 2777 527 2842 domestici
552 2777 600 2842 dei
625 2795 741 2840 sumus.
788 2774 862 2840 bino
884 2795 960 2860 ergo
975 2775 1081 2840 latitia
1096 2781 1152 2854 eat,
1175 2777 1258 2860 quod

125 2880 234 2946 dictum
258 2883 299 2947 sit
321 2882 351 2946 in
376 2883 501 2948 domum
526 2879 641 2944 domini
664 2899 720 2945 noe
743 2880 846 2944 ituros.

167 2986 192 3050 3.
215 2987 276 3050 Sed
300 2987 352 3070 qui
382 2986 443 3050 ista
476 2969 632 3062 dinerunt',¹
664 3005 703 3050 ne
738 2983 816 3049 sorte
849 2985 996 3067 ignorent
1025 3004 1105 3049 neue
1127 3005 1145 3048 a
1168 2985 1259 3050 domo
1286 3002 1311 3040 ao

127 3090 236 3166 eadem,
260 3093 289 3155 in
314 3109 406 3174 quam
430 3091 597 3154 posituros
614 3089 764 3166 nuntiant,
788 3089 1042 3172 peregrinantum
1066 3089 1122 3152 sed
1142 3088 1259 3154 dieunt:

168 3213 232 3266 aer.
251 3215 263 3266 1
282 3211 343 3266 eor.
365 3214 404 3279 ra,
428 3214 468 3265 ra.
508 3213 539 3266 ro
557 3211 599 3265 Ρ..
620 3211 739 3278 cxxxr,
759 3213 793 3264 ra
811 3228 851 3278 sq.

167 3317 182 3369 2
198 3317 383 3385 apostolorum
393 3315 498 3370 RVPT
515 3315 702 3384 apoetolornm
721 3319 750 3368 et
762 3313 960 3384 prophetarum
971 3315 999 3366 E
1049 3316 1066 3367 ὃ
1083 3315 1224 3383 speculam
1238 3314 1264 3365 P

129 3400 156 3454 in
172 3405 323 3473 enigmataa
335 3404 362 3456 R
415 3404 431 3455 ὅ
450 3419 520 3471 quaa
538 3409 597 3456 tum
617 3401 697 3456 nobia
710 3401 766 3454 sint
778 3399 985 3454 uieibiliaRPT
1001 3416 1073 3468 quae
1090 3401 1169 3454 nobie
1187 3417 1261 3453 nunc

129 3495 187 3543 aaut
208 3490 359 3545 inuiaibilia
378 3491 405 3542 Ε
457 3489 655 3544 ladnantiata
682 3507 712 3542 ec
738 3488 868 3541 nuntiata
895 3485 966 3540 m.2
990 3487 1012 3539 V
1064 3487 1217 3540 Biormata
1240 3487 1265 3540 V

129 3577 332 3646 ilpraediaatam
345 3577 369 3631 V
398 3579 430 3630 10
439 3576 623 3646 proclamabit
632 3591 744 3628 necesse
755 3574 868 3628 estune
876 3573 1061 3641 proclamauit
1070 3589 1181 3627 neaerae
1190 3574 1265 3626 eatP

129 3666 290 3750 neaeraeario
300 3665 369 3730 (ario
379 3683 409 3718 ea
418 3662 495 3729 corr.)
504 3661 689 3732 proclamauit
702 3661 765 3730 Vos.
773 3680 801 3731 p,
808 3659 875 3724 565,
883 3657 921 3711 21
958 3661 989 3713 ll
999 3659 1123 3728 profetae
1133 3660 1228 3713 dioena
1242 3661 1266 3712 V

132 3767 160 3821 ln
176 3785 208 3822 ex
225 3769 325 3838 quibua
344 3769 450 3822 RPTE
465 3769 494 3822 in
514 3768 588 3836 quib.
608 3767 633 3819 V
685 3768 716 3820 lss
734 3765 764 3818 in
782 3765 864 3818 domo
884 3764 908 3817 V
959 3765 992 3818 lb
1010 3762 1103 3817 euadit
1121 3761 1150 3830 (a
1170 3765 1197 3817 in
1209 3781 1262 3817 roa.

132 3869 158 3907 ra.
174 3855 199 3918 1)
217 3857 243 3910 R
260 3855 377 3910 eundem
402 3855 426 3909 V
476 3855 505 3908 in
523 3855 635 3908 domurn
660 3852 718 3906 dmi
736 3871 766 3904 erc
784 3852 814 3905 in
837 3851 951 3904 domurn
969 3849 1000 3904 di
1017 3868 1050 3903 m.
1072 3848 1092 3902 2
1117 3849 1141 3904 V
1192 3867 1263 3919 qaae

133 3943 219 3997 omV
284 3943 321 3997 ait
346 3941 436 4009 tw,
461 3943 508 3994 del.
534 3938 568 3994 V'
593 3945 635 3994 eat
653 3941 679 3994 R
750 3941 783 3993 16
809 3938 917 4006 psalmo
942 3936 1030 3990 altero
1049 3936 1127 3990 RPT
1151 3937 1180 3990 in
1208 3937 1262 3991 alio

134 4027 265 4094 psalmoV
314 4029 438 4084 declarat
455 4027 590 4082 diaenaV
650 4031 681 4081 l‘l
700 4043 769 4094 syon
788 4026 814 4078 R
865 4023 1018 4092 praeelegit
1035 4041 1066 4075 ea
1084 4023 1222 4093 praelegit
1240 4025 1266 4077 P

137 4115 163 4169 18
177 4117 204 4169 in
230 4117 338 4171 aaeenla
365 4115 537 4170 saeculorum
563 4115 635 4168 VPT
661 4114 689 4166 in
717 4111 857 4166 saeculum
886 4110 989 4164 eaeouli
1008 4111 1063 4164 RE
1112 4110 1159 4164 bia
1185 4110 1264 4166 habi-

136 4202 190 4256 tabo
207 4231 239 4241 -
257 4221 317 4258 eam
336 4202 445 4257 onr.PT
496 4201 627 4256 habitabo
646 4219 676 4253 aa
691 4199 819 4254 rabitabo
832 4216 864 4251 nr.
882 4197 932 4250 IR
986 4198 1018 4250 19
1038 4197 1167 4264 quoniam
1180 4199 1264 4252 omli

138 4289 247 4360 praelegi
265 4287 327 4358 (aie)
347 4308 377 4342 ex
395 4288 531 4358 praelegit
549 4307 582 4342 m,
601 4287 621 4341 2
643 4286 673 4341 V.
