3075 4967
276 263 339 329 546
618 270 735 324 sancti
759 267 896 322 Hilarii
919 265 1084 336 episcopi

276 455 440 520 manifeste
464 457 598 522 ostendit
621 459 672 524 dei
695 457 802 524 lumen
823 456 883 534 liis,
905 457 1018 540 quibus
1041 457 1080 521 ob
1103 455 1301 538 negotiorum
1323 471 1408 516 eacu-

276 559 389 624 larium
412 562 522 626 merita
545 563 655 628 futura
677 565 751 628 uitae
774 560 1145 642 beatitudo-inpediatur,
1175 559 1334 633 accedere,
1355 555 1409 621 illie

276 682 357 742 uero,
382 664 492 746 quibus
515 666 556 732 sit
579 673 700 752 negata,
723 668 884 733 decedere.

320 767 349 831 4.
373 767 451 833 Esse
473 775 577 836 autem
606 771 639 836 in
669 771 786 854 templo
816 770 931 855 gradm
961 769 1140 853 quindecim
1171 766 1302 832 historia
1330 764 1409 830 nobis

238 897 250 933 s
276 871 376 936 locuta
399 878 445 937 est
468 875 693 959 dispositosque
717 876 842 941 ordines
865 875 1110 946 consistentium,
1140 873 1253 956 quibus
1275 872 1409 954 quadam

277 976 367 1060 quasi
384 977 520 1062 dignitas
539 979 570 1042 in
593 979 847 1045 antecedentibus
870 979 1068 1055 obtineretur,
1092 988 1125 1042 ut
1147 977 1266 1042 Leuitae
1284 976 1410 1057 primum

174 1145 179 1156 ,
278 1079 488 1158 consisterent,
522 1087 591 1161 post
624 1082 806 1159 Israhelitae,
841 1089 906 1147 tum
940 1081 1086 1166 proselyti
1118 1096 1149 1146 et
1179 1081 1327 1160 deinceps
1355 1077 1410 1142 alii.

278 1186 335 1249 sed
357 1184 432 1267 quid
455 1187 494 1251 de
517 1185 645 1266 psalmis
668 1193 761 1252 autea
790 1187 915 1268 scriptis
938 1207 976 1252 ex
998 1185 1127 1251 historia
1148 1185 1322 1266 posteriore
1343 1202 1413 1263 pra·

279 1289 441 1362 sumimus
475 1309 555 1368 aum,
587 1291 612 1356 ei
642 1291 717 1375 quid
748 1312 786 1357 ex
815 1311 854 1356 ea
883 1291 1115 1373 suscipiendum
1146 1290 1195 1370 sit,
1231 1287 1346 1368 suscipi
1376 1287 1413 1351 ita

227 1413 252 1452 ro
279 1391 401 1472 debent,
425 1399 459 1458 ut
481 1393 591 1475 psalmi
613 1393 776 1461 historiam
799 1393 1051 1480 subsequantur?
1096 1393 1156 1459 nisi
1180 1397 1285 1458 tamen
1305 1389 1413 1475 aliquid

279 1496 320 1560 sit
342 1498 381 1561 ad
405 1497 541 1563 suturam
564 1497 725 1564 historiam
749 1498 977 1581 prophetatum.
1022 1499 1077 1564 sed
1108 1503 1288 1564 contuentes
1319 1497 1413 1576 ipsam

279 1599 362 1664 illam
386 1601 493 1682 templi
516 1610 608 1686 atque
631 1601 738 1667 altaris
771 1602 1018 1678 aedificationem,
1048 1602 1194 1667 umbram
1223 1620 1294 1666 esse
1323 1599 1414 1664 incor-

279 1705 359 1784 rupti
394 1704 501 1786 templi
537 1711 568 1770 et
597 1707 782 1772 sanctificati
815 1707 951 1788 speciem
986 1704 1092 1770 altaris
1126 1704 1184 1782 his,
1220 1723 1289 1788 quae
1322 1704 1354 1768 in
1382 1723 1414 1767 eo

281 1807 477 1888 corporaliter
510 1809 708 1896 praefigurata
742 1817 829 1888 sunt,
862 1809 1130 1894 intellegeremus,
1164 1810 1225 1875 nisi
1258 1807 1415 1874 auctoritas

230 1933 255 1972 ιι
283 1919 520 1992 praesumeretur
556 1933 593 1978 er
631 1914 783 1996 psalmis?
841 1914 954 1997 psalmi
992 1915 1074 1980 enim
1119 1934 1181 1979 nou
1218 1914 1265 1979 sui
1304 1918 1414 1977 tantum

283 2017 430 2100 temporis
454 2037 504 2083 res
527 2021 688 2084 enuntiant
721 2039 821 2103 neque
843 2020 876 2084 in
899 2039 952 2084 aas
975 2018 1073 2084 solum
1097 2025 1203 2084 aetates
1225 2017 1415 2083 conueniunt.

282 2120 394 2203 quibus
417 2122 524 2202 scripti
546 2127 626 2199 sunt,
657 2125 713 2188 sed
735 2123 897 2198 uniuersis,
928 2123 980 2206 qui
1010 2123 1043 2186 iu
1073 2122 1169 2186 uitam
1192 2121 1342 2194 uenirent,
1372 2121 1416 2185 dci

282 2243 384 2289 sermo
408 2225 567 2304 consuluit,
589 2227 742 2292 uniuersae
763 2228 846 2292 aetati
876 2228 943 2309 ipse
977 2226 1156 2307 aptissimus
1179 2227 1220 2291 ad
1242 2225 1415 2306 prolectam.

326 2331 354 2395 5.
378 2328 455 2394 Erat
477 2350 613 2414 namque
642 2330 694 2396 illa
724 2331 888 2397 sacerdotii
921 2330 979 2423 lex,
1014 2350 1106 2414 quam
1141 2331 1311 2396 secundum
1345 2328 1417 2412 legis

231 2451 256 2490 ιι
283 2433 458 2498 obseruant
438 2438 514 2499 tram
543 2433 575 2499 in
599 2434 759 2519 euangelio
783 2435 882 2500 lucas
913 2415 970 2500 sub
994 2434 1142 2500 Iohannis
1167 2435 1316 2515 Baptista
1345 2433 1416 2498 nati-

282 2537 377 2602 nitate
401 2537 568 2623 diligenter
589 2539 735 2620 exposuit,
759 2539 919 2605 neminem
941 2540 973 2604 in
996 2545 1104 2604 senata
1122 2545 1299 2603 sanctorum
1313 2557 1416 2603 ascen·

284 2643 359 2707 dere
389 2643 448 2707 uisi
471 2643 523 2725 qui
547 2651 631 2708 esset
660 2645 806 2724 princeps
836 2645 1042 2720 sacerdotnm,
1075 2642 1270 2726 eundemque
1299 2649 1360 2707 toto
1388 2641 1416 2705 in

215 2821 217 2828 Ι
283 2764 364 2809 anuo
386 2765 446 2810 uno
470 2751 589 2811 tantum
614 2747 671 2812 die.
716 2767 785 2831 quae
807 2748 911 2811 omnia
932 2747 964 2810 in
980 2746 1211 2812 similitudinem
1228 2754 1318 2812 autea
1333 2751 1418 2830 geete

284 2848 314 2912 in
338 2867 399 2913 uno
423 2849 545 2914 domino
579 2856 683 2915 nostro
717 2850 840 2931 expleta
874 2870 951 2928 esse,
985 2857 1017 2916 et
1049 2850 1129 2915 fides
1163 2857 1270 2915 nostra
1299 2858 1328 2915 et
1356 2851 1416 2930 ipse

328 3023 522 3077 imanisestae
545 3024 606 3077 V¹R
658 3025 694 3078 ob
720 3025 895 3093 negotiorum
922 3024 1107 3079 saecularium
1133 3025 1235 3078 merita
1254 3025 1330 3078 RPT
1329 3025 1357 3076 E
1370 3039 1417 3091 pro

279 3110 389 3193 ¹meritis
405 3110 429 3162 V
478 3112 494 3163 2
521 3111 696 3180 impertietur
715 3113 794 3164 Pru
808 3111 960 3180 inpertitur
984 3112 1009 3164 V
1023 3111 1226 3180 inpertiebatur
1239 3112 1265 3165 R
1316 3111 1418 3164 licon·

284 3196 439 3250 sistentium
458 3198 564 3251 RPTE
579 3199 710 3254 adsistere
732 3200 758 3253 V
807 3201 824 3251 6
842 3206 873 3254 ut
897 3199 1000 3252 VRTE
1016 3216 1088 3269 supr.
1107 3215 1156 3251 scr.
1175 3197 1203 3249 P
1253 3197 1352 3251 leuitas
1369 3195 1419 3248 RE

283 3333 390 3388 leuitici
409 3333 453 3401 (ea
470 3336 595 3390 leuuitici
619 3337 653 3402 V)
679 3337 751 3390 VPT
804 3294 1004 3418 listrahelitig
1019 3354 1131 3390 corana
1144 3334 1164 3389 2
1178 3337 1203 3389 V
1254 3343 1314 3390 tum
1323 3333 1420 3389 Rrra

283 3445 350 3493 tunc
375 3439 557 3522 Vprolselyti
583 3459 648 3494 corr.
676 3459 709 3495 m.
734 3441 751 3494 1
776 3441 972 3510 Vprosaelyti
990 3441 1016 3495 R
1034 3440 1160 3509 proseliti
1178 3441 1230 3493 PT
1282 3443 1353 3493 dita
1368 3437 1419 3492 RE

283 3561 330 3596 ona.
359 3543 410 3596 PT
480 3549 514 3599 10
539 3549 571 3599 nt
595 3545 674 3597 PTE
698 3565 728 3598 ea
754 3547 778 3599 ei
796 3564 862 3599 corr.
880 3563 913 3599 m.
933 3545 950 3598 l
969 3546 995 3598 R
1066 3545 1182 3600 historia
1200 3546 1379 3614 subsequatur
1397 3539 1419 3588 P

285 3632 314 3682 ll
335 3631 382 3683 sed
400 3633 480 3700 codd,
493 3631 559 3694 sort.
579 3638 607 3686 et
662 3635 693 3685 12
712 3630 902 3686 aedificatione
921 3630 1060 3699 (ficatione
1088 3634 1115 3684 ia
1138 3632 1193 3698 fine
1216 3651 1285 3686 uera.
1309 3628 1417 3691 odd)R

285 3719 316 3770 13
335 3716 499 3771 sanctificati
519 3718 608 3771 RPTt
627 3719 745 3772 sanctie
798 3719 894 3773 altaris
913 3737 943 3772 esc
959 3718 1053 3773 altarii
1072 3719 1098 3772 R
1114 3729 1172 3788 post
1200 3719 1296 3772 altaris
1313 3717 1416 3786 spatium
1531 3722 1532 3741 ¹

283 3807 358 3858 antris
376 3823 465 3858 ιιενιιιι
483 3823 594 3858 accaron
612 3807 677 3858 inT
728 3806 758 3858 in
777 3807 846 3859 eoR
863 3806 892 3858 in
912 3806 1007 3859 eodem
1019 3806 1097 3857 PTE
1150 3808 1183 3859 14
1200 3805 1416 3874 intellegeremus
1531 3806 1532 3821 ¹

282 3892 337 3946 nisi
364 3911 411 3946 om.
440 3892 466 3945 R
519 3893 551 3946 15
568 3897 793 3961 praesumeretur
820 3893 884 3946 Pru
910 3892 1096 3961 praesumitur
1123 3893 1164 3945 Re
1216 3894 1288 3946 deod
1310 3893 1358 3944 ocio
1382 3907 1417 3940 cn

283 3981 352 4032 locam
378 3981 430 4031 iarn
448 3979 545 4032 Benad.
571 3989 699 4050 errspcclus
725 3997 782 4033 mec
809 3981 1012 4050 interpunctione
1038 3990 1147 4032 sonatan
1171 3981 1205 4032 sit
1259 3979 1332 4032 euim
1359 3973 1416 4027 l'Re

283 4069 376 4118 autem
394 4065 457 4118 PTd
512 4069 544 4120 16
562 4064 651 4120 solum
670 4067 724 4119 RE
741 4065 811 4119 solas
830 4065 881 4119 Pr
934 4067 966 4118 18
984 4065 1124 4119 consuluit
1149 4066 1211 4118 I'Tt
1230 4059 1416 4119 consulitRPe

282 4155 316 4205 22
334 4152 388 4206 niei
416 4153 496 4205 RTE
519 4171 590 4224 supr.
616 4171 665 4206 scr.
693 4153 718 4205 P
768 4157 827 4206 toto
854 4152 882 4205 in
910 4169 982 4206 anno
1000 4153 1081 4205 RTE
1096 4152 1126 4205 in
1153 4147 1416 4206 toto-Eme?

283 4240 317 4292 23
335 4238 363 4290 in
382 4237 565 4292 similitudine
584 4241 617 4292 R.
