3075 4967
282 277 344 343 348
624 279 740 332 sancti
764 245 897 332 llilarii
922 280 1083 348 episcopi

282 469 331 534 his
366 470 483 533 maiora
517 489 609 550 opera
643 469 781 549 perlecta
811 480 889 534 sunt.
935 469 1064 554 Moyses
1096 471 1179 535 enim
1210 478 1329 536 tantum
1351 473 1421 536 uisi-

283 573 387 639 bilium
412 594 516 639 rarum
539 574 709 639 creationes
733 574 888 638 enarrauit
908 574 1039 640 rudibus
1058 573 1222 639 hominum
1245 576 1363 652 animis,
1386 595 1422 640 ea

281 680 320 743 ad
344 679 554 763 cognitionem
577 678 628 743 dei
650 677 821 761 proferens,
852 697 923 763 quae
951 685 1079 759 possent
1102 678 1239 762 intellegi
1263 685 1294 744 et
1315 679 1422 744 uideri.

281 789 314 847 ut
336 803 393 867 per
416 781 495 848 hanc
519 782 774 865 conspicabilium
797 803 925 863 operum
949 783 1195 867 magnitudinem
1225 784 1324 847 uirtus
1346 784 1424 861 eine,

242 913 254 949 r
282 885 333 970 qui
358 893 501 968 operatus
526 897 580 964 est,
603 893 842 971 cognosceretur
864 893 895 952 et
917 887 1066 952 creatoris
1099 893 1235 968 potestas
1263 907 1319 968 per
1340 907 1425 952 crea-

282 999 358 1056 turae
392 992 629 1056 admirationem
663 999 766 1073 posset
797 990 943 1075 intellegi.
988 991 1044 1056 sed
1081 991 1201 1069 Paulus
1246 993 1423 1056 testamenti

282 1097 352 1162 noui
375 1097 537 1176 interpres,
560 1115 620 1160 non
645 1096 706 1159 iarn
730 1095 818 1160 lactis
841 1096 897 1159 sed
919 1097 1010 1177 panis
1034 1096 1139 1161 cibum
1154 1096 1300 1180 ingerens
1320 1096 1363 1159 ita
1384 1097 1424 1159 de

283 1201 407 1265 dominc
431 1201 571 1264 tradidit:
596 1201 662 1283 qui
687 1210 748 1264 est
771 1201 903 1284 imago
927 1201 1001 1275 dei,
1025 1201 1327 1284 primogenitus
1349 1219 1424 1264 om·

282 1305 344 1369 nis
368 1290 573 1378 creaturas,
598 1305 690 1388 quia
714 1305 751 1368 in
782 1307 871 1384 ipso
905 1305 1136 1369 constituta
1169 1313 1262 1368 sunt
1291 1306 1425 1367 omnia

231 1431 256 1467 ιο
284 1410 321 1473 in
346 1409 455 1474 caelis
486 1414 523 1472 et
552 1409 590 1472 in
614 1421 732 1487 terra,
756 1408 949 1473 nisibilia
983 1421 1021 1474 at
1055 1407 1303 1484 inuisibilia,
1338 1409 1426 1472 siue

283 1511 420 1578 throni
459 1513 546 1578 siue
587 1514 889 1578 dominationes
923 1514 1009 1578 siue
1043 1513 1303 1596 principatus
1337 1513 1425 1576 siue

284 1623 525 1698 potestates:
550 1619 682 1682 omnia
704 1618 744 1682 in
768 1618 855 1699 ipso
879 1624 917 1682 et
946 1619 1169 1698 peripsum
1192 1617 1301 1682 facta
1323 1624 1426 1691 sunt,

283 1727 320 1787 et
353 1723 440 1802 ipsc
474 1727 536 1786 est
574 1733 665 1786 ante
704 1741 851 1798 omnes
886 1727 924 1786 at
957 1722 1089 1786 omnia
1119 1722 1198 1802 ipsi
1222 1726 1427 1786 constant.

282 1825 436 1907 protrahit
459 1845 533 1908 ergo
557 1845 613 1890 nos
637 1825 742 1890 doctor
765 1828 905 1909 gentium
930 1827 970 1892 de
992 1825 1193 1910 cognoscibili
1228 1825 1360 1889 materia
1395 1825 1427 1887 in

230 1945 255 1987 1⁵
282 1929 483 1995 inuisibilium
508 1929 748 2014 intellegentiam
774 1942 805 1994 et
828 1951 884 1995 nos
907 1931 946 1993 ad
970 1929 1202 2014 cognoscendos
1235 1930 1428 2010 principatus

282 2039 311 2098 ct
344 2040 511 2115 potestates
545 2043 575 2098 et
609 2034 737 2099 thronos
772 2040 802 2098 et
836 2034 1061 2098 dominationes
1096 2034 1134 2098 de
1168 2033 1299 2098 terrenis
1330 2041 1427 2116 atque

282 2137 451 2203 humilibus
474 2139 585 2203 educit.
630 2157 740 2202 uerum
765 2137 832 2202 hac
856 2159 893 2202 ex
915 2145 993 2202 nutu
1022 2139 1072 2202 dei
1103 2137 1199 2221 patris
1222 2136 1306 2202 etin
1341 2134 1427 2200 caelis

283 2249 312 2306 ct
335 2244 364 2306 in
390 2249 471 2306 terra
494 2249 621 2308 manent
654 2251 746 2325 atque
771 2243 942 2319 extiterunt,
965 2249 997 2306 et
1019 2241 1090 2306 licet
1114 2261 1169 2320 per
1191 2239 1287 2304 filium
1311 2241 1427 2315 omnia,

203 2387 204 2392 κ
282 2352 385 2411 tamen
417 2367 434 2409 a
465 2346 522 2410 deo
549 2347 669 2411 ‘omnia
713 2347 780 2427 ipse
814 2354 861 2411 est
894 2345 1010 2411 etenim
1044 2351 1136 2425 caput
1169 2363 1204 2409 ac
1237 2344 1427 2427 principium

230 2467 254 2505 2⁰
281 2450 505 2525 uniuersorum,
530 2457 559 2514 ct
582 2451 613 2514 in
636 2450 702 2531 ipso
725 2451 870 2515 uniuersa
893 2458 963 2515 sunt
994 2450 1123 2526 condita,
1154 2448 1227 2513 licet
1254 2455 1364 2529 postea
1389 2448 1428 2512 de

282 2553 456 2619 thensauris
481 2555 509 2616 in
534 2573 567 2618 se
590 2554 723 2620 conditis
746 2555 918 2618 secundum
942 2553 1101 2618 arbitrium
1125 2553 1284 2634 potestatis
1299 2560 1428 2616 aetarnae

282 2658 403 2742 singula
426 2677 559 2740 quaeque
593 2658 760 2738 protulerit.
790 2677 916 2722 nerum
945 2658 1076 2722 cumin
1108 2657 1250 2721 omnibus
1280 2653 1428 2722 (lhristus

281 2768 431 2841 operetur,
456 2762 522 2826 eius
545 2770 647 2827 tamen
671 2782 749 2846 opus
774 2764 895 2846 estqui
918 2779 1061 2842 operatur
1084 2761 1113 2825 in
1127 2759 1267 2838 Christ03
1291 2767 1325 2824 et
1347 2759 1426 2827 ideo.

281 2871 396 2948 pater
419 2885 537 2940 meus
555 2865 776 2944 ait‚.cotidie
799 2872 998 2946 operatur,
1022 2871 1061 2930 et
1084 2885 1156 2950 ego
1179 2883 1337 2948 operor,
1355 2865 1427 2946 quia

227 2986 254 3024 2⁶
281 2989 356 3049 opus
379 2969 474 3050 patris
498 2975 553 3046 est,
577 2970 729 3053 quidquid
753 2976 897 3034 manente
929 2971 960 3034 in
990 2989 1024 3034 se
1054 2969 1113 3034 deo
1144 2976 1230 3051 patre
1260 2967 1345 3032 tilius
1378 2969 1425 3032 dei

281 3074 358 3138 deus
381 3071 522 3138 Ohn'stns
545 3080 703 3154 operatur;
727 3081 820 3157 atque
836 3075 878 3138 ita
893 3093 949 3155 per
964 3073 1063 3138 fitium
1080 3074 1192 3138 cotidie
1215 3071 1330 3149 omnia,
1357 3073 1427 3157 quia

282 3177 386 3242 omnia
408 3185 495 3258 pater
517 3187 660 3260 operatur
682 3177 712 3242 in
736 3177 808 3243 filio.
854 3179 949 3263 igitur
968 3179 1079 3243 cotidie
1095 3176 1240 3242 Christus
1262 3185 1425 3257 operat-ur:

282 3287 319 3357 et
341 3288 375 3346 ut
397 3282 539 3356 arbitror,
563 3282 736 3345 animarum
759 3283 855 3358 initia,
879 3282 1139 3366 configurationes
1158 3300 1330 3365 corporum.
1357 3300 1426 3364 pra·

282 3385 380 3451 lectus
404 3392 434 3450 et
456 3386 684 3451 incrementum
707 3387 880 3452 uiuentium
903 3406 979 3467 opus
1002 3387 1068 3451 eius
1091 3386 1264 3451 ostendunt

323 3537 340 3586 8
359 3533 461 3586 Coloss.
480 3534 500 3599 Ι,
522 3535 553 3587 15
572 3550 611 3600 sq.
647 3535 682 3585 24
700 3533 757 3587 loh.
776 3533 809 3601 V,
830 3537 869 3586 17.

326 3654 462 3707 lmaiore
479 3655 502 3707 V
552 3654 778 3708 diuisibiliumrh
831 3657 899 3709 sus
916 3674 947 3708 ea
964 3659 993 3708 et
1012 3655 1117 3708 m.2)V
1166 3657 1231 3710 dut
1251 3653 1424 3707 creatorisrd

282 3741 389 3807 Vnoui,
409 3743 477 3810 prrod
493 3743 520 3794 in
544 3727 685 3811 V'scra'pait
711 3760 743 3794 m.
773 3743 797 3807 l,
826 3745 851 3795 in
880 3762 894 3794 r
921 3744 981 3795 udd.
1010 3761 1042 3794 m.
1070 3741 1097 3806 ί),
1125 3743 1207 3794 ornh
1259 3741 1299 3794 ita
1323 3741 1381 3794 dr'ro
1406 3739 1428 3792 V

283 3883 312 3934 ll
333 3839 614 3934 dominatione'rcrr.
642 3898 674 3933 nr.
703 3880 722 3932 ὲ)
755 3882 779 3934 V
831 3884 864 3935 12
881 3899 932 3951 per
955 3884 1015 3935 add.
1040 3901 1073 3934 nr.
1099 3881 1119 3933 2
1150 3881 1176 3934 V
1227 3883 1259 3934 13
1277 3896 1374 3933 omnes
1398 3883 1426 3930 ct

282 3964 415 4018 ndstra?
431 3966 454 4016 V
497 3969 531 4020 14
547 3968 724 4034 pertrahitrlr
769 3969 799 4021 in
809 3968 961 4022 nisibilium
978 3969 1001 4019 V
1044 3969 1076 4021 16
1094 3973 1218 4035 potestas
1233 3967 1257 4020 V
1298 3965 1389 4034 adque
1404 3963 1428 4016 V

284 4054 315 4104 17
334 4050 400 4106 haec
419 4069 452 4105 ea
473 4057 559 4134 nauta
586 4071 652 4108 cese.
680 4075 713 4108 nr.
739 4055 754 4106 1
782 4056 808 4106 V
859 4059 892 4109 18
909 4055 1055 4109 extiterint
1079 4055 1103 4108 V
1118 4054 1243 4108 existunt
1261 4054 1291 4105 rb
1347 4055 1379 4106 19
1397 4057 1424 4104 et

281 4155 448 4223 principium
467 4158 496 4207 rb
549 4158 580 4210 sl
609 4158 746 4212 thesauris
766 4161 795 4211 rb
848 4165 976 4212 aeternae
1004 4177 1034 4210 es
1057 4163 1134 4211 aeter
1157 4177 1190 4210 m.
1216 4157 1235 4208 2
1258 4156 1283 4207 V
1332 4157 1368 4208 114
1385 4153 1424 4206 ait

281 4241 373 4295 ‹rm-V
420 4249 685 4325 operateurrorrnr.
699 4247 712 4297 l
728 4246 752 4297 V
796 4248 831 4300 25
849 4245 1006 4314 quicquidr
1051 4247 1087 4299 26
1104 4244 1139 4297 ds
1148 4249 1199 4312 xps
1216 4245 1241 4296 V
1249 4241 1375 4296 Christus
1384 4241 1421 4292 rh.
