3075 4967
395 335 576 383 tractatus
594 329 630 383 in
647 329 821 397 psalmum
841 327 973 383 CXXVII.
1195 329 1258 396 629

120 520 213 586 omnis
247 520 321 585 mali
355 519 511 601 passione.
555 518 608 584 bie
637 538 711 603 ergo
747 519 840 586 timor
872 539 933 586 non
968 519 1104 598 docetur,
1135 523 1190 588 sed
1222 542 1257 588 ex

119 632 223 690 notura
244 623 433 697 infirmitatis
457 623 597 688 occurrit.
642 643 744 706 neqne
759 624 836 707 quid
852 623 1025 690 timendum
1042 623 1082 689 rit
1101 625 1256 699 discimus.

38 803 43 812 Ι
119 729 167 793 sed
190 734 341 794 terrorem
364 747 452 793 suum
476 727 545 810 ipse
567 725 619 792 illo
641 727 730 792 nobis
752 727 889 806 inlciunt
913 748 981 812 qure
1005 728 1158 794 timentur.

156 936 185 999 2.
209 937 253 1001 At
285 957 359 1001 nero
393 937 432 1001 de
466 935 577 1000 timore
611 935 729 1000 domini
763 935 807 999 ito
830 935 979 1017 scripturn
1013 943 1075 1002 est:
1110 938 1256 1016 uenite,

117 1040 205 1117 11111,
223 1040 362 1105 audite
386 1059 452 1118 me,
469 1039 652 1104 timorem
676 1039 829 1104 domini
853 1041 1004 1106 docebo
1027 1061 1106 1106 uos.
1135 1041 1257 1108 discen·
1297 1071 1309 1108 θ

116 1146 170 1209 dns
194 1163 270 1230 ergo
293 1145 343 1210 dei
366 1144 467 1209 timor'
480 1150 535 1222 θεῖ,
565 1143 640 1227 quio
670 1145 805 1210 docetur.
851 1164 912 1209 non
947 1147 1031 1210 enim
1065 1147 1095 1210 in
1130 1152 1257 1228 terrore,

116 1249 223 1312 sedin
247 1248 364 1314 ratione
388 1249 535 1314 doctrinae
558 1255 621 1325 est;
649 1267 752 1331 neque
776 1268 812 1313 cn
836 1248 1038 1328 trepidatione
1062 1256 1179 1314 nature
1202 1259 1256 1321 θεῖ,
1338 1333 1340 1340 y

115 1353 166 1417 sed
201 1359 424 1433 preceptorum
459 1352 656 1418 obseruantia
690 1361 720 1416 et
752 1353 896 1434 operibus
929 1352 1000 1418 uitae
1034 1353 1204 1419 innocentis
1228 1363 1258 1420 et

116 1457 288 1541 cognitione
310 1456 451 1522 uentntis
473 1455 627 1522 ineundus
643 1462 700 1521 est.
745 1475 819 1521 narn
834 1457 859 1521 si
875 1455 991 1522 idcirco
1007 1457 1084 1523 deus
1100 1457 1257 1524 timendus

116 1569 165 1638 est
188 1561 262 1645 qnia
284 1560 374 1642 plura
396 1560 579 1626 fulminibus
601 1561 743 1637 arserint,
766 1561 879 1626 tonitru
902 1567 1057 1642 prostrata
1072 1561 1142 1640 sint,
1166 1569 1256 1628 terrae
1285 1589 1309 1626 ιο

114 1683 191 1730 nunc
223 1673 309 1731 motu
337 1665 536 1739 conciderint
569 1684 651 1731 nnnc
681 1664 767 1730 biotn
797 1671 921 1746 recepta
951 1665 1020 1742 sint,
1052 1665 1153 1731 nullus
1182 1663 1256 1732 fidei

114 1769 201 1833 rimor
225 1777 281 1842 est,
304 1769 357 1853 qni
380 1789 417 1834 ex
436 1770 545 1834 timore
561 1769 766 1834 occidentium
784 1776 1002 1835 commonetur.
1047 1769 1136 1835 nobis
1152 1777 1256 1835 antem

114 1872 202 1937 timor
225 1872 275 1938 dei
297 1873 399 1938 omnis
422 1873 452 1938 in
477 1893 581 1938 amore
603 1880 659 1950 θεῖ,
682 1882 862 1957 metumque
886 1873 952 1938 eins
975 1872 1097 1940 dilectio
1119 1873 1257 1954 perlecta

114 1983 314 2042 consummat
360 1976 531 2042 dilectionis
567 1983 668 2042 antem
705 1986 816 2042 noetrae
850 1977 881 2042 in
912 1997 982 2042 eum
1013 1976 1073 2042 hoc
1096 1979 1255 2059 proprium

113 2079 245 2145 officinm
282 2086 339 2156 θεῖ,
377 2101 484 2163 parere
521 2080 655 2158 monitis,
690 2081 811 2145 statutis
849 2081 1073 2162 obtemperare,
1111 2081 1253 2162 pollicitis
1283 2108 1307 2144 n

9 2217 12 2226 ·
113 2183 214 2249 fidere.
274 2184 435 2249 audiamus
480 2203 554 2269 ergo
599 2185 783 2264 scriptoram
831 2184 999 2250 dicentem:
1053 2192 1090 2250 et
1145 2205 1255 2262 nunc,

112 2286 288 2366 Israhel,
313 2288 410 2372 qnid
433 2287 619 2354 domiuus
642 2289 739 2353 deus
762 2295 855 2354 tuus
889 2289 1140 2372 poscitote,
1175 2289 1255 2353 nisi

113 2400 150 2456 nt
185 2391 333 2458 timeas
377 2390 577 2456 dominnm
617 2392 730 2456 deum
777 2397 882 2457 tunm
922 2400 959 2458 el·
996 2392 1180 2458 ambules
1217 2393 1255 2457 in

112 2497 296 2562 omnibns
332 2495 412 2561 uiis
451 2495 539 2560 eius
575 2504 614 2561 θῖ
652 2495 808 2578 diliges
847 2516 931 2562 eum
970 2506 1007 2563 θῖ
1041 2497 1254 2562 custodias

112 2607 314 2682 praeoepts
346 2599 433 2665 eins
467 2619 511 2664 ox
545 2602 775 2666 totocorde
799 2601 1255 2666 tuoetertotoanimo
1282 2625 1307 2662 ae

112 2719 184 2782 tue,
208 2711 249 2770 ut
278 2705 380 2770 bene
410 2704 464 2769 sit
497 2703 597 2768 tibi?
641 2705 755 2787 quibus
778 2705 869 2770 dietis
893 2705 1108 2770 conuenientia
1131 2711 1161 2770 θῖ
1183 2725 1254 2771 oon·

112 2827 188 2891 grue
210 2808 363 2890 propheta
396 2808 428 2872 in
452 2808 577 2873 exordio
610 2807 722 2887 psalmi
756 2807 875 2874 locutus
909 2821 957 2874 θεῖ
987 2808 1108 2874 dicens:
1144 2809 1254 2875 beati

112 2931 255 2990 omnes,
278 2913 345 2996 qui
369 2911 517 2977 timent
547 2911 757 2989 dominnm,
793 2913 859 2996 qui
883 2912 1090 2979 ambulent
1114 2914 1151 2978 in
1175 2913 1254 2979 niis

112 3017 213 3083 eins:
242 3016 411 3081 ostendens
442 3035 502 3080 non
525 3035 562 3081 ex
586 3015 788 3096 trepidatione
812 3023 935 3092 nostra,¹
949 3017 1020 3102 quio
1044 3017 1109 3082 baec
1133 3018 1253 3083 timoris

112 3127 156 3184 est
179 3132 284 3184 auctor
313 3119 344 3183 in
367 3119 487 3198 ceteris
518 3139 618 3203 neque
649 3141 688 3185 ex
721 3127 836 3186 terrore
860 3121 934 3200 elue,
959 3122 1010 3206 qui
1035 3121 1181 3187 terribilis
1205 3122 1251 3188 sit.
1280 3143 1306 3182 oe

152 3336 231 3390 rl‘e.
249 3335 376 3402 XXXIII,
395 3335 434 3388 12.
472 3337 504 3387 16
523 3334 604 3388 Dent.
623 3335 657 3402 X,
679 3338 709 3388 12
729 3353 768 3403 sq.

151 3528 308 3582 doconrrit
322 3527 374 3581 GR
391 3527 576 3582 recurritPT
626 3527 698 3582 lad
715 3543 784 3581 nero
799 3530 823 3578 (ι’
877 3527 1048 3582 scribtan
1102 3529 1252 3580 lnatnrac

111 3618 151 3667 est
168 3615 195 3666 R
217 3619 333 3668 naturae
359 3631 390 3668 er
419 3615 444 3666 (i
470 3620 586 3668 naturae
615 3615 693 3667 ΡΙἘ
742 3615 801 3669 9ε1
829 3631 876 3668 om.
907 3616 931 3664 (ι’
984 3613 1124 3668 timendus
1150 3613 1255 3666 GPTE

110 3701 295 3756 aestimandus
314 3703 340 3754 Il
394 3703 423 3755 ll
445 3701 538 3756 nullae
556 3699 621 3755 fidei
639 3701 725 3754 timor
743 3707 786 3754 θεῖ
807 3701 831 3754 G
849 3701 958 3754 nullam
982 3699 1047 3754 fidei
1073 3701 1205 3754 meritam
1222 3701 1251 3754 iu

111 3785 208 3842 timore
226 3794 268 3842 est
287 3789 392 3841 RPYE
445 3791 477 3842 12
495 3804 530 3842 ex
547 3789 649 3842 timore
668 3789 694 3840 (ι’
712 3804 746 3841 ex
764 3793 873 3841 terrore
886 3787 990 3840 RPTE
1043 3789 1075 3841 18
1092 3791 1253 3855 metumque

113 3873 192 3926 (il'R
205 3882 309 3928 metam
322 3875 372 3928 ΡΤ
426 3877 459 3929 lb
476 3875 589 3928 monitis
609 3875 708 3928 VRPI'
724 3874 884 3928 monitionis
900 3874 932 3941 G,
945 3875 1027 3943 porris
1045 3873 1251 3942 moultionibns,

110 3963 155 4012 red
175 3963 211 4030 cf.
235 3963 317 4015 Acod.
338 3981 366 4033 p.
384 3961 421 4015 81
475 3964 508 4015 16
535 3960 621 4015 fldcra
648 3963 673 4014 G
699 3959 838 4015 confidere
864 3961 961 4014 l'llPT
1013 3960 1179 4015 scribturam
1199 3961 1256 4013 Gl'

111 4054 138 4098 et
162 4063 235 4102 nuno
262 4049 288 4100 G
295 4047 366 4101 l'PI'
392 4065 423 4101 ex
449 4053 477 4102 et
505 4047 571 4116 quid
598 4064 672 4101 nuno
699 4065 766 4100 corr.
786 4048 812 4100 lt
865 4046 978 4102 istrahel
1005 4046 1062 4100 GV
1112 4049 1145 4101 17
1163 4047 1252 4114 poscit

110 4135 201 4202 scripsi
225 4135 313 4203 penult
341 4135 367 4187 G
393 4134 518 4203 postulat
549 4133 679 4186 VRPTE
703 4135 737 4203 rs.
765 4136 847 4188 Acori,
871 4153 900 4206 p.
925 4133 964 4187 35
1020 4137 1052 4190 18
1078 4133 1200 4188 ambolas
1226 4133 1252 4186 G

112 4220 143 4272 19
160 4235 224 4274 anm
244 4219 389 4274 Gl'RPT
406 4239 453 4273 om.
478 4219 512 4273 1⁷¹
565 4222 596 4273 21
617 4220 670 4274 tibi
694 4221 732 4274 sit
750 4221 775 4273 R
828 4221 862 4274 25
880 4219 908 4274 in
928 4221 1028 4276 ceteris
1049 4221 1129 4274 (WR
1146 4220 1176 4273 in
1194 4215 1251 4274 fris

113 4305 136 4356 Τ
152 4307 180 4360 in
198 4309 279 4361 terris
299 4308 324 4360 P
373 4323 462 4376 nequa
482 4307 586 4360 GRPT
602 4307 697 4374 siquae
721 4308 749 4359 l'.
