3075 4967
269 257 330 323 168
605 260 721 312 sancti
747 253 881 311 Hilarii
906 256 1069 324 episcopi

266 470 338 516 cum
360 449 525 514 infirmitas
548 469 708 531 corporum
731 446 918 525 detrahetur,
951 447 984 513 id
1007 454 1054 513 eat
1075 447 1180 528 lapsus
1203 457 1234 514 et
1256 449 1406 527 laerimae3

269 561 343 632 tum,
360 573 429 618 cum
445 553 670 634 corruptionem
692 553 880 633 incorruptio
902 551 1071 634 denotabit,
1089 559 1163 628 turn,
1187 571 1258 617 cum
1278 563 1408 619 mortem

266 665 400 738 potestas
423 657 593 723 inmortalis
612 656 799 735 absorbebit,
823 663 897 733 tum,
914 675 984 721 cum
1006 657 1046 720 sit
1068 658 1146 720 deus
1164 657 1268 723 emnia
1290 658 1323 721 in
1345 677 1409 722 om-

267 762 367 839 nibus,
381 767 455 840 turn,
478 781 546 826 cum
569 761 672 826 lumen
695 761 866 826 uiuentium
882 760 966 824 sitin
983 761 1092 826 eodem
1107 761 1278 826 uiuentium
1293 760 1409 826 lumine

227 889 240 928 s
267 867 325 931 deo
348 866 414 946 ipse
437 865 612 946 placiturus.
657 885 730 930 nam
754 866 779 929 si
803 865 862 931 sibi
890 865 921 928 in
935 865 1092 930 creatione
1108 867 1214 930 mundi
1237 867 1408 931 secundum

268 968 434 1052 Sapientiae
456 969 681 1051 professionem
705 989 799 1050 super
821 967 895 1034 tiliis
918 967 1077 1034 hominurn
1101 970 1298 1053 adgaudebat
1312 977 1409 1052 pater,

267 1072 359 1158 longe
383 1074 485 1158 magis
507 1074 539 1139 in
569 1073 815 1139 reconciliatione
848 1074 957 1138 mundi
991 1071 1219 1158 intellegendus
1252 1080 1301 1138 est
1330 1074 1411 1158 patri

252 1197 337 1244 ‚osse
359 1177 535 1258 placiturus.
581 1184 629 1243 est
651 1179 735 1244 enirn
758 1177 824 1243 lux
854 1197 949 1242 uera
985 1179 1128 1251 mundi,
1159 1178 1412 1243 inluminans

268 1301 421 1347 omnem
456 1281 655 1348 hominem
686 1282 919 1348 uenientem
941 1283 981 1347 in
1004 1281 1108 1348 hunc
1141 1284 1335 1360 mundum,
1358 1285 1413 1348 do·

216 1409 241 1448 1o
268 1386 369 1451 minus
404 1393 508 1451 noster
542 1386 630 1452 lesus
663 1385 814 1462 Christus,
849 1387 901 1471 qui
937 1394 986 1452 est
1019 1387 1199 1452 benedictus
1231 1387 1263 1450 in
1298 1386 1414 1452 saecula

268 1488 459 1555 saeeirlorum.
503 1510 602 1556 amen.

691 1617 877 1702 tstttttts
904 1617 984 1700 tvi.

304 1740 347 1805 ln
371 1741 505 1820 finem,
529 1762 573 1807 ne
596 1742 827 1824 disperdas,
851 1741 979 1807 Dauid
1004 1740 1118 1806 tituli
1141 1742 1376 1824 inscriptio,

424 1866 508 1912 curn
531 1846 638 1928 fugit
661 1867 679 1910 a
702 1846 810 1912 facie
834 1845 927 1911 Saul
949 1846 989 1910 in
1012 1845 1254 1926 speluncam.

216 1974 242 2010 m
311 1949 514 2016 Miserere
538 1950 612 2015 mei
635 1951 742 2028 deus,
766 1950 1077 2015 misereremei:
1102 1951 1287 2034 quoniam
1310 1951 1350 2014 in
1375 1959 1415 2016 te

267 2053 445 2120 conlidit
466 2055 597 2119 anima
620 2075 710 2121 mea

312 2157 340 2222 1.
365 2157 412 2223 De
435 2159 602 2240 superioris
624 2158 736 2240 psalmi
762 2158 1021 2240 superscriptione
1039 2159 1071 2224 id
1087 2166 1205 2225 tantum
1221 2159 1415 2224 demutatum

170 2293 197 2327 f
269 2262 299 2326 in
316 2263 515 2346 consequenti
539 2264 704 2347 estquod,
728 2263 781 2328 ubi
805 2283 875 2344 pro
898 2261 1044 2348 populo
1066 2263 1188 2348 longe
1210 2283 1228 2326 a
1250 2263 1415 2328 sanetis

268 2366 376 2431 facto
391 2373 592 2447 praenotatum
609 2375 664 2444 est,
681 2388 762 2433 nunc
781 2388 827 2433 ne
850 2387 1084 2448 corrumpas
1106 2367 1170 2432 uel
1193 2367 1416 2448 disperdas

216 2491 241 2529 ru
268 2471 485 2551 prescribitur,
519 2472 600 2556 quod
633 2493 693 2536 uno
727 2472 822 2537 uerbo
856 2471 907 2558 spi
939 2469 982 2556 μὴ
1016 2473 1212 2555 διαφθείρῃς
1248 2478 1417 2556 utrumque

269 2593 388 2659 graecus
411 2593 512 2640 sermo
535 2575 701 2658 conplexus
724 2585 782 2642 est.
829 2595 1023 2660 consequens
1046 2577 1128 2642 enim
1164 2583 1238 2654 crat,
1267 2581 1309 2653 ut,
1341 2576 1417 2660 quia

269 2679 421 2760 corruptio
444 2699 504 2758 eos,
525 2678 577 2763 qui
600 2678 693 2764 longe
708 2701 726 2745 a
742 2681 856 2745 sanctis
880 2681 1087 2761 discederent,
1103 2699 1250 2748 mansura
1265 2686 1357 2758 esset,
1375 2701 1416 2745 ne

268 2781 340 2848 hnic
363 2789 488 2848 sanctus
504 2783 695 2873 subderetur
716 2791 829 2849 oraret.
873 2803 946 2848 nam
970 2790 1001 2849 et
1022 2785 1053 2848 in
1076 2784 1196 2865 psalmo
1219 2782 1278 2849 alio
1307 2791 1416 2868 gratu-

268 2885 413 2952 lationem
447 2907 564 2952 auersae
587 2886 677 2952 huius
701 2907 719 2951 a
742 2909 775 2953 se
797 2889 998 2970 corruptionis
1022 2889 1156 2954 ostendit
1186 2889 1307 2954 dicens:
1339 2908 1415 2953 nec

217 3009 242 3049 aa
268 2991 385 3055 dabis
419 2999 604 3056 sanctum
637 2998 741 3057 tuum
776 2993 918 3058 uidere
952 2993 1263 3074 corruptionem.
1310 3011 1416 3076 neque

268 3095 448 3179 ambiguum
461 3102 515 3176 est,
521 3096 678 3177 psalmum
689 3096 774 3162 hunc
786 3096 955 3162 secundum
968 3096 1174 3178 apostolorum
1187 3096 1414 3179 professionem

270 3219 307 3264 ex
329 3220 461 3281 persona
484 3221 552 3267 esse
575 3200 690 3266 domini
713 3200 964 3286 intellegendum.

311 3340 544 3408 mmmm

314 3465 325 3514 l
346 3461 503 3516 detrahitur
522 3463 548 3515 P
597 3463 721 3516 &morte
740 3480 771 3516 cc
788 3470 877 3515 morte
895 3479 962 3515 corr.
980 3479 1049 3514 rnun.
1062 3479 1111 3514 rec.
1124 3463 1150 3514 R
1202 3463 1219 3515 3
1237 3461 1369 3515 absorbet
1384 3479 1415 3514 aa

268 3549 391 3603 absorbit
410 3567 442 3602 m.
462 3551 477 3601 1
498 3551 522 3602 li
548 3551 680 3604 absorbet
707 3549 760 3601 PE
810 3548 917 3603 6filios
937 3549 1015 3600 ΡΤΕ
1065 3547 1173 3616 'ipatrr'
1200 3546 1280 3601 huius
1307 3564 1371 3602 csse
1389 3548 1414 3600 R

269 3637 315 3698 (cn
333 3636 406 3704 patri
424 3635 497 3690 filius
515 3635 605 3702 esaei)
659 3637 804 3690 bomnem
828 3653 878 3689 om.
897 3635 934 3688 Pe
986 3634 1111 3703 Explicit
1128 3633 1254 3688 Psalmus
1272 3632 1323 3688 LU
1345 3633 1414 3688 inci·

268 3723 312 3791 pit
328 3723 452 3776 Psalmus
471 3722 578 3776 LVlR
603 3722 728 3791 Explicit
755 3723 798 3776 Ps.
816 3720 866 3776 LV
894 3722 946 3776 ino.
965 3720 1028 3774 LVI
1047 3721 1074 3773 P
1088 3719 1170 3789 Expl.
1197 3720 1232 3774 de
1255 3719 1305 3773 LV
1328 3721 1413 3788 incip.

269 3810 303 3863 dc
322 3809 428 3863 LVIT
480 3813 514 3864 14
532 3810 560 3862 in
579 3809 710 3877 spelunca
727 3810 753 3861 Jt
808 3811 841 3862 18
858 3809 887 3862 in
905 3827 953 3862 om.
971 3808 998 3861 R
1049 3824 1101 3876 pro
1119 3807 1184 3876 polo
1203 3809 1229 3860 R
1282 3809 1315 3860 19
1332 3823 1414 3876 prae·

270 3901 396 3950 notatum
413 3899 507 3966 scripsi
523 3897 558 3965 es.
578 3898 650 3950 stud.
670 3895 743 3950 1889
758 3915 787 3966 p.
804 3893 861 3948 art
879 3900 1022 3949 enotatum
1034 3895 1061 3947 R
1072 3894 1243 3963 enigmatum
1256 3893 1300 3946 Tc
1317 3894 1412 3962 aenig-

269 3987 375 4037 matum
394 3984 433 4036 Po
451 3983 578 4052 aenigma
596 3986 657 4037 tum
676 3983 727 4036 Ed.
745 3983 829 4036 Besil.
849 3982 925 4036 1550
943 3992 967 4035 et
985 3981 1049 4034 Por.
1072 3979 1144 4034 1572
1196 3982 1231 4035 20
1248 3982 1315 4034 inter
1338 3978 1413 4048 quod

270 4079 293 4122 at
320 4085 375 4122 unc
403 4087 469 4124 eras.
488 4069 615 4139 quozd
633 4070 659 4122 R
710 4074 740 4123 to
759 4085 803 4122 me
821 4068 948 4122 disstircs
962 4068 988 4120 P
1003 4068 1081 4122 come
1099 4068 1159 4121 dias
1177 4067 1308 4121 theresR
1325 4071 1412 4120 tomo·

270 4155 329 4209 dias
354 4155 449 4224 thyras
476 4176 503 4224 α,
529 4173 577 4208 om.
600 4153 623 4202 'l'
656 4157 749 4209 lacuna
777 4157 866 4209 relicta
927 4157 960 4208 21
985 4171 1084 4222 grecus
1111 4156 1137 4207 R
1197 4156 1232 4207 23
1256 4152 1359 4207 sanctis
1388 4153 1411 4204 R

209 4237 213 4244 “
270 4248 382 4297 orarent
400 4243 427 4294 P
454 4228 540 4295 ¹nam
559 4243 586 4296 in
607 4243 646 4294 Pb
699 4241 1067 4311 aliozzgratulationem
1086 4241 1116 4293 P.
