3075 4967
299 294 362 359 680
645 292 763 345 sancti
782 289 914 345 Hilarii
932 291 1096 362 episcopi

297 484 614 566 nisipater‚qni
644 501 702 546 me
731 482 855 558 misit,
888 483 1211 551 adducatillnm.
1257 486 1423 552 illamSion
1522 419 1525 532 1

299 595 437 654 sanctam
472 592 503 652 et
535 586 692 651 calestem
730 585 925 652 Hierusalem
963 585 1064 672 arlegit,
1102 591 1291 656 concordem
1325 591 1427 656 scilieet

298 692 436 758 fidelium
466 696 581 757 coetum
611 695 642 754 et
670 688 877 756 sanctificatas
907 693 1110 758 sacramentis
1140 693 1281 760 ecclesia
1310 696 1427 775 animas,

298 796 465 880 inquibus
495 800 654 878 tamquam
683 793 858 859 rationabili
889 800 921 860 et
949 795 1139 881 intellegenti
1169 806 1200 864 et
1221 800 1386 864 emundata
1404 804 1429 864 et

260 927 273 963 a
298 912 413 966 aeterna
434 919 492 980 per
514 898 747 964 resurrectionis
769 897 900 982 gloriam
931 900 1023 964 domo
1057 902 1248 969 rationabilis
1271 909 1302 969 et
1322 901 1428 970 intelle-

298 1023 376 1090 gens
409 1013 440 1070 et
472 1002 621 1085 inpolluta
654 1008 685 1068 et
721 1015 837 1067 aeterna
874 1003 1090 1070 inenarrabilis
1128 1005 1298 1072 diuinitatis
1334 1013 1429 1072 natura

298 1109 482 1192 requiescat.
526 1127 587 1172 non
611 1106 694 1190 quod
716 1127 752 1172 ex
777 1127 821 1184 ea,
843 1107 875 1171 in
899 1127 961 1191 qua
983 1115 1037 1176 est
1060 1109 1222 1175 infinitatis
1244 1131 1309 1176 sua
1324 1112 1428 1176 inmen-

298 1213 388 1278 sitate
412 1213 548 1289 desistat,
570 1216 605 1276 ut
627 1210 831 1275 humanarum
855 1213 1006 1278 mentium
1028 1214 1181 1298 angustiis
1196 1221 1362 1287 coartetur:
1383 1214 1429 1280 sed

298 1317 371 1401 quia
393 1336 449 1398 ρον
471 1315 558 1400 digni
580 1335 615 1381 se
637 1313 804 1379 habitaculi
828 1317 946 1393 sedem,
963 1316 1015 1400 qrri
1038 1315 1153 1400 ubique
1169 1323 1201 1382 et
1215 1319 1299 1383 idem
1316 1325 1346 1384 et
1359 1325 1429 1384 totus

247 1445 273 1481 ιο
299 1428 331 1487 et
352 1439 478 1502 semper
500 1425 556 1496 est,
579 1419 610 1484 in
634 1419 748 1485 sanctis
771 1418 1045 1503 probabilibusque
1074 1423 1258 1505 requiescat
1285 1423 1336 1490 uhi
1358 1421 1430 1486 nulla

299 1524 435 1604 offensio,
459 1544 519 1588 non
542 1523 718 1600 demutatio,
742 1525 799 1589 sed
828 1523 866 1588 in
902 1524 1091 1590 saeculum
1114 1525 1264 1604 saculi,
1286 1527 1318 1592 id
1341 1533 1385 1592 est
1403 1526 1429 1589 in

298 1635 414 1695 aeterna
436 1633 577 1709 tempora
599 1628 695 1712 digna
718 1634 748 1692 et
773 1625 896 1708 placens
920 1627 1068 1694 habitatio
1091 1629 1133 1694 sit
1155 1629 1262 1696 electa

341 1733 393 1798 24.
417 1731 538 1797 Dehinc
562 1731 715 1815 sequitur:
746 1731 908 1796 uiduam
943 1733 1028 1798 eius
1051 1733 1305 1800 benedicens
1328 1735 1429 1799 bene·

299 1839 436 1903 dicam.
482 1836 610 1920 quidam
633 1835 852 1900 translatomm
882 1837 1101 1918 interpretatus
1131 1857 1200 1902 esse
1230 1839 1274 1903 ita
1302 1843 1428 1919 repertus

248 1963 273 1998 a
300 1949 363 2006 eat:
397 1941 628 2024 captionem
663 1941 749 2004 eius
783 1939 1035 2006 benedicens
1073 1942 1329 2007 benedicam:
1360 1949 1429 2005 tam·
1524 1977 1525 2028 ς

299 2066 393 2128 quam
427 2044 624 2110 uenatoribus
658 2050 691 2109 et
718 2045 924 2125 piscatoribus
954 2043 1116 2110 hominum
1147 2045 1267 2112 effectis
1296 2044 1429 2128 apostolis
1524 2035 1525 2096 ἶ

298 2149 366 2215 haee
400 2169 504 2214 eorum
539 2148 705 2214 benedicta
738 2148 780 2212 sit
808 2149 916 2229 captio.
941 2149 1075 2214 maxime
1099 2150 1181 2233 quod
1207 2149 1374 2224 Bethsaida
1396 2168 1428 2212 er
1524 2143 1525 2206 ἶ

299 2273 361 2336 qua
382 2253 511 2334 apostoli
535 2259 614 2327 sunt,
638 2271 694 2332 per
715 2253 1002 2333 interpretationem
1025 2252 1140 2337 linguae
1163 2252 1316 2319 hebraica
1330 2255 1428 2318 domus

298 2358 477 2422 cenantium
502 2361 701 2437 nuncupetur.
746 2357 802 2420 sed
826 2357 915 2420 nohis
946 2357 1105 2440 sequenda
1134 2365 1182 2423 est
1213 2359 1313 2438 prima
1334 2356 1380 2421 illa
1402 2363 1429 2420 et

244 2479 271 2517 aa
298 2461 355 2526 snb
380 2461 555 2527 ludaeorum
578 2460 769 2542 temporibus
793 2465 865 2526 ante
888 2461 1004 2526 domini
1035 2463 1204 2526 aduentum
1234 2463 1274 2526 ad
1304 2460 1427 2527 ecclesia

298 2567 471 2631 doctrinam
494 2565 679 2649 consignata
702 2563 911 2629 translationis
944 2567 1125 2630 auctoritas:
1158 2566 1320 2630 uiduam
1352 2565 1427 2628 eins

253 2722 256 2728 .
299 2670 549 2735 benedicens
572 2668 822 2734 benedicam.
868 2675 985 2752 quauta
1006 2669 1170 2734 uiduarum
1193 2659 1427 2754 dignitas'estet

297 2773 428 2839 honesta
450 2773 539 2838 unius
561 2773 620 2837 tori
642 2773 833 2838 conscientia
855 2783 885 2837 et
907 2772 1006 2838 felicis
1028 2773 1224 2838 continentiae
1253 2774 1426 2839 indemutata

297 2877 484 2942 constantia!
528 2875 596 2941 haec
619 2877 704 2942 enim
726 2876 920 2942 benedicitur
942 2883 974 2941 et
996 2877 1208 2942 benedicendo
1236 2877 1425 2942 benedicitur:

245 2997 271 3036 π
298 3001 335 3046 ex
371 2980 484 3046 indicio
521 2980 640 3047 scilicet
673 2981 886 3046 benedicentis
920 2979 1134 3046 bencdictione
1167 2979 1204 3044 fit
1238 2982 1340 3064 digna
1379 2975 1425 3042 sed
1523 3009 1524 3036 1

297 3083 452 3165 apostolus
475 3085 616 3168 gentiam
650 3085 756 3150 doctor
788 3083 926 3149 hortatur
948 3104 1004 3149 nos
1027 3094 1057 3148 et
1079 3082 1163 3148 alind
1186 3086 1227 3151 de
1248 3085 1347 3162 uidua,
1368 3099 1425 3165 qua
1523 3119 1524 3136 r

298 3189 577 3265 benedicendaeet‚
594 3188 718 3254 sentire.
762 3188 834 3273 lege
857 3189 941 3254 enim
964 3207 1025 3254 non
1048 3208 1103 3269 ρον
1125 3189 1272 3254 uirtutem
1296 3184 1423 3269 spiritalis

342 3383 354 3434 l
374 3381 452 3434 misit
467 3395 513 3433 me
532 3381 558 3434 R
609 3382 627 3435 ⁶
644 3397 695 3450 per
711 3380 812 3434 VVPE
827 3397 846 3448 ρ
865 3399 937 3452 arrpr.
955 3398 1004 3434 scr.
1024 3381 1050 3434 R
1102 3379 1184 3434 domo
1202 3379 1306 3434 VPTE
1320 3375 1423 3434 domdll

297 3473 327 3522 et
343 3466 509 3536 intellegens
527 3495 563 3504 -
580 3467 776 3521 inenarrabilis
793 3469 822 3520 ia
839 3485 922 3536 rnnrp.
940 3485 1026 3538 cuper.
1045 3469 1106 3520 cdd.
1125 3467 1151 3520 P
1202 3469 1218 3521 'l
1237 3484 1273 3522 ex
1290 3485 1322 3522 ea
1343 3461 1425 3520 vm*

297 3570 333 3609 ex
349 3571 383 3608 eo
398 3554 424 3607 R
475 3554 614 3643 igione
638 3551 667 3619 (n
686 3573 716 3608 ea
732 3551 837 3621 milli
890 3553 1035 3610 infinitatis
1059 3569 1124 3608 auae
1154 3553 1218 3608 VRe
1245 3553 1363 3608 infinitas
1385 3563 1422 3604 eut

297 3659 362 3712 m
416 3661 446 3712 ll
465 3657 588 3722 offensio,
617 3675 674 3711 non
701 3656 853 3711 demutatio
888 3657 964 3711 VBP
988 3655 1111 3725 offensio,
1141 3657 1221 3711 nulla
1250 3654 1420 3712 domnanae

294 3745 478 3806 offensionum
506 3743 659 3799 demutatio
678 3745 718 3797 Tb
774 3747 806 3798 la
824 3744 863 3798 sit
889 3749 918 3798 et
943 3743 1080 3797 electaV
1133 3745 1166 3797 14
1184 3744 1297 3812 quidam
1322 3737 1419 3797 nandr·
1522 3787 1523 3792 ,

296 3837 389 3886 torum
407 3859 441 3869 -
457 3830 621 3886 benedicam
639 3849 687 3884 om.
707 3831 758 3883 ΡΤ
809 3830 1027 3898 interpraetatue
1050 3829 1100 3882 VR
1153 3831 1185 3884 17
1203 3832 1322 3885 maxime
1338 3821 1420 3898 qro

295 3918 427 3973 bethaida
445 3919 471 3971 Τ
487 3917 640 3973 betsaidam
665 3917 689 3971 V
740 3919 774 3972 18
791 3916 938 3971 hebreicae
963 3916 988 3971 V
1010 3915 1172 3971 haebraicae
1191 3918 1218 3970 R
1271 3920 1303 3972 la
1320 3928 1418 3970 ommn-
1522 3935 1523 3938 ¹

296 4005 368 4059 tium
385 4007 413 4058 P
461 4009 639 4072 nuncupetur
664 4005 740 4058 VRP
754 4009 933 4073 nuncupatur
952 4003 977 4056 Τ
1027 4005 1063 4058 90
1080 4005 1250 4073 temporibus
1269 4033 1302 4042 -
1319 4001 1416 4058 ecelsis
1522 4037 1523 4048 2

296 4110 349 4144 rae.
375 4111 409 4146 m.
437 4092 454 4145 l
481 4092 507 4147 11
558 4093 591 4146 21
611 4091 764 4146 aucteritas
791 4091 868 4144 RPT
894 4090 1089 4145 auctoritatem
1119 4091 1142 4144 V
1192 4093 1228 4146 28
1245 4096 1274 4146 et
1298 4089 1377 4144 felicit
1390 4109 1416 4122 -
1522 4099 1523 4148 i

294 4181 452 4233 constantia
470 4197 519 4233 om.
537 4179 564 4232 R
616 4177 803 4233 continentiae
823 4197 853 4231 ea
870 4177 1070 4232 continentiam
1088 4175 1160 4230 m.2
1187 4177 1214 4231 V
1260 4179 1294 4232 24
1311 4181 1336 4230 et
1352 4175 1416 4228 bene·

293 4264 413 4318 dicendo
430 4264 606 4320 benedicitur
630 4265 678 4318 VR
698 4283 748 4318 om.
767 4265 818 4318 PT
869 4265 904 4318 25
921 4263 1114 4319 benedictione
1133 4263 1212 4317 RPT
1228 4261 1373 4319 benedictio
1393 4253 1414 4308 l'·
