3075 4967
347 293 529 341 tractatus
557 287 597 342 de
618 287 731 341 titulo
749 286 878 355 psalmi
896 287 965 342 XCI.
1163 288 1225 353 347

107 479 200 563 quibus
230 497 354 544 necesse
388 489 434 542 est
467 477 570 558 plures
603 477 633 541 in
661 477 803 562 noceatis
825 497 919 562 agere
941 497 978 543 nc
1001 479 1121 543 uiuere:
1145 477 1227 544 hauc

107 583 175 646 enim
204 584 279 648 diem
314 582 355 646 od
389 581 544 666 quoddam
580 577 791 646 testimoninm
827 581 1014 666 dignationis
1050 582 1081 646 in
1111 602 1146 648 se
1176 582 1226 648 dei

107 685 243 751 honorent.
287 688 314 752 si
338 685 406 750 hnc
431 705 507 771 ergo
531 685 580 750 dei
614 693 662 750 est
696 685 894 770 requietionis
929 686 1005 763 dies,
1040 687 1124 770 quod
1158 706 1228 752 cnm

107 791 181 854 uenis
201 789 309 856 dictum
333 791 380 868 sit
403 791 466 855 iam
490 790 565 854 deus
589 790 721 856 mendax
745 801 801 864 est,
825 809 894 855 enm
915 790 949 854 in
968 809 1003 855 se
1019 798 1227 868 contumaces,

107 894 131 957 in
150 892 234 958 filium
257 894 419 976 parricidae
442 895 580 978 requiem
605 893 666 959 diei
691 892 783 958 huius
805 894 975 962 obtineant.

143 997 166 1062 3.
190 997 299 1064 Dehinc
322 1018 394 1064 cum
417 999 560 1063 omnibus
583 999 708 1062 omnino
732 999 799 1064 sine
823 999 1000 1078 exceptione
1023 998 1128 1082 aliqu
1150 998 1227 1064 nihii

108 1102 190 1180 operis
211 1121 308 1186 agere,
332 1104 390 1168 sod
412 1103 443 1168 in
467 1103 527 1166 otio
551 1103 710 1186 quiescere
731 1103 848 1168 iussum
864 1103 911 1181 sit
935 1105 1089 1186 quomodo
1105 1121 1228 1168 rursm

108 1205 642 1272 domiunssabbotumsoluitdicens:
666 1207 854 1283 nescitis,
872 1208 965 1290 quie
987 1207 1228 1272 sacerdotes

108 1309 296 1392 intemplo
320 1311 533 1378 sabbatum
557 1309 714 1376 uioiant
747 1324 786 1376 et
808 1311 896 1377 sine
920 1312 1088 1377 crimine
1112 1311 1228 1377 suot?

110 1431 167 1496 ergo
188 1433 241 1478 noo
266 1414 332 1480 hene
357 1416 444 1498 quies
467 1414 585 1480 subbati
601 1435 657 1480 nec
679 1413 739 1480 hoe
755 1417 822 1480 eius
838 1423 886 1481 est
901 1415 1006 1492 otium,
1019 1435 1091 1480 cum
1106 1418 1229 1500 quaudo
1257 1441 1282 1478 ιο

110 1535 156 1580 ntro
178 1519 366 1601 quiescentes
390 1520 420 1582 in
444 1519 574 1584 sabbato
599 1519 755 1584 maledicti
779 1520 842 1586 sint
875 1542 895 1579 a
943 1541 961 1576 a
1006 1540 1025 1578 a
1071 1540 1090 1578 a
1138 1541 1156 1577 a
1209 1541 1227 1578 e

111 1637 1229 1684 *2*******{it'k*******

113 1725 155 1788 sub
175 1725 267 1811 legem
291 1726 448 1793 firmitatis
471 1729 634 1809 accipiens.
680 1727 705 1792 si
731 1727 776 1792 sol
807 1729 959 1813 signaque
989 1737 1092 1794 cetero
1121 1750 1229 1796 cursus

111 1845 167 1891 suos
196 1829 304 1896 obeunt
338 1837 370 1896 ot
398 1831 515 1897 habent
545 1832 584 1895 ab
615 1852 651 1896 eo
681 1832 884 1912 permanendi
914 1834 945 1897 in
978 1833 1035 1910 his,
1063 1835 1231 1918 inquibus

111 1937 174 2009 sunt
195 1933 402 2011 substantiam,
425 1957 443 1998 a
466 1955 526 2019 quo
560 1936 589 2000 iu
616 1934 672 2001 hos
695 1923 804 2001 cursus
838 1942 930 2019 atquo
963 1938 994 2001 in
1029 1937 1095 2004 haec
1128 1936 1230 2004 officio
1258 1960 1282 1997 u

112 2039 244 2116 conposita
266 2046 346 2116 sunt,
371 2040 396 2105 si
420 2046 501 2104 terra
532 2038 647 2104 fructus
671 2059 741 2104 snos
776 2039 892 2120 profert
926 2043 1089 2106 materiem
1124 2042 1229 2107 fecun-

113 2138 197 2206 ditatis
217 2143 245 2206 iu
268 2143 335 2208 dies
358 2163 495 2218 sumens,
517 2163 573 2224 per
595 2163 689 2226 quam
713 2145 740 2209 oi
765 2145 935 2210 secundum
953 2150 1127 2226 tempomm
1145 2147 1230 2212 uices

113 2245 231 2324 quadam
265 2246 432 2313 fertilitatis
465 2253 573 2314 natura
606 2248 747 2313 subiecta
781 2256 838 2324 est,
871 2250 897 2314 si
921 2249 1032 2315 cotidie
1055 2251 1229 2315 animamm

113 2347 225 2430 origines
253 2359 282 2416 et
317 2371 480 2432 corporum
502 2351 703 2438 figrrratiooes
737 2351 855 2417 occultu
888 2361 919 2418 et
952 2354 1107 2438 incognita
1141 2355 1230 2420 nobis

114 2447 205 2516 diuina
235 2455 353 2520 uirtutis
387 2454 544 2521 molitione
578 2456 762 2537 procedunt:
798 2464 829 2521 et
851 2476 1001 2542 magnum
1024 2465 1072 2524 est
1095 2459 1231 2524 muueris
1258 2471 1284 2510 2⁰

115 2556 173 2618 tanti
194 2559 266 2624 dona
288 2558 412 2626 sentire.
435 2579 507 2624 cum
531 2567 635 2625 temen
659 2580 766 2625 eorum
790 2561 939 2626 institutio
968 2564 1130 2627 nesciatur.
1176 2565 1232 2628 sed

115 2653 168 2722 hac
189 2664 238 2727 etsi
260 2683 337 2744 opus
359 2663 409 2729 dei
433 2671 514 2738 sunt,
547 2684 658 2730 nomm
691 2666 723 2728 in
758 2665 808 2729 his
842 2664 930 2730 labor
963 2665 1065 2732 nullus
1099 2673 1156 2733 est.
1201 2675 1233 2732 et

117 2776 277 2848 quamquem
301 2768 435 2833 habeant
458 2789 496 2834 ex
519 2774 642 2834 auctore
678 2788 731 2834 suo
766 2789 802 2832 oc
826 2769 1013 2849 dominante,
1048 2771 1129 2855 quod
1161 2771 1233 2836 tolio

117 2873 180 2944 suut
209 2889 261 2935 non
296 2878 402 2936 temen
436 2893 514 2946 eum,
550 2893 651 2956 aquo
674 2881 741 2937 orte
764 2881 872 2953 etper
895 2893 988 2957 quem
1019 2875 1129 2940 cotidie
1160 2874 1232 2940 talia

117 2975 179 3037 aunt.
198 2973 369 3060 defatigant.
1259 2991 1285 3029 2⁶

152 3071 177 3138 i.
196 3075 230 3142 iit
250 3079 317 3144 iraec
351 3081 478 3164 quidem
502 3099 618 3165 magna
640 3081 690 3146 dei
714 3101 808 3162 opera
830 3089 909 3160 sunt
933 3081 1044 3148 caeium
1066 3084 1232 3160 continere,

120 3171 195 3242 solem
213 3201 278 3248 cum
301 3186 393 3249 astris
415 3185 527 3250 ceteris
549 3185 711 3266 luminare,
741 3187 890 3252 sementis
920 3194 1011 3252 terrae
1040 3189 1233 3254 incrementa

120 3276 243 3361 suficere,
265 3288 424 3354 hominem
458 3289 591 3366 firmare,
626 3291 763 3354 animem
797 3289 1017 3373 reprouehere:
1052 3292 1108 3357 sed
1142 3290 1234 3375 longe

153 3420 264 3482 suarii.
285 3429 345 3496 x11,
363 3431 388 3482 a.

152 3542 203 3598 dni
219 3555 257 3602 est
274 3550 459 3618 requietionis
478 3551 508 3604 di
527 3550 649 3619 quodV
699 3551 913 3619 doptinenntr
966 3551 1049 3604 ised
1074 3551 1104 3604 in
1127 3569 1158 3604 a
1175 3551 1234 3604 rins

119 3638 143 3676 11·
160 3627 176 3680 9
196 3633 215 3684 V
262 3641 295 3692 10
312 3637 393 3704 quies
420 3643 462 3691 est
490 3637 597 3692 sabbati
626 3639 655 3690 rb
709 3637 768 3691 eius
796 3638 883 3691 otium
911 3643 953 3691 est
979 3640 1008 3691 rb
1065 3639 1094 3691 11
1114 3647 1234 3706 quattuor

119 3726 213 3772 uestrum
229 3727 309 3793 spatio
329 3741 410 3778 uacuo
429 3726 456 3776 in
474 3741 556 3793 mur-9.
575 3727 675 3778 addidit
693 3743 725 3778 m.
745 3725 779 3778 2.-
807 3724 853 3778 hic
882 3725 960 3778 decet
984 3724 1057 3792 qnod
1076 3723 1234 3778 addendum

120 3803 219 3860 thin
236 3829 248 3860 r
265 3813 325 3864 odd.
346 3809 468 3864 nu2hic
486 3810 565 3865 deest
620 3813 652 3864 15
670 3812 826 3866 substantia
842 3812 880 3864 Vr
932 3809 1063 3864 officioV
1115 3813 1147 3864 17
1164 3815 1235 3864 tem·

119 3884 205 3948 Florum
226 3896 257 3948 V¹
311 3896 401 3952 uicem
429 3899 457 3950 rb
511 3901 540 3952 21
563 3898 704 3954 nescietur
731 3917 760 3952 ea
788 3898 937 3952 nescintuis
963 3917 996 3952 m.
1019 3896 1040 3950 2
1065 3897 1091 3952 V
1139 3900 1174 3952 92
1192 3901 1234 3952 est

120 4025 192 4082 nulius
215 4035 242 4086 rt
292 4037 326 4089 23
344 4037 505 4092 dominante
529 4037 673 4092 Vdiiante
694 4057 707 4088 r
725 4037 879 4090 donanteb
932 4039 967 4091 25
985 3989 1094 4090 mcv
1143 4035 1235 4090 defiti-

817 4133 875 4162 ΙΝ

122 4169 174 4226 wli
199 4169 219 4222 V
264 4175 297 4228 26
315 4181 344 4230 et
371 4174 482 4244 quidem
509 4175 578 4230 haec
606 4178 634 4229 rb
688 4179 722 4229 27
740 4175 981 4230 lumineeumentis
1008 4193 1075 4230 corr.
1103 4195 1136 4229 m.
1165 4174 1184 4228 2
1213 4175 1237 4228 V

122 4247 149 4300 28
162 4249 284 4314 hominem
301 4289 335 4300 -
354 4261 537 4330 repronehere
556 4282 604 4316 orn.
623 4283 643 4316 r.
915 4243 960 4268 '⁹'
