3075 4967
450 254 634 305 tractatus
652 251 685 303 in
704 252 877 321 psalmum
896 251 1014 305 CXLIX.
1240 249 1303 315 867

155 462 224 507 eum
261 441 388 506 dicitnr:
423 447 587 506 cantate
623 441 787 506 domino
820 441 1024 506 oantiaum
1059 459 1210 505 nonum.
1256 447 1306 506 est

154 545 247 627 plane
270 566 384 611 nonum
401 546 563 611 euntianm.
609 544 836 629 uniusquidem
854 546 924 609 noui
939 545 1047 610 rantiei
1064 543 1302 627 gratulationem

155 652 218 715 iam
231 657 262 715 et
272 650 303 714 in
317 650 525 731 superioribus
537 649 675 730 psalmis,
691 650 722 714 in
735 649 848 732 quibus
861 668 974 714 nouum
988 648 1140 714 canticum
1153 653 1302 730 sanatur,

154 754 363 819 ostendimus:
387 774 455 819 oum
472 754 502 818 in
519 754 664 838 gentibus
677 754 821 817 domiuus
837 772 906 817 esse
919 758 1105 836 regnaturus
1121 754 1303 832 ostenditur,

156 877 225 923 enm
249 858 351 941 ipsum
368 859 406 922 ad
423 858 512 941 regni
535 856 668 941 gloriam
684 858 811 922 dextera
826 876 881 921 sna
896 856 1036 932 saluabit,
1053 876 1122 921 eum
1134 858 1302 923 adsumens
1342 884 1357 923 s

154 982 193 1028 ex
209 962 330 1027 insarno
346 963 483 1027 animam
496 980 582 1026 suam
598 981 655 1027 nos
670 980 777 1027 seeum
792 960 964 1042 adsumpsit
975 961 1008 1026 in
1019 980 1118 1045 reges.
1142 961 1302 1042 proprium

103 1149 105 1152 .
154 1085 230 1150 ergo
246 1065 305 1131 hoe
322 1066 475 1130 canticum
493 1084 605 1130 nouum
622 1072 670 1130 est
681 1066 796 1130 sanctis
808 1066 882 1129 eius,
906 1064 938 1130 id
950 1065 1032 1131 enim
1045 1066 1200 1148 sequitur:
1224 1064 1303 1130 lau·

156 1170 269 1234 datio
293 1170 378 1235 eius
403 1170 432 1233 in
458 1168 637 1235 ecelesia
664 1175 907 1234 sanctorum.
953 1169 1114 1233 laetatur
1139 1167 1304 1235 israhel

155 1274 270 1350 ineo,
305 1274 370 1357 qui
405 1273 508 1339 seuit
541 1292 637 1355 eum,
673 1280 713 1338 et
746 1272 830 1338 lilii
855 1273 950 1337 Sion
975 1272 1304 1354 exultentsuper

154 1398 292 1462 regem
315 1397 442 1443 suum:
466 1376 636 1443 laudent
658 1396 801 1442 nomen
824 1378 910 1441 eins
933 1377 971 1441 in
995 1377 1180 1453 ehoro‚in
1205 1387 1301 1460 tym-
1332 1404 1358 1442 ιο

155 1502 257 1563 pano
281 1487 319 1548 at
341 1480 543 1563 psalterio
566 1480 749 1563 psallant
772 1481 823 1559 ei;
846 1481 877 1545 id
895 1482 1046 1558 estinan,
1062 1481 1301 1564 quiescendum

153 1587 349 1667 nonagesimi
388 1592 420 1652 et
457 1587 556 1669 quinti
593 1585 704 1667 psalmi
743 1584 897 1649 canticum
935 1604 1050 1649 nouum
1088 1585 1231 1668 regnabit
1269 1585 1301 1649 in

152 1690 300 1774 gentibus
324 1696 355 1755 et
377 1709 471 1774 quem
494 1690 525 1754 in
548 1690 691 1773 sequenti
714 1689 834 1754 nantino
857 1708 936 1753 nouo
951 1689 981 1752 in
1000 1688 1193 1753 mirabilibus
1210 1688 1300 1755 laetis

153 1795 217 1859 suis
254 1794 413 1859 dominum
448 1793 580 1859 saluabit
614 1795 743 1858 dextera
776 1812 842 1858 sna
889 1812 981 1873 snper
1014 1791 1073 1858 hoo
1107 1794 1202 1877 igitur
1224 1814 1299 1875 rego

153 1898 275 1963 laetalur
298 1896 418 1963 Israhel
441 1904 472 1963 et
494 1897 566 1963 Sion
597 1897 661 1974 filii,
697 1898 761 1962 eius
791 1896 910 1962 seilicet
932 1895 1014 1974 Sion,
1045 1881 1113 1981 qnae
1143 1903 1244 1962 mater
1265 1898 1298 1961 in
1326 1921 1352 1959 ιε

154 2001 237 2067 eaelis
254 2008 308 2079 est,
325 2022 393 2086 quae
409 2003 653 2082 conscripturum
670 2000 897 2083 primitiuomm
914 2005 944 2066 et
959 2000 1139 2085 angelorum
1156 2000 1299 2085 trequen-

153 2106 284 2171 tantium
308 2106 416 2171 ciuitas
440 2111 494 2183 est,
529 2113 559 2171 et
581 2104 702 2171 Israhel
724 2104 787 2183 ille,
823 2105 875 2188 qui
909 2105 1028 2186 spiritu,
1051 2124 1112 2169 non
1148 2104 1249 2170 littera
1271 2112 1303 2171 at

153 2229 246 2290 super
280 2228 373 2293 quem
409 2208 538 2292 apostoli
572 2231 631 2291 pax
665 2216 720 2275 est.
767 2208 800 2273 hi
824 2229 899 2293 ergo
921 2208 986 2286 filii,
1020 2210 1072 2293 qui
1095 2210 1300 2291 suscipientes

154 2312 400 2397 confitentesque
433 2334 542 2397 regem
576 2312 631 2378 filii
666 2313 716 2380 dei
750 2313 824 2378 laeti
859 2318 939 2389 sunt,
974 2320 1006 2378 et
1027 2313 1062 2378 hi
1085 2333 1168 2397 ergo,
1192 2314 1244 2397 qui
1267 2315 1300 2379 in

153 2438 279 2498 eorpore
303 2417 394 2482 deum
418 2418 533 2483 mentia
556 2417 650 2482 oeulis
684 2422 887 2501 agnouarunt
922 2415 1106 2482 latabantur
1134 2418 1165 2483 in
1196 2418 1300 2497 choro,
1327 2448 1354 2486 ao

153 2523 185 2587 in
210 2527 357 2607 tympano
379 2521 588 2606 psalterioque
616 2520 794 2602 psallentes.
839 2519 907 2585 haee
937 2526 1040 2586 autem
1070 2541 1157 2586 musa
1184 2521 1300 2587 laetitiae

153 2628 185 2691 in
208 2625 411 2691 tabernaeulis
442 2628 590 2691 iustorum
615 2632 670 2703 est,
695 2634 725 2690 et
747 2626 780 2689 in
803 2623 997 2709 symphoniae
1019 2632 1113 2717 pantu
1135 2634 1243 2693 cantus
1265 2628 1298 2692 in

153 2730 253 2795 reditu
276 2730 331 2795 filii
355 2730 529 2810 paenitentis
553 2730 683 2795 auditur.

199 2834 227 2899 3.
251 2833 326 2915 Quae
350 2839 452 2899 nutem
475 2854 556 2899 nune
579 2834 701 2915 proprie
724 2839 796 2914 post
818 2839 1023 2898 ereaturarum
1040 2833 1244 2901 laudationem
1267 2841 1300 2900 et

154 2938 313 3021 superiora
343 2939 462 3003 cantica
484 2958 565 3003 noua
589 2937 679 3002 huius
703 2936 816 3003 eantioi
839 2936 909 3001 noui
933 2958 1029 3003 causa
1050 2944 1142 3017 esset,
1164 2939 1299 3004 ostendit
1327 2969 1353 3007 u

154 3043 277 3108 disens:
317 3043 411 3127 quia
445 3041 752 3123 beneplacitum
789 3048 851 3107 ast
885 3044 1046 3107 dominu
1081 3043 1120 3107 in
1153 3044 1301 3125 populo

155 3165 241 3211 suo:
265 3146 468 3212 exaltabit
499 3151 732 3211 mansuetos
764 3146 801 3209 in
827 3144 1013 3212 salutem.
1059 3146 1302 3213 exultabunt

155 3252 288 3315 saneti
315 3252 354 3315 in
381 3250 523 3335 gloria.
568 3251 672 3315 omnia
687 3250 815 3333 quidem
831 3249 897 3327 deo,
914 3269 982 3315 enm
1008 3257 1210 3327 sumerseta,
1235 3251 1298 3332 pla

155 3362 283 3420 suerunt
306 3354 421 3420 Genesi
456 3358 598 3433 testante,
633 3373 703 3420 eum
738 3354 830 3418 dicit:
865 3362 903 3419 et
938 3355 1041 3418 uidit
1075 3354 1183 3434 deus,
1207 3356 1301 3440 qnia

154 3458 257 3523 bona
287 3465 394 3537 sunu
429 3460 485 3524 sed
519 3457 745 3539 beneplacitum
770 3458 797 3522 ei
828 3459 859 3522 in
884 3457 994 3538 populo
1017 3478 1071 3522 suu
1094 3478 1162 3525 esse
1187 3478 1300 3543 eogno-
1326 3488 1353 3525 so

154 3563 279 3628 seimus
326 3564 405 3628 bona
437 3564 563 3646 quidem
587 3563 702 3628 creatio
726 3561 863 3627 hominis
888 3568 943 3640 eat,
976 3562 1048 3645 quia
1079 3582 1146 3646 quae
1175 3564 1298 3628 initium

199 3703 231 3756 18
251 3702 309 3756 Gal.
329 3702 374 3771 Vl,
395 3706 434 3757 ld.
470 3705 504 3755 99
523 3702 589 3756 Gen.
609 3703 691 3769 1,31.

199 3824 380 3878 BleteturR
435 3826 464 3878 ll
487 3823 516 3877 id
535 3824 615 3877 eetR
632 3824 711 3877 iden
766 3826 799 3878 13
817 3824 1052 3893 quequuaen
1106 3828 1139 3877 14
1157 3824 1299 3878 dominum

156 3910 248 3964 Rom.
266 3928 287 3961 π
340 3912 375 3963 90
388 3922 449 3981 post
476 3926 592 3979 corporo
621 3909 728 3963 14-10·
757 3912 804 3963 litt.
832 3928 898 3965 eras.
918 3912 943 3964 R
996 3910 1110 3980 agnouit
1129 3910 1255 3965 letabunt
1274 3912 1300 3965 R

154 4050 187 4103 91
207 4049 374 4117 timpanolt
425 4049 550 4103 musali
568 4048 672 4103 musioa
698 4052 740 4103 uel
768 4066 850 4103 eausa
867 4052 931 4103 coni.
951 4050 1047 4103 Bened.
1100 4051 1135 4103 99
1153 3996 1215 4103 et¹¹¹
1234 4050 1307 4109 sime

154 4134 274 4203 phoniae
301 4141 384 4190 cantu
412 4140 509 4191 cantus
529 4136 555 4190 R
574 4140 601 4189 et
619 4136 799 4204 symphoniae
826 4141 923 4191 cautus
947 4139 1011 4190 coni.
1030 4137 1128 4190 Bened.
1182 4138 1213 4189 31
1234 4137 1299 4204 quia

155 4238 225 4291 quae
244 4224 269 4276 R
288 4228 318 4277 ut
336 4241 405 4292 quae
424 4224 465 4277 uel
484 4224 586 4292 quippe
606 4240 675 4290 quae
695 4224 792 4277 Bened.

1088 4328 1139 4385 ὦ*
