3075 4967
294 258 359 323 464
636 258 753 312 sancti
778 259 914 313 Hilarii
939 260 1103 329 episcopi

295 456 327 515 et
350 449 400 532 qui
423 448 514 514 huius
538 449 611 515 fidei
636 456 725 515 erunt
747 448 877 526 similes,
906 470 968 515 nou
990 451 1184 532 inpudenter,
1200 453 1282 535 quod
1298 452 1349 517 dei
1369 452 1428 529 sint

295 553 529 619 confitebuntur.
574 573 632 617 nox
653 553 713 618 iste
735 559 783 619 est
812 554 922 618 animae
953 557 1012 621 deo
1042 574 1166 636 semper
1188 556 1330 633 intentae3
1363 574 1429 637 opus

294 659 376 724 istud
400 668 447 723 est
470 658 688 723 misericordia
712 656 888 725 indefessa.
912 660 1107 724 continentia
1137 659 1305 742 inmobilis,
1335 660 1429 725 ieiunii

294 762 405 839 usitati,
421 760 594 846 largitionis
610 763 829 846 inpaenitentis.
875 764 1027 846 quomodo
1043 764 1127 829 eninr
1147 783 1182 829 se
1206 764 1255 829 dei
1277 783 1348 829 ease
1369 784 1431 846 pro
1530 805 1531 810 κ

257 892 269 929 a
296 867 431 931 fitebitur
453 867 483 931 in
507 866 667 933 libidinem
691 867 804 946 calens
828 868 859 931 in
882 868 960 932 iram
980 868 1111 944 mobilis,
1135 868 1166 932 in
1182 867 1344 933 auaritiam
1360 866 1431 933 solli·

295 971 381 1050 citus
404 972 434 1036 in
459 970 637 1036 ebrietatem
662 971 779 1049 sitiens,
809 972 840 1034 in
871 971 1002 1055 gloriam
1033 970 1137 1038 saeculi
1167 970 1293 1037 inanis?
1331 971 1430 1036 horum

295 1075 395 1160 potius
419 1076 477 1141 erit
500 1076 566 1152 iste,
589 1094 649 1139 non
673 1075 732 1140 dei.
777 1075 809 1139 in
845 1094 905 1159 quo
938 1076 1021 1141 enim
1055 1075 1124 1140 haec
1156 1076 1337 1157 passionum
1366 1075 1432 1140 uitia

295 1178 505 1256 abundabunt,
530 1181 683 1262 quomodo
705 1198 767 1243 non
792 1199 898 1244 eorum
921 1181 986 1259 erit
1015 1180 1127 1263 quibus
1157 1180 1294 1245 seruiet?
1337 1179 1433 1260 plures

296 1284 436 1369 gentium
472 1283 529 1347 dii:
565 1284 620 1347 aed
652 1304 732 1347 unus
765 1282 861 1347 Paulo
895 1285 981 1361 deus
1016 1304 1054 1350 ex
1084 1304 1144 1368 quo
1167 1285 1278 1358 omnia,
1308 1291 1342 1349 et
1362 1301 1432 1347 unus

244 1413 268 1450 ιο
296 1388 438 1452 dominus
461 1384 684 1465 noscerimus,
707 1408 763 1468 per
787 1406 880 1470 quern
903 1388 1016 1453 omnia.
1062 1394 1240 1453 constanter
1268 1406 1345 1471 ergo
1373 1406 1434 1467 pro
1531 1399 1534 1408 ·

296 1490 400 1575 pheta.
424 1491 471 1556 cui
495 1490 550 1555 soli
574 1490 675 1568 seruit,
700 1492 783 1575 quod
806 1510 880 1556 suus
896 1492 944 1570 sit
967 1491 1144 1557 confitetur:
1168 1499 1200 1557 et
1215 1492 1287 1575 quia
1301 1511 1375 1556 suus
1392 1490 1434 1565 sit,

296 1595 495 1676 absumetur,
520 1603 596 1659 orat.
643 1614 716 1659 suus
739 1601 840 1660 autem
856 1682 859 1689 y
876 1615 933 1677 per
964 1596 996 1660 id
1019 1602 1075 1674 est
1105 1596 1180 1679 quia
1207 1594 1436 1661 iustificationes
1534 1619 1535 1632 ¹

297 1700 362 1765 eius
379 1700 524 1783 exquirat.
563 1698 630 1763 aliis
643 1698 853 1781 quaerentibus
868 1699 1000 1784 gloriam
1015 1700 1131 1778 mundi,
1147 1698 1216 1765 aliis
1231 1698 1435 1783 querentibus

297 1823 398 1887 agros
422 1803 536 1882 domos,
561 1803 731 1883 pecuniam,
754 1802 805 1868 ille
827 1804 958 1869 iustitias
982 1804 1031 1869 dei
1056 1804 1188 1887 exquirit
1217 1814 1255 1881 et,
1286 1805 1369 1888 quod
1391 1800 1437 1866 dei

245 1932 270 1969 aa
297 1909 344 1986 sit,
367 1907 525 1993 gloriatur.
637 1891 639 1903 '

342 2054 391 2119 13.
415 2054 472 2119 Est
495 2061 595 2119 autem
618 2055 650 2118 in
673 2054 849 2120 istiusmodi
880 2057 948 2136 pios
971 2074 1007 2121 ac
1029 2055 1192 2141 religiosos
1222 2055 1306 2120 uiros
1328 2055 1436 2139 iugens

297 2159 400 2223 odium
423 2158 680 2242 inreligiosorum.
727 2172 757 2223 et
780 2158 839 2223 scit
862 2158 1021 2240 propheta,
1050 2160 1101 2224 uel
1130 2158 1234 2225 saeculi
1264 2157 1436 2223 hominibus

296 2264 345 2328 uel
369 2262 489 2327 diabolo
512 2268 543 2327 et
564 2262 714 2327 ministris
745 2262 811 2327 eius
835 2282 914 2340 eum,
950 2264 1002 2347 qui
1031 2283 1064 2329 se
1095 2264 1144 2328 dei
1172 2262 1341 2344 profitetur,
1372 2278 1436 2327 esse
1534 2325 1535 2328 ,

296 2374 470 2449 pertaesum.
517 2366 575 2431 hoc
598 2366 690 2431 etiam
714 2367 916 2449 consequenti
950 2387 1041 2433 uersu
1076 2370 1173 2446 docet
1209 2387 1269 2450 quo
1292 2367 1351 2431 ait:
1385 2383 1437 2429 me
1534 2441 1536 2460 k

246 2492 270 2531 ao
299 2477 645 2551 exspectauerant
682 2478 934 2551 peccatores,
972 2477 1013 2535 ut
1049 2472 1287 2552 perderent:
1326 2468 1438 2534 testi·

298 2575 429 2639 monia
451 2580 517 2638 tua
551 2572 752 2639 intellexi.
799 2573 920 2639 diabolo
936 2574 987 2639 uel
1001 2575 1151 2639 ministris
1168 2574 1234 2639 eius
1257 2592 1366 2657 pugna
1388 2580 1439 2645 est
1534 2571 1535 2642 ἶ

299 2698 423 2744 omnem
446 2678 577 2762 gloriam
599 2678 658 2743 uiri
680 2677 782 2743 fidelis
805 2678 927 2743 auferre
949 2685 980 2744 et
1002 2698 1072 2743 eum
1087 2698 1149 2743 non
1165 2699 1203 2744 ex
1227 2677 1371 2759 portione
1393 2674 1441 2740 dei
1534 2685 1535 2726 3

299 2782 400 2847 sinere
434 2802 514 2863 esse,
549 2784 605 2847 sed
638 2782 669 2847 in
705 2782 912 2848 damnationis
946 2802 1010 2848 suae
1044 2783 1230 2848 consortium
1267 2780 1440 2846 adsumere.

298 2886 391 2970 longo
415 2887 516 2970 itaque
540 2905 576 2951 ac
600 2887 717 2952 diutino
741 2885 849 2967 proelio
866 2894 973 2951 contra
987 2887 1082 2953 fidem
1097 2885 1256 2968 prophetae
1271 2885 1440 2950 dimicatur.

247 3010 282 3078 aa¹
300 2991 356 3055 sed
378 3010 496 3055 memor
519 2989 570 3055 ille
593 2991 808 3055 mandatorum
831 2991 880 3055 dei
906 3001 937 3056 et
959 2991 1136 3056 testimonia
1165 2991 1230 3057 eius
1256 2987 1442 3073 intellegens
1534 2975 1535 2978 ¹

299 3094 411 3160 restitit
433 3100 526 3179 atque
549 3094 725 3175 permansit.
771 3115 873 3178 neque
908 3094 996 3160 aliter
1029 3114 1258 3177 apameorum,
1293 3093 1346 3177 qui
1375 3111 1443 3173 per·

299 3198 448 3263 ditionem
471 3218 559 3263 suam
590 3200 803 3279 expectabant,
838 3198 937 3277 elusit,
972 3219 1066 3283 quam
1101 3200 1183 3283 quod
1215 3198 1289 3263 uitae
1321 3197 1382 3261 sibi
1412 3195 1441 3257 in

299 3303 484 3369 testimoniis
508 3302 557 3367 dei
579 3301 730 3367 intellexit
753 3322 823 3368 asse
847 3303 1026 3368 doctrinam.
1071 3302 1199 3367 arduum
1222 3309 1324 3367 autem
1351 3305 1443 3383 atque
1534 3305 1535 3310 ’

344 3515 420 3566 dest
438 3514 498 3565 odd.
520 3529 552 3565 m.
572 3510 592 3563 2
615 3512 640 3565 V
689 3510 797 3565 animae
815 3512 850 3565 do
869 3528 899 3564 ea
916 3512 1051 3565 animane
1073 3528 1140 3564 corr.
1153 3528 1186 3563 m.
1203 3508 1224 3562 2
1242 3510 1266 3562 V
1281 3509 1332 3562 deo
1352 3506 1445 3560 onaR

300 3598 409 3652 distud
437 3602 480 3651 est
506 3616 536 3651 ex
562 3598 617 3669 istu
645 3616 677 3652 m.
706 3597 726 3650 2
756 3599 780 3651 V
829 3600 923 3652 desse
950 3616 999 3651 om.
1030 3598 1055 3649 V
1104 3598 1193 3650 'liste
1219 3613 1319 3649 nomen
1346 3593 1393 3648 dei
1420 3592 1445 3645 R

300 3684 473 3753 Squomodo
492 3678 538 3737 eni
555 3701 610 3737 non
636 3684 659 3737 V
709 3685 813 3739 seruiat
837 3685 862 3737 V
911 3684 987 3737 edii
1004 3702 1034 3737 ear
1052 3684 1088 3739 do
1110 3682 1186 3736 m·2
1212 3684 1236 3736 V
1287 3680 1334 3735 sed
1362 3678 1445 3748 paulo

300 3777 371 3826 terta
397 3789 468 3825 unus
497 3772 520 3823 C
571 3772 696 3826 rotenus
724 3770 850 3826 Christus
879 3771 917 3841 Cp
972 3774 1001 3825 ll
1022 3771 1111 3825 seruit
1136 3789 1165 3823 ez
1189 3772 1286 3823 seruat
1311 3786 1344 3819 m.
1375 3764 1396 3817 2
1425 3763 1449 3816 V

302 3878 336 3931 14
354 3875 524 3945 iustitiamp
577 3873 698 3943 exquirit
716 3874 808 3927 aaa(7
859 3877 891 3928 19
909 3852 996 3943 ῃιῆἷιι
1014 3875 1040 3927 R
1066 3886 1249 3944 perozaum
1277 3869 1357 3937 (eras.
1382 3868 1446 3939 alp

300 3978 431 4031 perosum
457 3960 546 4027 (1.1)11
598 3961 644 4015 hio
669 3962 694 4014 V
743 3962 792 4030 qui
815 3961 903 4015 eitV
953 3971 1012 4014 aare
1038 3977 1084 4014 me
1110 3963 1343 4029 exspectauerant
1370 3956 1401 4009 in
1425 3953 1450 4007 V

303 4050 396 4117 Iepimr
414 4048 505 4127 odiom
525 4065 584 4101 sum
637 4050 672 4103 20
688 4048 839 4117 perderent
856 4065 901 4101 me
911 4048 989 4101 RCE
1038 4048 1071 4101 21
1091 4052 1141 4101 tua
1158 4040 1449 4099 domineintellexiE

303 4151 430 4219 intellegi
462 4148 496 4204 V¹
557 4168 679 4221 pugnam
707 4157 734 4205 et
768 4152 792 4203 V
851 4153 885 4204 23
903 4150 1109 4205 damnationem
1143 4151 1166 4205 V
1215 4152 1251 4204 24
1268 4149 1380 4203 dicatur
1412 4144 1445 4199 t*

302 4240 337 4291 25
356 4238 414 4291 eius
433 4256 481 4291 om.
496 4257 523 4308 p.
