3075 4967
394 263 579 314 tractatus
604 257 638 310 in
662 259 837 327 psalmum
856 257 1001 313 CXXXIV.
1208 257 1272 323 699

67 489 68 492 ¹
132 470 203 534 quo
225 451 364 527 omnia,
389 456 426 514 st
447 469 518 514 nos
542 449 580 512 in
603 449 709 530 ips0;
740 455 779 515 et
801 469 902 514 unus
925 449 1113 514 dominus
1135 455 1274 514 noster

130 556 244 620 lesus
267 552 467 633 Christus,
490 573 559 633 per
583 573 697 636 quom
720 554 860 631 omnis,
885 561 924 618 et
945 573 1017 618 nos
1039 572 1111 635 per
1132 552 1272 632 ipsum.

129 678 206 724 unus
229 680 266 724 ex
288 678 358 736 uno,
381 657 457 722 deus
482 677 519 722 ex
542 657 601 721 deo
625 664 679 723 est.
726 677 787 722 non
804 657 914 738 recipit
928 656 1060 722 alterum
1074 656 1272 734 innascibilis,

128 769 161 828 ut
183 765 244 828 duo
267 763 343 840 siut3
378 781 435 826 nec
458 761 603 839 admittit,
637 763 721 846 quod
745 769 793 826 ast
824 779 903 826 unus
925 761 1112 845 unigenitus,
1134 781 1174 826 ns
1197 761 1273 826 deus

128 868 175 934 sit
219 887 282 934 non
305 871 378 931 sunt
401 867 461 931 duo
484 865 691 944 innascibiles,
714 883 775 930 non
800 872 871 931 sunt
893 865 953 931 duo
976 864 1143 949 unigeniti:
1173 865 1205 929 in
1236 885 1273 930 eo
1313 891 1326 928 a

127 972 340 1055 unusquisque
369 971 453 1055 quod
484 975 542 1046 est,
573 989 652 1034 unas
683 975 745 1048 est3
777 971 850 1034 dum
880 989 987 1051 parem
1017 988 1074 1034 nec
1096 969 1274 1054 unigenitus

128 1075 230 1154 babet,
255 1094 312 1140 nec
334 1073 526 1140 innascibilis
549 1073 694 1151 admittit,
717 1093 818 1157 nequo
851 1073 1028 1158 unigenitus
1053 1075 1130 1139 deus
1153 1077 1197 1137 ox'
1213 1071 1273 1138 alio

129 1199 221 1263 quam
244 1177 419 1244 innascibili
442 1179 500 1243 deo
523 1178 673 1244 subsistit.

171 1301 201 1366 9.
227 1299 405 1367 Videndum
428 1305 533 1365 autom
557 1305 612 1374 est,
634 1318 699 1380 prae
716 1299 827 1382 quibus
842 1298 986 1364 omnibus
1002 1298 1060 1363 diis
1076 1300 1154 1364 daus
1170 1306 1274 1364 noster

127 1406 176 1471 sit.
224 1405 347 1470 inuenio
371 1406 445 1469 deos
478 1404 539 1469 dici
563 1423 618 1485 pei·
641 1402 825 1484 prophetam
855 1403 913 1469 ita:
948 1404 1046 1468 deus
1080 1403 1202 1468 stetit
1233 1389 1273 1466 in
1302 1427 1326 1463 ιο

127 1509 457 1594 congregatione
481 1509 653 1578 deorum.
677 1508 717 1572 in
745 1507 878 1572 medio
911 1513 1045 1573 autam
1075 1507 1172 1572 daos
1196 1507 1274 1571 dis·

127 1613 274 1679 cernit.
320 1617 351 1678 et
372 1611 434 1677 hoc
456 1613 584 1696 quidem
606 1612 728 1677 uidetur
750 1611 934 1696 ambiguum
956 1631 1014 1677 nec
1037 1612 1113 1676 satis
1137 1609 1274 1676 absoluta

127 1718 298 1796 enuntiare,
333 1736 411 1800 quos
445 1717 520 1782 deos
554 1715 719 1799 significet.
765 1719 822 1782 ssd
857 1716 1000 1781 dominns
1038 1715 1070 1780 in
1104 1715 1275 1799 euangeliis

127 1842 234 1887 errore
257 1841 313 1886 nos
346 1819 583 1902 nuncupationis
617 1819 709 1886 huius
743 1819 888 1887 liberauit
921 1820 1043 1884 dicens:
1078 1839 1152 1904 ego
1182 1819 1275 1895 dixi,

127 1927 185 1992 dii
219 1925 320 1990 estis
351 1930 390 1990 st
413 1924 497 1989 lilii
533 1924 690 1990 excelsi
725 1945 870 1990 omnes.
916 1931 947 1990 et
969 1924 1099 1990 adiecit:
1122 1923 1156 1988 si
1179 1943 1275 2008 argo
1303 1945 1328 1982 ιι

126 2029 228 2094 illos
259 2028 363 2094 dixit
393 2029 497 2108 daos,
529 2031 576 2094 ad
607 2047 705 2112 quos
737 2030 860 2094 uerba
890 2029 954 2093 dai
979 2028 1213 2104 factasunt,
1238 2032 1276 2093 et

126 2155 204 2198 non
229 2139 366 2215 potest
387 2132 493 2198 solui
516 2134 733 2214 scriptura.
778 2132 1000 2198 indissolubilis
1023 2133 1075 2197 dei
1098 2151 1201 2196 sermo
1218 2136 1275 2209 est,

126 2237 273 2303 homines
297 2239 371 2302 deos
386 2244 589 2318 nuncupatos.
633 2237 758 2302 inuenio
782 2245 814 2302 at
828 2235 962 2322 Moysen
984 2238 1076 2302 deum
1098 2235 1276 2316 nuncupari,
1368 2261 1371 2268 ·

127 2361 200 2407 cum
218 2341 246 2407 ei
263 2341 389 2407 dicitur:
414 2343 528 2408 deum
551 2347 590 2407 to
611 2341 728 2422 posui
751 2340 965 2406 Pharaoni.
1001 2338 1276 2420 ssdstapostolus

127 2447 237 2538 docuit
270 2446 332 2512 dici
362 2443 438 2511 alios
472 2446 555 2523 daos,
590 2465 661 2511 oum
696 2444 752 2510 ait:
789 2464 959 2527 namque
982 2445 1062 2510 etsi
1085 2448 1186 2522 sunt,
1209 2443 1275 2527 qui
1302 2462 1330 2501 ao

128 2551 324 2616 dicuntur
347 2549 404 2614 dii
426 2550 512 2615 siue
546 2550 585 2614 in
608 2549 703 2616 oaelo
737 2549 824 2614 sius
846 2548 886 2614 in
910 2554 1029 2627 tarra,
1052 2548 1161 2615 sicut
1183 2555 1276 2614 sunt

127 2655 185 2720 dii
222 2653 341 2718 multi
375 2659 413 2720 et
447 2654 599 2720 domini
631 2653 761 2720 multi:
797 2654 867 2719 sed
901 2653 1017 2719 nobis
1048 2671 1149 2718 nnus
1180 2653 1277 2718 deus

126 2767 249 2840 patsr
279 2764 350 2836 ast,
382 2778 425 2824 ex
456 2778 530 2842 quio
560 2758 701 2838 omnia,
732 2765 769 2824 et
798 2777 899 2823 unus
928 2756 1115 2823 dominus
1137 2763 1278 2822 noster

128 2864 249 2930 lesus
280 2861 480 2930 Christus.
510 2882 580 2943 par
611 2882 724 2946 quem
755 2860 895 2927 omnia
941 2881 1019 2926 unus
1043 2861 1170 2944 quidam
1200 2863 1277 2926 deas

127 2967 221 3033 nobis
252 2971 300 3031 est
329 2972 361 3031 et
392 2985 472 3030 unus
502 2965 660 3030 dominas:
692 2966 748 3031 sad
772 2964 859 3030 multi
884 2965 927 3030 dii
950 2971 1030 3042 sunt,
1053 2964 1106 3048 qui
1127 2970 1277 3030 uocantur
1304 2983 1330 3021 a

126 3072 158 3136 in
184 3070 261 3137 caelo
284 3076 316 3136 et
331 3071 361 3134 in
379 3076 470 3136 terra.
515 3074 546 3135 et
561 3071 697 3154 quidem,
712 3069 739 3134 si
754 3069 813 3135 boc
829 3071 959 3135 deorum
975 3088 1086 3133 nomen
1102 3068 1278 3134 bominibus

127 3177 303 3242 secundum
348 3175 533 3240 sententiam
579 3175 629 3240 dci
674 3174 824 3255 conpetit,
862 3172 959 3238 multo
1003 3173 1104 3257 magis
1149 3172 1278 3257 angelis,

128 3279 347 3363 archangelis,
385 3277 505 3344 thronis
543 3285 573 3345 et
611 3278 880 3356 dominationibus,
918 3277 1133 3362 potestatibus,
1166 3277 1279 3358 princi·

130 3385 257 3467 petibus
273 3383 415 3468 dignum,
438 3402 516 3466 quos
531 3383 685 3464 apostolus
701 3383 732 3447 in
751 3381 827 3448 oaelo
843 3383 918 3448 deos
934 3381 1102 3462 nuncupari
1118 3385 1279 3444 monstrat.

175 3562 211 3615 10
229 3558 438 3626 Ps.LXXXI‚l.
476 3558 722 3626 1410h.x,34sq.
761 3555 994 3624 l9Exod.VH,1.
1030 3554 1278 3621 solsor.s,taq.

177 3702 211 3754 12
229 3715 282 3753 neo
300 3697 366 3752 satis
385 3697 510 3752 absoluta
528 3699 673 3752 enuntiare
693 3699 732 3750 Tb
750 3695 922 3751 necessitatis
941 3695 1083 3749 absolutes
1100 3693 1230 3748 nuntians
1242 3693 1281 3746 Pa

133 3841 166 3894 13
185 3839 254 3893 deos
281 3855 311 3891 en
337 3838 370 3891 ds
398 3836 424 3889 P
482 3838 514 3890 16
541 3836 606 3890 deos
633 3855 664 3891 ea
690 3837 723 3891 ds
748 3837 774 3889 P
824 3836 870 3889 dai
895 3852 944 3886 om.
966 3833 993 3886 P
1045 3835 1077 3886 17
1099 3789 1224 3886 scribtura
1254 3832 1280 3884 G

133 3929 166 3982 18
184 3928 361 3993 nuncupatos
391 3925 416 3977 G
446 3927 636 3992 nuncupantes
664 3921 700 3976 P²
729 3921 916 3990 nuncupantis
947 3918 1103 3988 (aucupatis
1130 3917 1160 3974 al
1189 3914 1283 3972 P'TE

133 4022 289 4122 19faraoni
296 4063 323 4116 P
365 4065 439 4118 sset
448 4062 684 4117 dominationibus
697 4060 965 4115 Gdominationibus
975 4060 1054 4112 PTE
1094 4059 1280 4128 potestatibus

132 4152 339 4222 principatibus
351 4151 429 4204 GPT
445 4149 647 4219 principatibus
665 4149 850 4218 potestatibus
868 4148 897 4200 E
947 4149 981 4202 29
1000 4163 1079 4197 essa*
1090 4146 1156 4200 deos
1173 4162 1280 4200 nuncu·

131 4241 197 4309 pari
214 4242 353 4293 monstrat
373 4237 398 4292 G
417 4238 481 4292 deos
499 4235 529 4291 in
547 4237 622 4292 caelo
640 4235 795 4304 nuncupari
814 4235 987 4288 demonstrat
1005 4232 1088 4286 VI'E.
