3075 4967
294 278 356 344 706
638 280 754 333 sancti
779 278 915 332 Hilarii
938 279 1102 348 episcopi

293 469 411 535 loeutus
424 489 545 553 quoque
557 477 604 534 est
616 476 776 552 tamquam
789 468 830 533 ad
841 469 998 534 uiuentem
1010 467 1239 552 animalemque
1249 469 1425 552 Aegyptum,

293 580 326 638 ut
343 593 402 638 non
427 572 573 639 hebetem
589 579 705 638 terram
721 573 952 656 inanimamque
967 573 1137 656 regionem,
1160 574 1216 638 sed
1232 571 1348 638 incolas
1363 572 1427 637 aius.

293 697 369 760 ques
392 676 559 742 rationales
582 675 797 760 animalesque
819 677 1030 754 constituerat,
1053 675 1166 759 alloqui
1194 676 1426 740 existimaretur:

292 781 405 846 misit
428 781 546 866 signa
569 785 607 844 et
637 781 829 865 prodigia
859 781 899 844 in
930 780 1061 845 medic
1084 779 1152 858 tui,
1171 781 1374 865 Aegypte,
1394 779 1427 842 in

251 915 264 950 s
292 883 544 951 Pharaonem
567 895 604 950 et
626 883 666 949 in
689 903 827 950 omnes
851 903 995 950 seruos
1021 885 1118 948 eius.
1164 884 1201 948 in
1225 885 1357 949 medio
1377 885 1426 948 tui

292 986 461 1072 quidest?
503 983 721 1074 'cognoscimus
756 1009 795 1055 ex
827 1008 872 1066 eo,
897 989 981 1071 quod
1004 988 1122 1054 dictum
1152 1000 1214 1054 est:
1250 988 1427 1053 dominus

291 1093 388 1157 deus
412 1099 552 1174 autem,
576 1113 644 1158 rex
668 1097 817 1170 noster,
839 1099 1025 1186 reqante
1047 1091 1206 1172 saeeula,
1242 1098 1427 1174 operatus

257 1245 258 1248 ,
291 1202 351 1261 est
385 1196 557 1262 salntem
590 1196 630 1261 in
665 1197 796 1262 medic
829 1195 941 1262 orbis
971 1202 1100 1260 terra.
1145 1196 1176 1260 in
1206 1196 1309 1262 medio
1331 1196 1426 1279 itaque

290 1301 374 1366 orbis
397 1305 487 1366 terrae
510 1300 584 1379 loco,
608 1301 639 1365 in
663 1321 726 1385 qno
749 1301 894 1366 dominns
917 1297 1048 1365 salutem
1071 1299 1161 1364 nobis
1179 1320 1313 1381 operans
1327 1318 1427 1381 passus

239 1434 263 1471 n
291 1410 346 1482 est,
369 1404 459 1489 signa
482 1411 512 1470 et
533 1405 678 1496 prodigia
699 1405 791 1484 misit,
814 1407 889 1469 dum
912 1403 1013 1469 crucis
1043 1423 1108 1469 sua
1135 1403 1229 1470 boris
1252 1403 1296 1470 sol
1320 1402 1427 1488 effugit,

290 1509 394 1573 tremit
432 1515 529 1587 terra,
567 1527 642 1574 saxa
678 1513 881 1590 rumpuntur,
919 1506 1071 1588 sepulcra,
1096 1509 1285 1588 panduntur,
1322 1507 1426 1572 mortui

291 1618 451 1697 exurgunt.
481 1612 548 1677 haec
572 1613 603 1676 in
625 1613 728 1678 medic
744 1613 797 1691 tui,
813 1612 967 1696 Aegypte,
990 1612 1082 1695 signa
1104 1611 1187 1676 facta
1209 1618 1293 1677 sunt.
1315 1611 1425 1675 Pharao

223 1766 225 1776 ,
291 1722 369 1796 tuus,
393 1717 424 1780 id
448 1723 495 1782 est
518 1715 659 1781 diabolus
690 1716 779 1799 aquis
802 1723 929 1781 necatur
952 1715 1107 1795 baptizato
1130 1715 1251 1798 populo,
1274 1715 1342 1796 ipse
1363 1733 1424 1780 cum

290 1821 424 1885 exercitu
447 1841 501 1886 suc
524 1822 666 1900 obrutua;
712 1840 866 1902 percussae
890 1820 1003 1885 deinde
1025 1826 1134 1905 gentes
1164 1818 1280 1898 multa,
1310 1818 1424 1886 extincti

240 1952 264 1990 n
291 1923 408 1989 scilicet
430 1924 672 1990 innumerabiles
688 1923 720 1989 in
736 1923 984 1989 nobis'uitiorum
1000 1923 1160 1990 incolatus.
1205 1931 1298 2008 regas
1312 1941 1424 2008 quoque

291 2026 385 2094 sortes
407 2028 570 2112 perempti,
594 2029 688 2094 sortes
712 2028 813 2110 plane

333 2131 384 2196 20.
410 2131 1422 2218 Secu,regcmAmorraeornmetOg,regemBasan.

290 2240 327 2301 et
357 2237 489 2301 omnia
519 2256 645 2320 regna
675 2235 865 2301 (thannan
897 2236 1059 2302 occidit.
1105 2237 1234 2319 etquid
1257 2236 1337 2301 istud
1360 2231 1421 2301 est?

290 2345 334 2404 tot
355 2359 453 2424 regna
475 2359 587 2406 euersa
610 2345 689 2417 sunt
711 2345 755 2405 tot
769 2361 862 2425 reges
878 2341 1004 2406 extincti
1020 2345 1108 2406 sunt:
1131 2348 1163 2405 et
1183 2339 1296 2404 horum
1310 2345 1421 2404 mutum

237 2471 263 2510 a
290 2442 325 2507 fit
347 2441 520 2508 memorie?
564 2443 599 2508 fit
621 2444 749 2528 quidem
773 2447 945 2510 secundum
969 2449 1129 2528 gestorum
1151 2443 1247 2509 fidem
1268 2459 1421 2525 pancorum

255 2545 257 2550 ’
290 2549 438 2612 memoria
461 2569 499 2613 ex
521 2547 671 2629 plurium;
706 2549 762 2613 sed
796 2546 829 2612 hi
864 2555 985 2613 tantum
1008 2555 1227 2624 memorantur,
1256 2547 1420 2631 inquibus,

288 2651 430 2734 quamuis
453 2652 578 2735 quidem
602 2671 653 2717 ras
669 2659 760 2737 gesta
774 2659 1022 2737 cognosceretur,
1047 2658 1153 2718 tamen
1168 2672 1224 2734 per
1239 2651 1420 2718 condiciones

289 2754 482 2838 uirtutesque
506 2756 665 2820 nominum
690 2755 839 2838 spiritalis
861 2757 892 2820 in
916 2755 967 2820 his
998 2764 1081 2822 esset
1109 2756 1249 2822 condicio
1283 2757 1420 2820 subtexta

290 2877 361 2922 nam
384 2857 465 2923 Seon
489 2858 687 2925 infructuosas
710 2861 829 2925 arboris
858 2861 1073 2941 interpretatio
1104 2868 1150 2926 est
1172 2897 1215 2908 -
1238 2863 1319 2944 quod
1347 2857 1419 2922 enim

237 2989 261 3026 25
289 2961 449 3026 nobiscum
479 2964 571 3028 arbor
593 2963 790 3041 infructuosa,
823 2964 856 3029 id
890 2963 1035 3030 hebraice
1058 2963 1139 3028 Seon
1174 2969 1364 3048 nuncupatur
1384 2997 1418 3005 -

290 3065 471 3132 Amorraeus
493 3088 566 3133 uero
590 3067 813 3134 exacerbantis.
858 3069 916 3132 bas
939 3087 1015 3153 ergo
1046 3068 1103 3134 sub
1134 3067 1246 3132 horum
1273 3067 1418 3132 nominum

289 3169 514 3253 significatione
558 3171 764 3238 infructuosas
809 3173 841 3236 in
879 3171 969 3237 nobis
1008 3171 1263 3238 exacerbantibus
1304 3171 1418 3237 uirtutes
1516 3208 1517 3257 t

290 3272 414 3350 deleuit,
447 3275 653 3342 infructuosos
688 3274 805 3341 scilieet
840 3277 1006 3360 principes,
1039 3276 1093 3360 qui
1131 3295 1197 3354 nos,
1232 3276 1285 3360 qui
1307 3292 1418 3340 exacer-
1516 3268 1517 3295 ³

290 3376 440 3443 babemus
464 3380 494 3443 in
518 3380 684 3456 dominum,
708 3380 897 3458 obtinebant,
928 3367 968 3445 et'
980 3380 1019 3445 ob
1041 3380 1074 3445 id
1107 3381 1280 3446 secundnm
1313 3379 1417 3443 dicturo

288 3482 505 3565 euangelicum
538 3482 681 3564 exemplo
719 3482 918 3550 infructuosa
954 3484 1073 3549 arboris
1107 3485 1234 3550 excisos.
1278 3483 1324 3568 Og
1351 3497 1418 3544 nero

331 3604 409 3658 crs.
428 3605 552 3674 LXXIII,
572 3607 612 3660 12.

333 3691 514 3746 lanimalsm
541 3709 611 3760 quae
640 3693 665 3746 G
735 3695 752 3746 t
779 3694 907 3749 hebetem
935 3693 962 3746 P
985 3693 1134 3747 habentem
1152 3693 1178 3746 T
1203 3693 1346 3748 habentem
1371 3685 1419 3740 GE
1515 3736 1516 3755 ,

247 3835 252 3846 ,
287 3778 320 3842 cs.
338 3779 421 3834 Acud.
444 3799 472 3852 p.
497 3779 533 3834 41
586 3781 792 3852 inanimemque
821 3783 898 3836 GPT
923 3782 1128 3851 inanimemque
1153 3783 1182 3836 Ε
1234 3786 1268 3838 12
1283 3783 1313 3837 in
1334 3777 1417 3832 medio

287 3869 407 3935 aegypto
426 3867 452 3920 P
504 3869 536 3921 13
555 3867 584 3922 id
602 3867 781 3923 ezzabtlus
810 3867 835 3917 P
895 3871 928 3924 21
947 3869 1041 3938 plurib
1068 3869 1118 3922 Pr
1138 3865 1263 3934 (subeam
1287 3863 1415 3924 mecona)

287 3951 414 4020 pluribus
433 3955 462 4006 Ε
512 3953 561 4009 sed
579 3955 655 4009 hiiT
672 3955 696 4009 ε’
711 3955 776 4008 inP
825 3957 860 4010 96
877 3957 1110 4025 nunccupaturP
1159 3958 1194 4010 26
1212 3965 1413 4011 amorrcoewt)

287 4041 483 4094 exacerbantes
495 4041 546 4093 PT
556 4043 706 4096 Amorneus
717 4059 785 4096 nero
798 4043 965 4098 exacerbans
984 4061 1010 4109 e;
1028 4059 1095 4096 corr.
1113 4043 1211 4097 amec
1264 4045 1297 4098 28
1312 4039 1354 4108 qni
1369 4054 1412 4090 acc.

288 4178 304 4230 1.
323 4177 352 4230 Ε
367 4135 404 4246 qb
424 4179 448 4230 T
465 4177 564 4247 quibus
578 4179 605 4233 P
611 4181 681 4249 fort.
700 4181 765 4249 qnia
783 4178 833 4250 (qt)
887 4183 1118 4236 exacerbabamus
1130 4183 1160 4235 Ε
1172 4182 1356 4238 exacerbamus
1368 4173 1412 4228 Vs

284 4265 322 4324 29
339 4264 369 4318 in
386 4263 530 4320 dominum
549 4266 612 4319 PTb
630 4265 774 4322 dominum
792 4286 813 4322 e.
