3075 4967
343 267 525 316 tractatus
544 263 583 316 de
602 261 716 315 titulo
734 261 864 330 psalmi
883 261 950 313 xci.
1156 261 1217 325 351

104 455 150 518 uisi
169 461 249 528 esset,
272 452 382 517 caelum
406 451 602 528 dilaberetur,
626 451 730 516 lumen
754 449 827 515 solis
857 450 1021 528 occideret,
1053 456 1135 516 terra
1158 471 1218 514 uon

102 565 184 632 staret
204 557 354 622 fructuum
377 557 516 620 omniurn
540 557 730 620 incrementa
754 555 939 630 deficer·eot;
962 555 1035 619 uitae
1057 555 1219 620 homiuum

102 661 245 732 interirent,
267 662 293 726 si
317 660 437 725 sabbati
461 660 531 744 lege
553 661 701 724 uirtutum
718 660 855 723 omnium
872 659 1047 723 constitutio
1063 661 1216 725 otiaretur.

101 767 143 828 sed
172 767 286 848 requies
320 764 404 829 nulla
437 777 492 838 est,
517 771 548 828 et
571 783 678 828 cursus
709 764 792 828 idem
818 771 873 840 θεῖ,
902 771 940 840 θῖ,
964 771 998 828 ut-
1020 783 1074 828 sex
1098 765 1217 839 diebus,

101 869 177 933 itaet
196 869 319 934 sabbato
343 867 565 934 elementorum
601 869 738 932 omnium
763 868 958 932 continentur
988 866 1098 933 officia.
1144 889 1218 953 ergo
1258 895 1270 930 a

100 975 166 1038 omui
185 975 213 1037 iu
236 981 375 1054 tempore
398 993 455 1054 per
477 971 544 1037 haec
567 979 655 1053 pater
685 980 844 1053 operatur;
878 978 1022 1052 operetur
1051 981 1156 1037 auteur
1186 975 1218 1038 in

100 1075 157 1157 ilio,
178 1079 225 1162 qui
247 1098 283 1143 err
307 1099 343 1142 eo
367 1085 415 1142 θεῖ
438 1085 469 1141 θῖ
493 1097 547 1157 per
571 1097 663 1160 quem
699 1078 802 1140 omnia
837 1075 906 1141 haec
939 1097 1015 1158 opus
1050 1078 1115 1142 eius
1139 1089 1217 1147 suut.

100 1182 139 1262 qui
163 1183 215 1246 ista
243 1181 273 1246 iu
301 1202 335 1247 se
359 1187 512 1263 operetur,
542 1187 737 1262 operantem:
762 1188 792 1246 et
816 1181 977 1246 ministerii
1001 1201 1077 1263 opus
1093 1183 1124 1245 iu
1141 1202 1216 1263 opus

100 1283 205 1350 refertur
237 1287 377 1350 εεθῖοτίε.
433 1287 539 1370 itaque
573 1285 653 1350 iilius
688 1286 718 1348 iu
753 1284 929 1369 paralytico,
964 1293 997 1349 ut
1030 1287 1061 1349 iu
1096 1286 1216 1361 beterio,

100 1395 214 1467 operatus
243 1391 274 1454 in
305 1389 433 1454 sabbato
464 1395 519 1466 θεῖ,
550 1399 581 1454 θῖ
610 1409 666 1470 per
692 1388 791 1453 filiurn
815 1409 891 1470 opus
914 1391 1010 1469 patris
1033 1390 1063 1453 in
1088 1389 1216 1454 sabbate
1244 1410 1269 1447 ιθ

101 1499 147 1563 est;
166 1501 250 1577 atque
281 1495 322 1558 ita
354 1513 414 1558 uon
439 1500 486 1559 est
508 1495 538 1558 io
563 1494 613 1558 die
637 1493 688 1559 dei
710 1495 843 1576 requies.
867 1513 935 1558 curu
961 1494 1028 1558 dics
1052 1496 1111 1559 deo
1134 1493 1216 1557 nullo

101 1595 151 1660 siue
169 1619 255 1679 opere
279 1600 327 1664 sit.

132 1699 154 1764 8.
173 1701 243 1782 Quia
266 1723 342 1786 ergo
365 1723 457 1784 opera
480 1703 529 1766 dei
555 1708 683 1780 exstant,
720 1722 789 1785 qua>
824 1703 864 1766 sit·
897 1703 962 1766 eius
986 1703 1109 1785 requies
1133 1722 1216 1786 quae·

100 1807 173 1868 reuda
192 1815 246 1872 θεῖ.
292 1808 343 1872 dei
365 1807 470 1890 itaque
494 1827 578 1887 opus,
603 1827 678 1888 opus
695 1805 811 1872 Christi
834 1813 897 1884 est;
919 1827 1028 1871 uerum
1046 1813 1076 1870 et
1092 1808 1215 1889 requies

99 1906 136 1971 dei
154 1911 222 1976 deus
244 1910 385 1976 Christus
420 1919 474 1989 θεῖ,
511 1913 583 1994 quia
616 1911 658 1975 ita
691 1913 803 1981 omnio.
838 1931 906 1994 quae
941 1911 991 1976 dei
1014 1918 1092 1989 suut,
1124 1912 1154 1975 iu
1179 1932 1215 1975 eo
1243 1931 1268 1969 a

98 2029 154 2075 uera
182 2023 256 2094 suut
289 2023 324 2080 ut
356 2015 406 2080 his
441 2026 528 2096 pater
559 2016 704 2100 quiescat.
751 2015 908 2097 perfectus
931 2017 1015 2080 euim
1037 2036 1055 2078 a
1078 2015 1215 2096 perfecto

99 2123 140 2183 est.
161 2120 231 2201 quia
254 2127 287 2184 ut
309 2118 463 2200 apostolus
486 2121 536 2196 ait,
571 2121 702 2184 omnia
732 2121 814 2201 ipsi
844 2127 1044 2194 coustant,
1075 2132 1107 2184 et
1136 2121 1215 2184 sicut

100 2216 173 2286 dese
201 2224 266 2304 ipse
301 2231 431 2289 testatus
466 2233 527 2290 est:
567 2225 674 2289 sicut
712 2222 835 2288 habet
867 2231 983 2303 pater
1016 2224 1140 2288 uit-arn
1175 2224 1212 2287 in

99 2328 304 2409 semetipso,
321 2329 377 2392 ita
396 2335 435 2394 et
456 2327 550 2392 silio
572 2329 686 2393 dedit
702 2327 856 2392 habere
875 2329 1000 2392 uitam
1016 2327 1055 2391 iu
1072 2338 1214 2392 semet·

99 2425 180 2508 ips03
207 2439 236 2497 et
265 2451 389 2497 rursum
412 2431 567 2512 apostolus
591 2432 649 2497 ait:
685 2432 778 2516 quio
811 2432 849 2496 iu
884 2432 973 2510 ipso
1005 2429 1215 2495 inhabitat
1242 2451 1266 2487 20

99 2535 202 2599 cuuis
240 2535 455 2617 plenitudo
497 2535 735 2600 diuinitatis
774 2535 1059 2616 corporaliter.
1110 2536 1214 2618 itaque

100 2637 207 2714 quodin
230 2661 266 2704 eo
289 2649 338 2706 est
360 2639 409 2705 uel
431 2640 515 2724 quod
537 2641 603 2720 ipso
626 2641 798 2720 perfectum
822 2648 877 2715 θεῖ,
905 2659 1007 2723 neque
1030 2641 1101 2715 iam,
1132 2639 1214 2722 quod

101 2737 211 2808 subsistit
231 2765 266 2809 ac
289 2751 406 2819 manet,
438 2751 509 2828 eget
539 2752 633 2828 atque
656 2751 799 2825 expectat
832 2743 963 2820 aliunde,
998 2744 1054 2808 sed
1087 2745 1214 2808 caritate

100 2843 174 2917 patris
192 2855 281 2932 atque
305 2849 425 2913 uirtute.
471 2849 512 2912 ita
536 2855 566 2913 et
588 2849 619 2912 in
642 2847 705 2912 filio
729 2849 794 2912 uita
817 2855 871 2923 est,
901 2856 944 2923 ut,
967 2847 1039 2913 licet
1062 2849 1102 2912 sit
1124 2854 1213 2912 uatus

101 2961 129 3006 0¹
145 2957 222 3026 patre,
245 2962 350 3018 tamen
374 2953 404 3016 iu
428 2973 465 3017 ea
486 2952 557 3030 uita,
580 2953 610 3016 in
635 2972 696 3035 qua
719 2959 749 3017 et
767 2960 854 3033 pater
868 2952 951 3030 uiuit,
975 2953 1094 3017 existat.
1139 2971 1212 3016 uam
1238 2969 1264 3006 2⁵

101 3051 124 3109 et
141 3051 165 3114 in
185 3075 215 3120 eo
237 3057 461 3131 uniuersorum,
493 3077 562 3140 quae
586 3057 733 3137 deinceps
757 3063 943 3132 crearentur,
966 3057 1118 3140 principia
1141 3077 1214 3119 con-

100 3151 226 3237 strumae
250 3168 281 3226 et
303 3162 334 3224 iu
359 3181 395 3224 eo
417 3161 561 3226 uniuersa
584 3160 797 3240 contemplans
820 3161 1041 3225 consummatis
1064 3180 1212 3240 pereum

134 3326 366 3401 lrooloas.1,1r.
405 3337 437 3388 18
455 3333 512 3386 ioh.
532 3333 563 3401 V,
583 3336 624 3388 26.
661 3336 696 3388 20
714 3333 816 3387 Colore.
835 3335 869 3400 11,
888 3337 913 3388 9.

130 3483 254 3553 4requies
282 3507 312 3543 a
340 3488 417 3556 quiea
444 3507 477 3541 m.
498 3489 517 3540 2
542 3489 564 3542 V
614 3491 688 3543 bita
716 3508 746 3542 aa
772 3496 804 3542 ut
831 3490 870 3543 its
898 3509 930 3541 ru.
950 3491 969 3541 ·.)
992 3490 1017 3542 V
1067 3491 1210 3543 deirorum

97 3575 204 3630 operatur
219 3577 276 3628 odd.
295 3575 360 3629 aa?
376 3576 398 3628 V
450 3579 466 3630 7
485 3574 550 3644 quia
567 3592 602 3630 ex
619 3593 652 3630 eo
671 3583 714 3630 eet
732 3578 746 3628 b
800 3576 892 3630 omnia
910 3576 978 3629 haec
996 3576 1089 3629 omnia
1106 3593 1175 3644 opus
1190 3577 1213 3628 V

97 3651 186 3720 tquia
208 3660 256 3714 ieta
281 3682 297 3716 r
359 3667 491 3730 operante
518 3665 582 3716 coni.
610 3663 706 3716 Bened.
770 3667 802 3716 ll
830 3664 919 3730 adque
951 3664 976 3716 V
1033 3680 1089 3716 non
1117 3669 1159 3716 eet
1182 3663 1212 3716 iu

97 3733 138 3790 ‘100
160 3747 256 3812 requies
282 3750 297 3801 b
353 3751 385 3803 13
412 3750 521 3816 requies
549 3767 597 3802 om.
624 3770 638 3803 r
691 3751 880 3819 quaerendum
907 3756 950 3804 θεῖ
974 3753 1039 3803 coni.
1063 3751 1159 3803 Bened.
1184 3752 1211 3802 ia

98 3826 220 3895 “durfort
237 3847 301 3888 recte
358 3839 388 3888 14
407 3853 503 3889 uerum
522 3841 595 3889 et-
610 3837 735 3890 Christus
753 3844 794 3906 est
814 3856 897 3891 orror
951 3840 984 3891 16
1002 3839 1089 3890 accc.
1103 3837 1170 3891 rra?
1189 3838 1214 3888 V

99 3911 123 3960 ¹⁷
139 3915 194 3980 quie
208 3922 344 3989 apostolus
359 3922 399 3976 ait
417 3923 441 3976 V
493 3925 524 3976 18
542 3924 577 3978 de
595 3941 624 3977 se
644 3924 731 3992 ipsob
787 3927 819 3978 19
837 3925 876 3976 ita
895 3929 923 3976 et
935 3923 992 3976 filio
1010 3951 1045 3960 —
1063 3923 1093 3976 in
1110 3928 1210 3977 semet·

98 3993 145 4060 59⁸⁰
160 4003 184 4054 io
199 4024 274 4077 rucey.
292 4027 378 4080 arper.
396 4011 457 4062 add.
476 4028 509 4062 m.
529 4009 588 4064 21⁷
637 4012 672 4064 22
686 4029 737 4080 pro
754 4010 799 4064 uel
818 4010 892 4078 quod
911 4010 971 4078 ipso
989 4011 1085 4063 Beued.
1103 4012 1132 4062 ia
1149 4013 1210 4063 oda.

98 4137 150 4188 coni.
172 4142 239 4198 uelut
267 4148 295 4200 iu
323 4148 383 4216 ipso
445 4149 480 4202 25
507 4097 582 4202 uiuat
607 4167 672 4202 corr,
704 4168 736 4200 ru.
766 4149 786 4200 2
819 4150 842 4200 V
901 4151 935 4200 26
962 4148 1156 4203 uniuersorum
1189 4150 1213 4200 V

99 4225 274 4288 coustituerunt
299 4235 326 4288 V.
