3075 4967
407 253 587 304 tractatus
605 249 640 303 in
657 249 830 318 psalmum
849 248 918 302 LIV.
1169 250 1229 314 155

115 447 193 522 rogat
236 457 362 521 qnorum
387 439 468 503 aliud
492 438 550 503 sub
574 437 649 516 Noe,
677 437 758 504 eliud
782 447 851 520 post
873 438 1108 504 edificationem
1139 441 1230 506 turris

115 543 209 606 scimus
231 541 381 620 effectum,
405 562 476 608 cum
499 542 567 608 illue
591 542 706 608 diluuio
740 543 917 608 submersos
947 544 1139 624 consumpsit
1161 564 1232 628 pro-

114 646 231 724 fundum,
253 647 309 713 hos
332 667 406 713 uero
430 647 604 730 linguarum
628 646 738 712 diuisio
770 647 810 712 ad
839 667 966 712 causam
996 654 1121 712 aeterna
1153 647 1233 714 inter

114 768 140 814 se
159 751 383 817 concertationis
418 751 572 830 discredit,
606 757 638 815 ut
670 751 931 832 conspirationem
966 752 1116 816 aduersus
1138 753 1232 818 deum

113 853 209 930 initam,
232 857 301 920 dum
327 875 361 920 se
385 855 518 920 inuicem
543 859 574 920 et
596 855 737 920 nesciunt
760 863 791 920 et
815 863 963 932 metuunt,
998 877 1060 920 non
1083 861 1232 921 tenorent.
1260 886 1272 922 e

113 976 163 1021 non
182 958 281 1040 dispar
303 977 380 1044 ergo
402 978 484 1024 nunc
505 959 535 1022 in
560 957 619 1023 hos
642 978 732 1042 poena
755 959 942 1040 deposcitur,
974 958 1092 1024 scilicet
1115 966 1147 1024 ut
1167 960 1234 1026 iure

114 1061 238 1144 gentium,
260 1082 340 1146 quas
363 1064 394 1126 in
418 1063 507 1145 equis
530 1062 699 1145 significari
722 1062 930 1140 meminimus,
965 1062 1120 1144 absumpti
1150 1070 1181 1128 et
1202 1064 1234 1127 in

114 1183 203 1230 omnes
223 1166 352 1251 linguas,
377 1187 445 1231 cum
470 1166 580 1249 quibus
607 1186 689 1232 nunc
711 1165 854 1231 habitunt
884 1173 915 1231 et
945 1166 1056 1250 quibus
1087 1167 1235 1244 locuntur,

114 1269 188 1334 diuisi
209 1272 382 1337 amitterent
405 1271 475 1336 uitae
498 1291 533 1336 ac
557 1271 645 1354 regni
668 1270 714 1335 sni
739 1271 932 1355 dignitatem.

150 1390 191 1455 ta.
214 1392 252 1456 Ut
274 1400 376 1458 autem
401 1393 440 1457 ob
464 1394 537 1458 uitia
566 1392 696 1458 ciuitatis
726 1393 1064 1475 contradictionemque
1098 1411 1234 1476 praecep·
1263 1423 1287 1458 ιο

113 1499 198 1560 torum
230 1515 352 1562 suorum
389 1497 455 1562 haec
489 1504 691 1562 consecutura
729 1517 936 1574 nosceremus,
975 1497 1102 1561 adiecit:
1141 1497 1235 1579 quia

115 1599 182 1662 uidi
202 1600 463 1685 iniquitatem
494 1609 532 1666 et
563 1600 937 1666 contradictionem
972 1602 1011 1686 in
1046 1600 1235 1678 ciuitate;

116 1703 167 1768 die
188 1711 221 1769 et
241 1713 360 1771 nocte
384 1704 655 1770 circumdabit
678 1725 762 1770 eom
787 1724 909 1788 super
931 1723 1064 1769 muros
1088 1705 1237 1783 eius‚ct

116 1807 297 1890 iniquitas
321 1816 361 1874 et
383 1809 500 1874 labor
522 1809 560 1873 in
584 1809 717 1874 medio
740 1809 840 1874 eius:
865 1813 903 1874 et
922 1829 996 1874 non
1013 1809 1167 1874 defecit
1190 1808 1236 1873 de

117 1910 247 1993 pluteis
270 1913 357 1980 eius
379 1933 498 1978 usura
529 1923 566 1978 et
589 1912 714 1978 dolus.
759 1913 798 1978 ob
821 1912 890 1978 haec
912 1913 1006 1998 igitur
1028 1913 1102 1978 uitia
1125 1918 1155 1978 et
1177 1913 1235 1977 cri·
1265 1945 1289 1980 re

117 2016 185 2080 mine
204 2017 312 2082 futurae
336 2017 522 2099 captiuitatis
546 2023 577 2083 et
599 2017 800 2100 dispersionis
830 2037 922 2102 poena
954 2017 1147 2098 deposcitum
1181 2016 1237 2082 sed

115 2121 256 2199 potissima
289 2122 421 2186 crimina
454 2130 526 2186 suut
558 2121 703 2204 iniquitas
738 2131 768 2186 et
803 2121 1010 2186 contradictio.
1056 2140 1126 2185 nam
1158 2141 1236 2199 eum,

115 2243 190 2306 quem
222 2225 268 2291 lex
291 2237 322 2292 ot
352 2224 510 2307 prophetae
543 2226 767 2302 nuntiauerant,
803 2225 965 2290 reicientes
997 2225 1238 2291 contradictione

115 2327 193 2409 impie
212 2335 401 2412 respuerunt.
448 2349 516 2414 quae
539 2329 737 2394 contradictio
771 2335 861 2394 nocte
895 2336 927 2395 et
960 2329 1009 2420 die
1042 2329 1238 2394 circumdans

115 2451 203 2498 muros
234 2434 367 2498 ciuitatis
396 2434 493 2518 ipsius
525 2453 727 2518 supergressa
762 2438 817 2511 est,
852 2433 922 2517 quia
944 2442 975 2498 et
997 2434 1065 2517 ipse
1086 2433 1238 2514 passionis
1266 2463 1291 2498 20

115 2544 278 2618 uenuste,
301 2557 374 2602 cum
397 2557 431 2604 se
455 2539 623 2604 uidendum
645 2539 677 2602 in
700 2557 851 2603 consessu
874 2546 905 2602 et
928 2558 946 2602 a
970 2538 1085 2602 dextris
1118 2538 1239 2603 uirtutis

116 2641 297 2722 profiteretur,
321 2643 453 2708 discissa
475 2649 562 2708 ueste
586 2643 680 2708 etiam
703 2662 774 2706 cum
804 2641 1008 2726 blasphemiae
1029 2642 1146 2706 inuidia
1168 2661 1238 2707 con-

116 2745 292 2812 tradixerunt.
337 2747 369 2810 in
394 2748 489 2812 muris
512 2754 616 2813 antem
639 2747 798 2811 tuitionem
816 2747 922 2812 salutis
938 2747 1107 2830 significari
1130 2746 1240 2811 memi-

119 2846 220 2927 nimus;
252 2851 331 2917 sicut
353 2871 422 2915 cum
446 2870 533 2916 nuuae
556 2849 737 2916 Hierusolee
754 2851 917 2915 aeditioatio
934 2858 965 2916 et
979 2850 1116 2930 munitio,
1138 2850 1171 2914 id
1194 2857 1243 2915 est

122 2957 286 3020 constructio
310 2963 340 3022 et
363 2957 502 3021 custodia
525 2955 663 3021 ecclesiae
696 2955 828 3021 caelestis
862 2961 992 3036 optatur,
1026 2955 1069 3020 ita
1093 2955 1243 3035 scriptum
1270 2983 1296 3018 ne

158 3181 285 3236 idilnbio
309 3181 342 3236 V¹
397 3184 538 3236 submersa
565 3182 702 3236 consumit
727 3182 751 3236 V
801 3184 903 3236 3uero
930 3184 1006 3248 dccet,
1034 3199 1099 3233 erus.
1127 3197 1193 3249 ergo
1217 3182 1243 3233 R

126 3267 355 3324 lconcertationes
383 3269 420 3323 11ι
449 3269 674 3323 contrectationis
698 3269 722 3322 V
773 3271 864 3324 Onon
890 3268 1194 3336 disparzz?erg0
1218 3268 1244 3320 R

127 3352 273 3423 indissiparc
299 3373 366 3426 ergo
395 3357 420 3408 P
444 3373 510 3424 ergo
538 3355 611 3421 (aare
638 3373 704 3425 crgo
725 3357 809 3426 spatio
831 3355 851 3407 2
873 3356 1007 3409 uerborum
1026 3354 1121 3420 nocuo)
1140 3355 1165 3406 T
1214 3353 1243 3406 in

127 3433 235 3528 hoecorr.
259 3476 376 3532 m2V
426 3487 458 3532 ut
481 3443 541 3560 irlre
565 3496 633 3532 corr.
663 3497 695 3530 m.
720 3476 740 3529 2
764 3478 789 3530 V
839 3476 1032 3544 ‘lebeubmpti
1057 3474 1091 3530 1’ι
1143 3478 1245 3529 Slater

131 3575 182 3630 ones
197 3592 217 3632 ct
232 3582 338 3651 linguae
357 3601 441 3636 uocem
460 3583 574 3636 iniuriae
592 3584 640 3635 del.
655 3601 686 3634 m.
701 3581 757 3634 1V
807 3581 959 3649 loquuntur
978 3581 1028 3632 PT
1030 3581 1057 3630 E
1110 3582 1143 3634 lc
1161 3595 1244 3646 supra

786 3677 801 3706 n
1196 3667 1206 3703 r

132 3719 259 3772 muroePl'
308 3727 335 3776 et
354 3721 680 3790 iniquitaeetdolorPT
728 3720 789 3774 141
817 3720 843 3772 R
890 3717 1000 3773 deficiet
1010 3719 1060 3770 Μ’
1108 3719 1139 3770 15
1157 3717 1244 3786 plaeis

133 3816 182 3854 corr,
199 3808 258 3859 ml
280 3809 302 3863 V
337 3813 370 3864 17
388 3810 532 3878 potissima
551 3809 579 3862 in
598 3807 715 3862 crimina
741 3806 921 3875 Vpotissime
945 3806 973 3859 in
993 3805 1110 3858 crimine
1129 3805 1180 3856 PT
1196 3820 1245 3873 po-

133 3884 218 3944 tissima
241 3894 309 3950 inter
336 3896 453 3950 crimina
480 3896 508 3948 E
560 3893 807 3949 contradictionem
836 3909 899 3946 eum
924 3893 946 3947 V
999 3896 1032 3947 18
1050 3891 1173 3960 profetae
1196 3891 1245 3944 VR

135 3977 302 4037 concinnerunt
320 3984 372 4037 R'l'
426 3986 459 4037 19
486 3983 640 4036 circumdat
666 3982 690 4036 de
717 3998 810 4034 muros
838 3981 864 4033 R
886 3983 937 4033 aed.
956 3981 990 4049 cs.
1015 3981 1079 4049 infr.
1094 3997 1123 4050 p.
1144 3976 1244 4043 rodo

136 4058 159 4111 ll
181 4078 293 4123 concessu
325 4071 349 4124 V
410 4073 444 4124 2⁶2
469 4069 628 4123 blasfemias
660 4069 684 4122 V
743 4070 778 4122 24
804 4083 893 4121 nouae
920 4085 949 4120 ex
975 4066 1051 4120 nomi
1080 4065 1191 4118 nomine
1224 4065 1249 4116 V

138 4161 192 4201 noua
214 4153 236 4204 P
295 4157 446 4211 hierusales
469 4157 494 4210 V
514 4155 664 4209 hierusales
684 4155 710 4207 P
724 4154 891 4208 hierusalem
910 4155 990 4206 RTE
1005 4154 1041 4223 cs.
1059 4154 1140 4206 Acod.
1160 4171 1188 4222 p.
1207 4150 1246 4204 28

137 4233 162 4284 25
175 4238 272 4297 coloniae
295 4245 318 4298 V
368 4244 501 4298 scribtum
525 4243 553 4296 V.
