3075 4967
453 257 634 307 tractatus
652 254 687 306 in
704 254 876 321 psalmam
894 253 1004 307 LXVll.
1235 252 1295 318 311

153 441 305 522 spiritalis
328 443 482 520 existeret,
512 441 563 507 uel
598 443 650 527 qui
674 442 840 508 secundum
871 442 1046 523 apostolum
1076 444 1144 524 rapi
1175 443 1299 508 obuiam

156 544 283 611 Christo
313 547 344 610 in
379 545 512 611 nubibus
535 552 716 612 mereretur.
762 554 793 612 et
825 547 940 612 ideirco
973 547 1105 613 uirtus
1139 547 1226 613 eius
1260 547 1299 612 iu

159 650 336 717 nubibus
367 659 423 728 est,
455 651 527 734 quia
556 649 613 729 his,
645 651 696 734 qui
731 650 810 716 ultra
832 657 984 716 terrenam
1010 651 1163 736 originem
1186 659 1299 716 murts·

162 755 285 839 lemque
308 755 461 840 degentes
484 775 519 820 se
541 755 571 819 in
595 773 719 820 sensum
740 755 897 821 calestem
912 761 943 821 et
959 756 1062 835 uitem,
1084 762 1118 820 ut
1132 756 1175 820 ita
1189 755 1299 832 dicam,

163 861 275 925 aeriam
298 858 479 924 extulissent
500 860 688 942 obuiamque
711 859 782 924 eluti
805 860 837 923 in
859 859 992 924 nubibus
1015 859 1217 939 adstitissent,
1248 858 1298 924 his
1338 888 1351 925 e

165 971 243 1028 esset
264 964 424 1044 proprium
446 963 557 1028 uirtute
573 963 624 1028 dei
641 963 936 1047 magnificentiaque
951 963 1058 1028 lsetari.
1070 999 1113 1011 -
1124 965 1302 1047 frequenter

164 1074 262 1132 autem
283 1067 425 1132 meminit
447 1065 497 1132 his
519 1067 595 1148 ipsis
618 1067 760 1144 nubitur,
784 1074 943 1150 tamquam
967 1069 1087 1133 ratione
1109 1067 1300 1151 scientiaque

166 1171 314 1252 perfectis,
338 1192 378 1237 ne
401 1191 495 1253 super
516 1171 643 1252 impiam
666 1169 787 1236 Israhel
809 1171 934 1237 uineam
955 1171 1104 1252 pluerent
1129 1191 1198 1238 esse
1220 1193 1307 1256 prae-1

169 1283 298 1358 ceptum:
322 1277 396 1358 quia
419 1275 539 1360 indigni
563 1281 669 1340 sancto
693 1273 824 1359 eloquio,
850 1294 927 1358 quos
948 1275 1010 1340 iam
1026 1276 1124 1357 spiam
1140 1282 1171 1341 et
1186 1274 1299 1353 tribuli,

170 1379 199 1442 id
219 1388 262 1444 est
284 1389 406 1446 terrene
440 1381 514 1444 uitia
548 1379 742 1454 obsederant,
776 1379 972 1445 exstitissent.
996 1417 1038 1426 -
1060 1399 1195 1463 namque
1229 1400 1299 1445 eum
1326 1407 1351 1444 ιο

172 1484 302 1548 omnibus
331 1484 372 1548 sit
402 1485 442 1550 ed
464 1503 578 1548 nouam
612 1484 846 1549 resurrectionis
880 1484 1033 1568 originem
1066 1503 1143 1550 uoce
1175 1484 1299 1550 uirtutis

173 1591 319 1669 obedum,
342 1608 404 1652 non
433 1589 587 1653 uniuersis
620 1593 726 1653 tamen
760 1587 916 1672 gloriosus
949 1588 1033 1653 idem
1066 1589 1299 1654 resurrectionis

173 1689 260 1756 bonor
281 1699 326 1758 est
349 1698 540 1775 preparatus
564 1693 688 1756 domino
711 1691 849 1757 dicente:
883 1690 1011 1758 nolite
1040 1693 1181 1757 mirari
1210 1693 1299 1768 ista,

136 1849 137 1853 ,
174 1796 348 1878 quoniam
389 1797 502 1860 uenit
540 1794 645 1872 hora,
684 1797 721 1859 in
755 1816 831 1879 qua
864 1815 1007 1875 omnes,
1038 1797 1103 1880 qui
1138 1797 1297 1860 suntin

172 1900 440 1976 monumentis
463 1901 631 1966 eudient
655 1918 792 1964 uocem
816 1900 919 1965 eius:
944 1908 982 1965 et
1004 1900 1205 1984 prodient,
1230 1901 1297 1984 qui
1325 1928 1351 1966 rs

171 2001 261 2069 bona
282 2009 509 2089 gesseruut,
526 2005 564 2068 in
588 2005 936 2069 resurrectionem
959 2005 1060 2086 uita,
1077 2005 1145 2087 qui
1168 2013 1298 2070 autem

169 2109 299 2193 iniqua
332 2116 561 2193 gesserunt,
598 2108 637 2172 in
674 2109 1027 2173 resurrectionem
1065 2108 1222 2173 iudicii.
1268 2114 1298 2173 et

167 2213 271 2278 ideirco
295 2233 387 2295 super
409 2231 479 2277 eum
502 2210 621 2277 Israhel
644 2211 877 2296 magnificentia
899 2219 930 2277 et
951 2212 1050 2277 uirtus
1074 2213 1124 2278 dei
1154 2219 1210 2292 est,
1245 2213 1297 2296 qui

165 2325 238 2383 esset
260 2318 290 2382 in
314 2317 456 2394 nubibus,
490 2316 562 2401 quie
595 2335 651 2396 pro
686 2316 865 2382 discrimine
897 2316 968 2380 uitta
1002 2317 1174 2381 innocentis
1198 2321 1297 2400 atque

164 2421 260 2502 impie
282 2421 519 2486 resurrectionis
543 2422 583 2484 sit
604 2427 656 2484 aut
679 2421 710 2485 in
732 2420 829 2485 uitam
852 2427 901 2484 aut
927 2421 957 2483 in
982 2419 1130 2484 iudicium
1152 2420 1298 2485 distincta
1324 2447 1350 2484 a

164 2525 327 2591 diuersitas.

202 2683 250 2747 31.
273 2681 395 2748 Deinde
418 2681 449 2745 id
473 2681 575 2760 ipsum
591 2699 724 2764 sequens
740 2701 842 2745 sermo
859 2681 1004 2764 designat
1027 2681 1148 2746 dicens:
1184 2681 1296 2746 mira

163 2785 255 2851 bilis
279 2787 377 2850 deus
399 2785 437 2848 in
462 2783 619 2849 sanctis
643 2785 733 2849 suis.
779 2785 811 2848 in
835 2803 888 2848 eos
904 2783 1022 2849 scilieet
1036 2785 1196 2863 mirabilis,
1221 2805 1297 2868 quos

162 2890 190 2953 in
210 2891 280 2955 uitae
305 2889 561 2955 resurrectionem
585 2889 728 2954 excitabit
751 2894 894 2953 aeternos.
940 2888 1092 2954 mirabilis
1115 2897 1217 2955 autem
1241 2897 1296 2968 est,

161 3014 224 3058 cum
263 3013 390 3058 omnem
427 2992 640 3058 beneficentia
671 3011 734 3057 sure
772 2993 816 3056 ia·
842 3013 894 3058 eos
931 2991 1070 3058 conferat
1101 2994 1296 3067 uoluntatem,
1324 3019 1350 3056 rs

162 3116 224 3162 eum
246 3099 331 3180 ipsos
361 3098 441 3162 intra
471 3095 689 3176 perfectionem
717 3095 847 3162 scelestis
873 3096 981 3180 gloriae
1004 3097 1183 3176 conlocabit,
1206 3097 1296 3160 sicuti

204 3325 235 3379 13
253 3323 309 3376 loh.
329 3322 361 3391 V,
381 3325 416 3375 28
434 3339 474 3390 sq.

201 3531 387 3584 imererotur
406 3548 436 3584 ca
454 3535 595 3584 sereretur
614 3527 685 3583 aa?
711 3531 734 3582 V
783 3528 862 3584 ahie
889 3530 936 3598 qui
964 3548 1011 3583 om.
1036 3531 1061 3582 V
1109 3529 1251 3598 Megetis
1277 3529 1301 3580 V

168 3618 327 3671 beercame
380 3620 487 3670 desset
512 3619 535 3678 (t
552 3619 580 3670 ia
598 3617 662 3680 rus.)
689 3618 715 3670 R
733 3634 792 3672 esse
816 3620 840 3672 V
890 3617 1039 3672 ‘lmemiui
1059 3618 1087 3669 E
1138 3619 1172 3670 10
1189 3616 1297 3670 obside·

169 3703 267 3756 runtV
316 3705 348 3758 la
366 3703 503 3774 gloriosos
530 3703 604 3758 idem
623 3705 649 3756 P
664 3703 801 3772 gloriosus
828 3705 891 3758 ide
916 3705 940 3758 V
955 3704 1093 3772 gloriosus
1120 3703 1149 3756 id
1176 3709 1218 3757 est
1245 3703 1300 3755 RE

172 3788 199 3846 ti.
208 3792 274 3844 Stud.
284 3789 356 3845 1889
362 3810 390 3861 p.
400 3789 457 3844 319
509 3793 543 3843 14
552 3790 641 3844 omnis
656 3791 682 3844 V
723 3793 756 3845 15
764 3802 824 3862 post
833 3791 1019 3846 monumentis
1029 3789 1102 3843 3-4
1111 3792 1156 3843 tiu.
1166 3809 1238 3860 supr.
1248 3808 1296 3843 scr.

173 3877 267 3929 orosii
318 3880 350 3930 16
369 3877 417 3946 qui
444 3881 538 3931 autern
565 3897 594 3932 aa
622 3877 646 3932 ἁ
673 3877 719 3945 qui
747 3882 840 3932 autem
859 3879 885 3932 R
939 3881 970 3931 17
988 3878 1017 3931 in
1045 3877 1247 3931 resurreetione
1271 3877 1297 3930 R

176 3961 202 4014 18
217 3955 243 4014 di
260 3968 328 4018 esset
345 3964 394 4033 qui
412 3969 485 4018 esset
504 3965 530 4016 P
581 3967 613 4018 19
634 3965 663 4018 in
687 3959 785 4052 nobil&
809 3966 835 4019 R
887 3965 1047 4018 innocentes
1065 3965 1090 4017 V
1139 3963 1228 4032 adque
1249 3964 1297 4015 VR

177 4063 356 4122 ibinuiteR
409 4068 603 4122 2211101111)
652 4069 999 4124 23ineoVPineisE
1050 4067 1300 4136 quodiuuitaeP

180 4149 411 4209 procursatione
435 4156 459 4208 V
508 4155 642 4210 excitabit
659 4174 689 4209 ez
707 4155 846 4211 excitabat
858 4157 884 4210 R
901 4155 1034 4210 excitauit
1051 4155 1076 4208 V
1125 4155 1159 4208 25
1177 4171 1257 4208 omne
1275 4154 1300 4207 V

180 4233 410 4297 benizuelentiae
429 4239 448 4308 (i
467 4261 497 4296 ex
515 4259 529 4296 e
548 4241 626 4310 corr.)
645 4241 709 4309 Pte)
763 4243 889 4297 conteret
914 4243 947 4295 i'e
998 4243 1033 4295 26
1051 4239 1208 4295 conlocauit
1230 4240 1260 4294 V.
