3075 4967
362 279 545 328 tractatas
563 273 599 327 in
621 274 794 343 psalmam
814 273 933 329 cxxxi.
1158 273 1220 340 669

93 464 258 531 indifferens
272 465 465 549 generositas
479 465 672 544 praedicatur.
717 471 752 528 ut
766 480 863 528 unum
881 463 973 528 ambo
993 464 1063 542 sint,
1088 463 1134 530 leo
1158 473 1220 530 est:

92 591 125 634 aa
143 590 217 634 nnus
240 579 335 651 atque
357 568 423 649 ipse
446 569 494 644 sit,
518 568 637 634 eatalus
659 568 758 633 laonia
782 573 837 633 est.
1093 633 1101 648 .

128 674 153 738 9.
176 673 210 738 ld
232 674 333 754 ipsum
357 679 456 738 autern
480 673 573 738 etiam
605 673 717 754 psalmi
746 673 967 754 consequentia
997 675 1220 738 demonstrant.

90 797 123 842 ue
144 778 223 842 anim
245 777 404 842 indelessa
424 776 476 842 illa
498 777 597 842 uirtus
619 781 651 842 et
673 775 864 857 inpassibilis
878 776 1030 860 unigeniti
1046 776 1096 841 dei
1113 783 1222 843 natura

88 882 185 946 rnortis
206 900 316 947 somno
332 881 532 947 dormitatura
546 882 784 959 existimaretur,
807 899 874 946 rem
890 900 1015 946 omnem
1029 881 1070 946 ad
1082 879 1220 948 osticium
1257 911 1269 946 a

87 985 221 1065 eorporis,
245 985 294 1050 aui
310 985 460 1050 discessio
474 984 647 1050 inmortalis
663 985 775 1051 animae
792 1004 877 1050 mors
894 990 949 1062 est,
963 984 1082 1050 rettulit
1097 985 1220 1052 disens:

86 1088 285 1154 sidedera
307 1108 489 1154 somnum
511 1087 641 1155 oeulis
676 1089 776 1155 meis
810 1095 849 1154 st
879 1088 1091 1170 palpebris
1121 1089 1221 1156 meis

86 1193 408 1258 dormitationem
430 1201 468 1257 θῖ
488 1193 671 1276 requiem
687 1192 942 1274 temporibus
961 1194 1070 1268 meis,
1093 1195 1221 1259 donee

86 1297 281 1362 inueniam
304 1295 433 1362 loanm
457 1297 625 1375 domino,
655 1295 970 1364 taberneealum
993 1297 1065 1362 deo
1089 1295 1219 1364 laaob.

86 1400 308 1483 „temporibus“
333 1400 506 1467 seeundum
528 1399 739 1466 translationis
761 1400 855 1466 fidem
879 1421 940 1466 aon
974 1399 1072 1466 aetatis
1103 1401 1219 1482 spatiis,
1248 1429 1273 1466 n

84 1507 133 1570 sad
154 1505 264 1586 eapitis
280 1505 420 1586 partibus
435 1506 577 1589 requiem
591 1513 695 1589 negat.
741 1512 772 1570 et
795 1504 844 1570 hae
860 1505 1049 1570 adiectiones
1065 1511 1137 1570 sunt
1152 1523 1219 1571 eor-

84 1607 202 1688 porales‚
233 1629 310 1693 quas
333 1610 419 1674 labor
448 1608 560 1694 longus
583 1615 616 1676 et
637 1609 709 1676 uitae
731 1609 869 1674 anxietas
893 1609 1057 1694 exagitant.
1104 1609 1220 1692 quieuit

83 1721 178 1778 antem
199 1712 261 1788 ills,
296 1714 344 1779 ani
367 1733 451 1780 mors
484 1733 612 1780 somnus
643 1720 706 1779 est:
737 1718 769 1779 et
798 1713 837 1792 id,
869 1714 949 1800 quod
975 1713 1065 1779 nobis
1089 1711 1218 1798 poenalis

84 1817 244 1883 demutatio
267 1824 323 1895 est,
345 1817 505 1902 unigenito
528 1826 559 1883 et
580 1817 613 1881 in
636 1837 763 1897 oorpore
786 1817 925 1882 manenti
940 1817 998 1883 deo
1013 1817 1136 1901 requies
1154 1817 1218 1884 fuit

116 1908 168 1986 ld.
190 1922 254 1988 Sed
277 1928 348 1986 ante
371 1920 453 1986 bane
474 1921 617 2005 requiem
639 1927 671 1986 et
692 1921 826 2002 apostoli
852 1920 1010 2006 eliguntur
1032 1919 1217 2002 absoluendi
1248 1947 1271 1984 aa

84 2045 114 2090 aa
135 2025 251 2110 ligandi
273 2031 304 2090 et
326 2026 358 2090 in
381 2025 456 2090 eaelo
479 2034 511 2090 θῖ
544 2025 575 2089 in
598 2029 681 2090 terra
702 2025 751 2090 ius
780 2025 948 2091 sortiuntur
978 2032 1009 2090 et
1037 2031 1218 2107 potestatem

82 2129 226 2196 aduersm
248 2130 394 2195 uirtutem
417 2148 543 2195 omnem
566 2129 777 2195 aduersariam
800 2136 925 2194 sumunt
947 2141 978 2196 et
997 2126 1146 2210 templum
1169 2129 1218 2194 dei

82 2241 146 2300 sunt
167 2241 198 2299 et
220 2235 279 2315 ipsi
303 2253 341 2300 ex
363 2233 433 2318 lege
454 2234 616 2299 uenientes
639 2231 769 2318 dignum
794 2234 850 2299 deo
867 2233 959 2298 laoob
987 2231 1217 2298 tateraaeulum

82 2345 146 2401 snat
167 2338 292 2419 reperti.
338 2357 374 2402 ae
396 2357 435 2402 ne
458 2338 538 2403 forta
559 2357 617 2402 nos
639 2357 695 2419 per
718 2336 919 2421 multiplicem
943 2335 1070 2402 humani
1100 2336 1217 2422 ingenii

82 2439 319 2527 intellegentiam
340 2442 406 2506 uim
427 2441 548 2507 ueritati
571 2441 694 2508 adferre
717 2442 846 2525 quidam
862 2441 1054 2521 arbitrentur,
1076 2446 1117 2519 ut,
1137 2441 1218 2526 quod
1246 2465 1271 2503 aa

82 2563 114 2608 er
141 2546 244 2611 Dauid
272 2565 407 2628 persona
435 2545 551 2611 dietum
582 2547 630 2622 sit,
659 2545 692 2610 id
722 2547 762 2611 ad
786 2546 946 2611 dominnm
968 2545 1218 2630 saluatoremqns

80 2660 212 2715 nostrum
244 2649 435 2715 multimodis
464 2650 698 2715 translationum
733 2649 950 2715 subtilitatibus
983 2648 1218 2734 transieramus,

81 2755 248 2818 contuenda
270 2761 351 2832 snat,
374 2772 442 2837 quaa
465 2762 618 2828 secuntur,
647 2764 678 2820 at
700 2774 737 2819 er
761 2753 811 2818 bis
834 2754 995 2820 ueritatem
1017 2753 1124 2820 inuitis
1145 2753 1220 2821 lieet

81 2861 108 2920 st
120 2858 324 2923 renitentibus
339 2858 526 2943 ingeramus.
571 2859 614 2923 ait
636 2857 735 2924 enim:
749 2877 854 2947 ¹(aeae
878 2859 1110 2924 audiuimus
1135 2879 1216 2924 eam

82 2961 114 3024 ln
156 2961 357 3045 Ephrem,
403 2963 634 3028 inuenimus
678 2982 760 3028 eam
807 2963 846 3026 in
888 2963 1042 3044 eampis
1087 2962 1217 3040 siluae3
1246 2985 1271 3022 aa

81 3065 341 3132 introibimus
379 3065 417 3130 in
456 3065 763 3131 tabernacula
797 3068 910 3145 eius,
950 3067 1218 3142 adorabimus,

121 3242 317 3348 lindblsreus
330 3295 354 3346 ll
404 3293 573 3346 ssestleonis
588 3293 663 3347 VPT
708 3292 1000 3361 dipsuffilernsdlli
1047 3250 1219 3347 demonstrant

80 3395 141 3432 ron.
158 3381 221 3433 πεί
239 3381 265 3434 R
283 3381 455 3434 demonstrat
479 3379 553 3432 VPT
568 3379 670 3434 docent
690 3381 717 3432 E
766 3383 784 3435 b
802 3380 987 3434 dormitatura
1007 3381 1060 3433 TE
1079 3379 1218 3433 dormisn-

79 3516 211 3573 tisnatura
238 3520 264 3572 R
291 3519 446 3573 dormitura
467 3519 491 3570 P
540 3517 754 3608 ddiseaseessio
781 3535 848 3572 corr.
868 3518 940 3573 aa?
963 3465 1176 3573 Vdisefimssffi
1194 3518 1221 3570 Ρ

78 3640 184 3694 rettulit
208 3641 232 3693 V
256 3639 354 3694 retulit
377 3639 483 3694 RPTE
533 3641 702 3709 ‘lpalfebris
730 3641 755 3694 V
779 3637 818 3706 (et
843 3640 983 3710 palpebris
1010 3641 1079 3694 meis
1105 3655 1153 3694 nm.
1182 3639 1217 3703 R)

78 3725 201 3780 stlocum
218 3730 280 3782 edd.
301 3726 373 3781 m.2
397 3727 421 3780 V
470 3727 680 3782 tabernaculum
698 3745 729 3782 aa
745 3728 976 3783 tabernaculam.
1002 3726 1021 3780 2
1047 3727 1073 3782 V
1124 3730 1154 3780 ll
1174 3742 1218 3780 re·

79 3813 166 3878 quiem
183 3833 256 3884 supr.
274 3833 323 3868 aar.
343 3814 368 3867 Τ
422 3818 454 3870 lu
472 3831 504 3868 ae
522 3832 553 3868 aa
570 3814 623 3868 hao
643 3815 669 3868 R
721 3820 750 3868 st
774 3814 803 3868 in
828 3815 904 3870 eaelo
923 3820 951 3869 at
969 3814 998 3868 in
1020 3819 1097 3868 terra
1121 3814 1219 3866 VRPT

79 3905 105 3951 et
120 3900 149 3953 in
166 3905 243 3955 terra
260 3907 288 3956 et
305 3902 336 3955 in
353 3901 431 3956 eaelo
450 3903 478 3954 Ε
527 3903 563 3956 aa
580 3902 753 3956 arbitrentur
777 3919 812 3956 ex
829 3919 884 3970 quo
902 3918 938 3956 ex
955 3901 1039 3958 dauid
1063 3901 1087 3954 V
1136 3903 1169 3954 21
1189 3900 1218 3956 id

78 3993 212 4057 πυρείων.
231 4007 264 4042 m.
289 3989 348 4041 Ill
399 3989 435 4042 22
451 3988 653 4057 suptilitatibna
676 3989 701 4042 V
750 3991 785 4042 28
802 3994 835 4042 nt
852 3989 941 4044 om.V
991 4003 1026 4044 ex
1043 4006 1114 4060 supr.
1132 3987 1222 4041 ser.P

79 4073 111 4124 24
127 4091 187 4128 eam
211 4075 287 4128 VTE
312 4092 344 4129 aa
371 4075 424 4129 ΗΡ
473 4077 508 4128 25
525 4074 634 4130 sirotha
657 4072 738 4129 VR’o
765 4075 854 4130 'efrata
871 4073 910 4129 12¹
929 4074 1026 4130 all'rata
1045 4075 1071 4128 T
1121 4077 1156 4130 26
1174 4075 1218 4128 in·

80 4161 220 4216 troibimus
234 4163 312 4216 VRE
327 4161 493 4216 intrabimus
507 4162 558 4214 PT
609 4161 785 4217 adorabimus
805 4163 858 4216 TE
873 4181 903 4216 ea
920 4161 1096 4218 adorauimus
1114 4179 1181 4218 eaor.
1196 4161 1221 4214 P

78 4245 248 4302 adorauimua
271 4249 296 4303 V
311 4248 489 4305 adorabimus
507 4277 541 4286 -
560 4249 643 4317 pedes
661 4249 721 4303 eins
739 4268 788 4303 om.
808 4250 841 4302 R.
