3075 4967
293 260 333 325 '42
633 228 751 314 sancti
776 260 912 313 Hilarii
937 260 1099 329 episcopi

290 450 390 515 batur.
437 458 465 515 et
490 450 546 515 boc
576 452 607 514 iu
634 452 782 515 Actorum
806 450 883 513 libro
907 451 950 514 ita
972 451 1131 513 scribitur:
1156 458 1271 515 erant
1304 460 1436 515 autam

291 556 329 619 in
370 554 629 620 Hierusalem
668 553 908 621 habitantes
941 552 1082 632 Iudai,
1128 556 1207 619 uiri
1243 556 1437 620 timentes

292 661 415 741 derum,
441 659 486 723 ab
510 660 615 722 oriani
638 666 768 743 geute,
801 679 883 741 quse
919 660 990 723 sub
1014 656 1109 724 calo
1133 666 1203 723 est.
1249 659 1351 742 populi
1380 660 1437 723 ita-

292 784 352 847 que
376 765 425 828 isti
449 763 588 829 meditati
613 764 717 827 inanis
740 771 812 828 suut
835 783 872 828 ex
896 762 1001 827 multis
1026 762 1146 843 populis
1169 764 1200 826 iu
1224 783 1319 827 uuum
1342 784 1437 844 popu-

266 868 356 933 alum
380 869 569 952 cougregati.

336 972 363 1037 8.
388 972 492 1055 Reges
515 993 636 1056 quoque
659 972 852 1044 adstiterunt,
884 971 1000 1036 Pilatus
1031 971 1151 1036 scilicet
1180 977 1210 1036 et
1233 971 1383 1048 Herodes⁹
1406 974 1436 1035 in

292 1077 403 1160 quibus
425 1096 517 1161 reges
541 1084 629 1141 terrae
654 1074 887 1160 intelleguntur:
916 1083 947 1141 et.
968 1082 1096 1159 uterque
1119 1096 1174 1156 pro
1197 1076 1310 1159 legum,
1326 1076 1439 1158 quibus

293 1188 453 1261 praeerant,
491 1182 673 1247 necessitate
712 1183 885 1262 prasentia
918 1202 981 1245 sua
1015 1179 1157 1246 adhibuit
1196 1180 1340 1247 officium.
1387 1182 1438 1264 qui

257 1364 261 1372 Ι
292 1292 394 1349 autem
418 1285 512 1365 impio
537 1285 775 1369 inreligiosoqne
798 1285 924 1351 coasilio
947 1285 1052 1350 multis
1071 1286 1273 1350 contuentibus
1288 1286 1440 1349 aduersus

241 1416 264 1451 a»
292 1390 451 1454 domiuum
486 1390 667 1467 tractabant,
704 1390 734 1453 bi
771 1392 925 1470 principes
958 1392 1144 1455 conueniunt
1177 1391 1207 1453 iu
1231 1409 1342 1453 uuum:
1379 1389 1439 1453 ire·

292 1502 421 1575 quenter
444 1493 559 1559 scilieet
581 1495 612 1557 iu
636 1495 765 1557 domum
789 1493 916 1573 Caiphae
939 1494 1083 1558 omnibus
1106 1495 1301 1557 sacerdotnm
1325 1494 1439 1572 princi·

292 1597 382 1675 pibus
416 1598 623 1681 cougregatis.
661 1600 795 1679 denique
825 1618 945 1681 reges
977 1608 1094 1663 terrae
1124 1598 1334 1680 coguorrtiuati
1366 1610 1438 1660 suut

293 1700 432 1765 Herodes
456 1701 609 1765 tetrarcha
632 1708 663 1767 et
685 1701 802 1765 Pilatus
826 1714 947 1781 praetor,
978 1702 1052 1785 qnia
1075 1704 1139 1766 iure
1171 1703 1282 1766 terreni
1313 1701 1437 1781 imperii

292 1804 484 1868 adstiterunt.
508 1807 602 1869 ceteri
618 1814 732 1880 tullerit,
749 1807 801 1888 qui
818 1808 849 1869 iu
871 1826 967 1871 unum
991 1818 1204 1878 conuenerunt,
1228 1825 1329 1887 neque
1351 1806 1439 1885 prin-

292 1909 376 1989 cipes
399 1915 487 1973 terrae
512 1914 590 1975 sunt.
615 1930 715 1992 neque
727 1912 882 1990 principes
899 1912 1101 1985 sacerdotum,
1125 1911 1194 1991 (laria
1211 1929 1268 1973 neo
1283 1911 1331 1972 ius
1346 1911 1439 1990 regui

292 2013 338 2076 sui
374 2014 494 2092 praebui
531 2012 669 2077 Romano
704 2021 735 2078 et
768 2014 930 2079 tetrarchae
964 2014 1079 2078 subditi
1113 2014 1302 2088 obtinebant,
1335 2032 1440 2096 neque

292 2115 371 2179 ultra
393 2117 452 2179 iam
479 2118 632 2200 principes
663 2118 858 2181 sacerdotum
889 2119 1101 2201 cognominari
1133 2118 1341 2197 merebantur,
1368 2119 1441 2199 qnia

292 2220 378 2300 impii
403 2222 432 2283 iu
457 2222 548 2285 deum
572 2242 607 2285 ao
631 2222 792 2285 dominum
815 2223 911 2301 ipsius
935 2222 1097 2287 sacerdotii
1120 2222 1299 2286 extitissent.

336 2324 364 2386 9.
390 2324 429 2387 llt
452 2326 525 2406 quia
548 2345 607 2389 uon
632 2328 814 2409 ambiguum
838 2331 893 2401 est,
918 2346 955 2391 ex
977 2345 1111 2406 persona
1131 2326 1180 2389 dei
1204 2326 1305 2388 Patris
1328 2344 1440 2390 secuu-

240 2456 251 2491 ι»
293 2430 367 2491 dum
391 2429 586 2508 apostolicam
610 2432 823 2495 auctoritatem
856 2430 1012 2509 psalmum
1047 2438 1181 2509 ceptum
1215 2449 1291 2504 esse,
1322 2430 1440 2512 quippe

292 2552 362 2596 cunr
385 2532 531 2596 dixerint:
568 2534 632 2617 qui
669 2554 801 2614 paros
832 2534 1439 2613 patrisuost1·iDauid.sancti

291 2637 406 2719 pueri
439 2637 503 2713 tui,
528 2637 684 2713 dixisti,
720 2639 834 2704 idcireo
863 2640 946 2703 enim
970 2640 1009 2704 ad
1031 2637 1272 2721 intellegendam
1297 2656 1440 2717 persona.

291 2742 532 2805 demutationem
558 2742 596 2806 ab
621 2726 892 2821 interpretantibus
912 2744 1105 2808 interiectum
1129 2740 1362 2821 diapsalma
1385 2755 1439 2813 cst,

290 2843 362 2908 licet
385 2845 415 2907 in
439 2843 526 2909 libris
552 2844 751 2910 Hebraiomm
775 2868 836 2909 nou
860 2849 1076 2911 ‹rontineretua
1100 2866 1232 2926 persona
1258 2864 1343 2929 ergo,
1370 2867 1439 2929 quae

291 2948 473 3027 demutatur,
508 2948 712 3028 apostolorum
736 2970 804 3015 esse
827 2950 1037 3033 intellegenda
1059 2965 1113 3018 est.
1145 2950 1328 3014 dicentium:
1362 2952 1434 3015 dis-

292 3072 519 3132 rumpamus
554 3052 716 3117 uiucula
750 3074 884 3118 eorum
919 3062 957 3119 ot
994 3056 1242 3135 proiciamus
1276 3075 1293 3117 a
1318 3056 1439 3119 nobis

291 3156 423 3239 iugum
461 3157 648 3237 ipsorum.
695 3159 841 3223 detestari
865 3179 916 3223 eos
951 3178 1079 3223 necesse
1106 3158 1258 3241 estquod
1293 3170 1438 3243 arguunt.

291 3259 401 3323 borum
426 3279 507 3345 ergo,
531 3262 582 3343 qm
607 3268 637 3326 et
661 3262 856 3326 fremuerunt
878 3268 909 3327 et
932 3264 1038 3327 inania
1052 3264 1189 3327 meditati
1212 3268 1291 3337 suut,
1314 3262 1440 3327 uincula

292 3365 486 3447 disrumpunt
515 3376 545 3429 et
567 3366 675 3449 iugum
709 3366 853 3431 abiciunt.
900 3376 931 3432 et
963 3387 1024 3431 nou
1058 3368 1240 3451 aurbigunm
1275 3372 1332 3444 est,
1364 3369 1452 3450 quin

291 3466 413 3533 differat
450 3470 557 3552 iugum
592 3469 714 3535 abicere
749 3480 780 3535 et
812 3471 935 3535 uincula
964 3491 1123 3552 rurripere:
1158 3471 1239 3553 [μιαί]
1272 3477 1438 3554 utrumque

335 3591 348 3642 1
370 3592 429 3643 act.
448 3608 490 3659 ap.
510 3592 543 3659 u,
562 3594 585 3644 a.

334 3728 415 3781 bdrir
442 3730 464 3781 l'
489 3729 630 3784 dominum
656 3732 710 3784 RE
779 3737 796 3785 4
820 3732 948 3787 meditati
972 3752 1002 3786 ex
1028 3733 1169 3786 meditatis
1189 3752 1219 3784 m.
1242 3732 1255 3783 I
1280 3732 1303 3783 l'
1374 3741 1439 3786 snut

291 3815 383 3868 insuia
402 3816 429 3866 Ε
488 3816 638 3872 fiberodes
656 3837 686 3870 aa·
703 3818 814 3873 herodis
833 3820 904 3871 m‘.)
927 3821 950 3872 l'
1010 3819 1192 3874 9adnsrsum
1213 3819 1238 3872 V
1289 3820 1322 3872 to
1345 3820 1394 3873 dfir
1420 3820 1440 3871 l'

290 3902 449 3955 tractabant
467 3906 675 3959 attrectabunt
700 3926 731 3958 m.
757 3906 777 3957 2
801 3907 825 3958 V
893 3910 923 3960 ll
950 3906 1037 3960 caifas
1067 3907 1114 3958 Vn
1187 3909 1219 3959 14
1242 3922 1333 3972 neque
1358 3922 1437 3975 reges

291 3994 380 4042 terrae
407 4009 419 4038 ε
491 3992 523 4044 16
559 3992 662 4045 subditi
690 3993 855 4047 obtinebant
879 3992 937 4059 (snt
965 4013 994 4045 ex
1020 3998 1071 4046 unt
1098 4011 1131 4059 m,
1159 3993 1188 4057 p)
1226 3994 1250 4044 V
1273 3994 1437 4047 obtinebant

291 4075 394 4130 subditi
416 4078 441 4127 Ia'
495 4078 734 4132 18sacerdot1‘11t
787 4083 818 4133 21
839 4080 943 4134 dixerit
968 4082 992 4134 V
1042 4080 1176 4148 quippei
1193 4096 1223 4133 os
1242 4098 1306 4132 corr.
1327 4082 1393 4132 m.l
1417 4080 1440 4130 l'

292 4162 380 4215 llauid
399 4163 481 4215 unali
534 4167 568 4218 22
587 4166 660 4219 euim
673 4184 721 4220 ora.
738 4168 788 4219 l'la'
839 4170 874 4220 23
892 4169 926 4221 sb
945 4167 1211 4235 interpractsntibus
1227 4165 1273 4219 VR
1323 4169 1436 4219 accon·

291 4249 427 4303 lineretur
445 4270 475 4303 ea
493 4252 653 4305 continetur
670 4272 737 4307 corr.
757 4274 788 4306 m.
808 4257 827 4305 ‘J
851 4256 875 4308 l'
925 4257 959 4309 26
978 4255 1127 4309 abiciamus
1147 4253 1206 4307 RE.
