3075 4967
307 262 368 328 176
644 263 762 317 sancti
787 265 922 318 Hilarii
947 265 1110 333 episcopi

304 454 427 519 iustitiae
451 475 554 519 sermo
577 455 750 520 communis
774 462 835 532 est;
866 457 922 521 sed
945 457 1025 540 aequi
1047 456 1152 522 indicii
1174 457 1310 522 studium
1330 463 1361 522 et
1374 476 1433 521 con·

304 560 433 623 suetudo
455 579 622 639 psucomm
645 564 703 624 est.
749 560 805 624 scd
828 559 919 640 plune
942 567 1005 624 tum
1029 580 1101 625 uere
1116 561 1186 644 quis
1202 559 1283 644 loqui
1300 560 1433 626 iustitium

304 663 527 727 existimandus
550 674 606 740 est,
637 683 708 728 cum
730 664 877 729 iudicium
912 662 1044 729 retinent
1076 664 1222 743 ueritatis,
1258 664 1315 729 deo
1345 665 1382 730 ob
1407 665 1433 730 id

304 787 366 831 non
400 765 522 850 eloquin
554 766 696 843 humens,
731 768 787 833 sed
822 768 924 833 condis
958 787 1060 848 opere
1094 769 1196 834 idest
1229 769 1435 852 cogitationum

266 899 277 934 s
305 871 476 936 molitiones
488 871 651 938 indicente.
683 871 760 937 solet
772 879 872 937 nutem
886 872 1030 957 iniqnitas
1043 873 1099 937 sub
1111 873 1242 953 publium
1253 873 1435 939 conscientiis

304 977 421 1056 pudore
429 975 818 1060 uonpsmgi3etideclioet
826 975 982 1058 conplexae
991 996 1100 1042 munus
1109 997 1170 1041 non
1179 977 1438 1061 siutiniquitetcn,

304 1090 408 1144 tumen
431 1080 622 1164 iniquitatem
655 1081 713 1145 deo
737 1099 790 1144 cor
812 1087 957 1161 opemtur
979 1081 1010 1146 iu
1034 1088 1124 1146 terro.
1169 1080 1243 1146 hinc
1265 1080 1436 1147 adulterium

303 1184 368 1250 solo
398 1190 581 1265 concentum
614 1185 707 1249 corde
740 1185 803 1248 ium
837 1184 952 1250 crimen
976 1191 1032 1264 est,
1063 1183 1137 1250 hinc
1167 1187 1337 1251 secuudum
1360 1185 1436 1250 Pauli

303 1289 498 1373 euangelium
523 1295 642 1354 secretu
665 1288 826 1353 hominum
849 1290 925 1354 deus
950 1289 1072 1367 iudicet,
1095 1287 1269 1355 uoluntates
1286 1289 1436 1353 hominum

252 1418 277 1454 ιο
303 1395 361 1458 deo
385 1393 445 1456 ium
469 1394 501 1456 in
523 1393 599 1473 ipsis
624 1392 767 1457 humanm
792 1393 959 1457 nutiuitetis
991 1393 1123 1458 exordiis
1157 1399 1329 1458 contuente.
1373 1413 1435 1456 nsni

303 1517 374 1562 cum
396 1503 515 1562 noturus
547 1497 682 1578 potentis
715 1497 812 1562 uirtus
847 1517 907 1562 non
942 1504 1003 1562 tem
1036 1499 1189 1562 uiscerum
1224 1497 1319 1562 fibros
1353 1516 1437 1581 quum

303 1602 456 1682 adpetitus
479 1601 593 1666 mentis
616 1601 756 1678 introeat
780 1621 906 1666 necesse
930 1607 1060 1666 estnon
1082 1621 1138 1682 per
1168 1608 1270 1666 motus
1299 1619 1438 1666 sensuum

303 1706 510 1788 perspiciendi
533 1713 634 1770 sumat
656 1705 824 1784 exordium,
849 1706 904 1771 sed
927 1725 982 1788 por
1011 1705 1169 1771 scientium
1203 1712 1320 1771 nuturm
1350 1706 1437 1770 etium

303 1809 420 1874 futuros
443 1816 544 1874 motus
568 1829 714 1874 sensuum
738 1810 905 1890 presciens
929 1807 1152 1904 adprehendet.

253 1956 276 1990 u
348 1931 376 1995 3.
401 1929 576 1996 etidcirco
600 1929 721 2009 dehis,
746 1932 796 2015 qui
821 1930 986 2011 conplexus
1002 1931 1145 1995 munibus
1160 1931 1338 2014 iniquitates
1354 1930 1440 1995 corde

303 2035 473 2117 perficiunt,
497 2034 641 2100 contiuuo
657 2034 802 2100 subiecit:
826 2034 999 2100 ulieneti
1023 2042 1113 2099 sunt
1135 2043 1377 2116 peccatores
1398 2035 1438 2097 ab

305 2146 429 2215 utero,
461 2147 920 2216 erroneruntuuentre‚
955 2138 1082 2204 locuti
1117 2145 1208 2204 sunt
1242 2137 1355 2203 false
1402 2137 1441 2202 sic

304 2243 454 2309 alienatus
479 2241 561 2307 lisso
583 2244 621 2309 ab
639 2248 725 2307 utero
742 2250 797 2320 est,
821 2262 890 2308 cum
908 2244 1006 2308 maior
1021 2243 1133 2308 minori
1148 2243 1327 2320 seminium,
1350 2243 1438 2307 etium

304 2357 373 2413 unte
396 2367 489 2431 quum
513 2347 683 2425 exsisteret,
707 2347 871 2426 nuntietur,
895 2347 953 2412 deo
976 2346 1085 2413 funnae
1110 2366 1170 2412 non
1205 2347 1308 2414 nescio
1336 2347 1438 2411 uoluu-

250 2472 276 2510 20
304 2453 383 2526 tutis,
406 2471 477 2533 cum
501 2459 531 2516 et
553 2451 705 2516 sermonis
722 2450 839 2516 falsitas
863 2458 894 2517 et
916 2453 987 2517 uitae
1012 2471 1097 2518 error
1120 2473 1138 2516 u
1161 2457 1266 2516 uentre
1290 2459 1352 2516 est:
1377 2452 1437 2532 ipso

304 2557 401 2636 potius
425 2556 482 2621 hoc
505 2556 619 2620 sciente
643 2574 735 2639 quum
761 2555 864 2640 aliquo
880 2557 920 2621 ud
937 2557 1153 2621 necessitatem
1169 2556 1273 2640 genito
1289 2561 1440 2620 naturum·

303 2680 363 2744 que
385 2660 512 2740 peccati.
558 2679 594 2724 uc
617 2680 656 2724 ne
678 2660 787 2725 uitium
811 2660 920 2724 referri
943 2667 1050 2742 posset
1072 2661 1111 2724 sd
1133 2661 1294 2744 originem,
1325 2659 1440 2742 praedu·

303 2775 376 2829 rute
392 2765 422 2829 iu
439 2764 490 2828 nis
505 2765 546 2829 ud
562 2765 782 2830 obediendum
806 2763 971 2828 uoluntatis
994 2765 1112 2829 crimen
1139 2763 1301 2844 exprobret
1324 2765 1440 2828 dicens:

303 2869 417 2932 turoi·
460 2867 549 2933 illis
597 2869 814 2933 secundum
870 2867 1191 2933 similitudinem
1236 2867 1439 2948 serpentis

348 3063 361 3114 1
373 3061 420 3114 sed
430 3060 495 3128 quie
504 3059 600 3114 indicii
610 3059 647 3112 Pe
657 3060 705 3112 sed
714 3059 810 3114 iudicii
821 3059 845 3111 'I'
889 3062 943 3112 2et
953 3059 1035 3126 plone
1045 3059 1107 3112 PTe
1155 3076 1220 3113 usne
1231 3077 1260 3112 ec
1269 3075 1336 3112 uero
1346 3077 1378 3111 m.
1389 3056 1407 3109 2
1422 3057 1443 3108 l'

303 3149 319 3200 3
330 3147 449 3200 retineat
457 3165 487 3200 eu
496 3147 599 3200 retinet
608 3165 640 3198 m.
652 3146 672 3198 2
691 3146 714 3198 l'
761 3157 820 3216 post
830 3147 881 3199 deo
891 3148 991 3215 aliquid
1000 3165 1066 3199 mos.
1077 3146 1102 3199 11
1154 3149 1171 3199 4
1190 3139 1300 3213 eloquia
1313 3145 1407 3198 diuina
1417 3145 1440 3195 R

303 3234 320 3288 5
337 3233 695 3286 molitioneseumolitionis
711 3233 737 3284 P
788 3233 878 3286 solent
896 3237 990 3286 sutem
1008 3231 1170 3300 iniquitates
1187 3232 1210 3284 V
1260 3236 1276 3286 6
1295 3232 1440 3300 conplexae

303 3339 334 3374 eu
351 3320 501 3388 conplexus
519 3319 591 3372 m.2
616 3320 639 3372 V
689 3335 744 3372 uon
763 3337 812 3371 oin.
835 3319 880 3372 VR
933 3319 989 3372 sint
1008 3338 1037 3371 es
1056 3319 1114 3372 sine
1134 3339 1166 3372 ni.
1187 3317 1249 3372 21¹
1298 3318 1442 3386 iniquitate

311 3407 358 3460 VR
409 3408 536 3460 'ltemen
551 3405 740 3474 iniquituteV
789 3405 912 3458 lisoium
928 3406 952 3457 V
1002 3406 1231 3473 9euuungelium
1255 3403 1304 3458 VR
1357 3419 1442 3457 secre-

303 3506 345 3600 te·
363 3547 389 3598 P
438 3545 703 3600 iudioutezindiuut
716 3543 825 3598 nn2V
874 3543 1032 3613 uoluptates
1045 3545 1070 3596 11
1123 3544 1267 3597 hominum
1285 3545 1380 3596 lucursu
1398 3544 1440 3596 rel.

303 3652 352 3687 om.
371 3633 461 3687 Pom.
485 3633 510 3686 V
559 3635 593 3687 10
609 3633 665 3686 ium
684 3649 732 3685 om.
754 3633 830 3684 ΡΤΕ
880 3630 1007 3684 humenis
1027 3631 1052 3683 11
1105 3629 1260 3684 natiuitatis
1289 3649 1318 3684 cu
1344 3629 1441 3682 natiui-

302 3726 374 3774 tutes
404 3721 429 3773 V
483 3719 590 3774 exordii
619 3721 643 3772 11
695 3719 854 3773 contuitum
888 3719 911 3771 V
960 3735 1024 3772 num
1051 3736 1100 3770 om.
1128 3719 1153 3770 11
1213 3720 1243 3771 11
1268 3717 1390 3785 potentis
1414 3733 1442 3768 m

302 3808 418 3876 potestis
444 3826 510 3862 oon.
538 3827 570 3860 m.
590 3807 606 3860 1
628 3807 654 3860 11
676 3811 775 3875 potens
801 3807 824 3859 V
873 3805 1009 3860 uiscerum
1035 3805 1058 3856 V
1090 3803 1213 3858 limbi-ius
1232 3805 1257 3856 11
1311 3806 1345 3858 12
1363 3803 1441 3872 supe

303 3895 369 3948 titus
394 3895 417 3947 V
468 3896 500 3949 18
518 3893 664 3947 exordium
689 3912 720 3946 es
746 3892 897 3945 exon-deum
914 3909 947 3944 m.
968 3891 1028 3944 111
1080 3908 1131 3959 per
1156 3897 1272 3945 nutui-se
1299 3889 1441 3944 scientim

312 3983 411 4034 Vlu‘e'
462 3985 496 4035 14
512 3979 720 4050 sdpmshendut
744 3980 791 4031 VR
846 3979 877 4031 1⁶
896 3977 1053 4046 complexus
1081 3975 1109 4044 (u
1136 3979 1162 4030 in
1190 3996 1242 4032 rus.
1271 3997 1288 4032 u
1313 3995 1346 4032 m.
1368 3975 1392 4040 ll
1418 3975 1443 4028 11

231 4057 236 4066 ’
304 4069 459 4137 iniquitatis
479 4067 514 4120 P¹
568 4068 600 4121 17
619 4067 659 4121 sic
676 4083 742 4121 esen
759 4065 894 4119 alienatus
919 4065 1020 4118 VPTE
1091 4067 1123 4118 19
1146 4065 1295 4119 nunciatur
1314 4065 1340 4116 Τ
1356 4061 1442 4116 nomi·

304 4161 387 4209 netur
405 4155 432 4207 11
482 4152 636 4208 uoluntatis
653 4171 684 4207 a
701 4153 846 4205 uoluntate
864 4169 896 4205 m.
915 4151 977 4204 21⁷
1026 4151 1061 4204 10
1079 4151 1214 4204 sermonis
1232 4147 1358 4214 (iturus.
1371 4169 1402 4202 ns
1415 4149 1440 4208 n

305 4243 331 4294 R
348 4256 438 4295 sermo
456 4247 499 4293 est
524 4241 546 4292 V
596 4244 638 4293 est
655 4257 672 4292 u
689 4244 787 4292 uentre
812 4237 837 4290 V
885 4236 993 4306 inipso
1017 4237 1042 4290 V
1091 4239 1123 4290 nl
1144 4238 1178 4291 ub
1203 4237 1392 4292 necessitatem
1413 4233 1440 4288 P.
