3075 4967
264 252 304 317 64
603 254 722 307 sancti
744 253 881 307 Hilarii
906 251 1069 320 episcopi

263 444 386 507 adfectu
408 443 540 523 postoris
563 442 739 507 habiturus:
770 442 837 523 ipse
868 447 917 505 est
946 442 1030 505 enim
1052 446 1158 522 pastor
1179 441 1286 519 honus,
1317 442 1412 505 umus

262 566 318 611 nos
342 566 448 611 sumus
470 566 552 625 oues,
583 566 638 626 pro
667 546 779 629 quibus
811 546 949 610 animam
972 565 1062 611 suam
1083 546 1194 626 posuit
1238 565 1279 610 ne
1302 552 1417 611 autom

262 651 309 714 ius
333 651 526 734 tyrannicum
557 649 726 733 significari
756 650 941 714 arbitremur
969 649 1002 714 in
1031 650 1129 732 uirga
1159 669 1229 733 quae
1250 651 1284 714 in
1306 651 1416 733 uirga

262 754 487 835 nuncupatione
508 755 679 835 proprietas
702 755 750 833 sit,
781 774 819 818 ex
841 773 920 817 nouo
944 760 976 817 et
1002 754 1099 818 ueteri
1122 752 1323 819 Testamenta
1355 773 1416 817 nc·

224 888 236 923 a
264 858 414 923 scendum
437 865 494 923 est.
683 846 690 859 ⁸

307 960 631 1028 adunassemus
661 962 700 1027 ad
731 960 905 1027 Corinthios
939 962 1087 1035 scribens,
1122 980 1199 1044 quos
1229 981 1268 1026 ex
1298 960 1415 1026 multis

261 1067 397 1147 peccatis
420 1066 459 1129 ad
481 1066 694 1147 paeuitentiam
716 1066 877 1130 moderata
898 1070 991 1147 atque
1009 1064 1076 1130 utili
1091 1064 1305 1130 adhortatione
1317 1085 1414 1131 rauc-

262 1171 360 1249 cahat
380 1171 437 1234 ait:
461 1170 557 1253 qnid
581 1168 731 1235 uultis?
751 1170 924 1253 inuirga
945 1170 1109 1234 ueniam
1131 1170 1178 1233 sd
1199 1189 1270 1233 uos
1292 1189 1340 1233 an
1366 1170 1412 1234 in

262 1275 439 1339 caritate
474 1282 513 1339 et
546 1275 698 1355 spiritu
731 1273 1085 1339 mausuetudinis?
1129 1274 1282 1356 numquid
1304 1272 1411 1339 Paulo

174 1392 177 1397 '
210 1402 235 1442 ιο
261 1380 308 1444 ius
331 1378 509 1461 praetorium
533 1384 615 1456 ‘erat
650 1384 683 1442 ut
712 1379 834 1463 uirgam
865 1379 1107 1443 comminaretur
1136 1382 1169 1442 et
1198 1396 1270 1441 cum
1301 1376 1414 1443 officio

261 1482 378 1547 lictoris
405 1483 445 1546 ad
474 1482 634 1547 ecclesiam
659 1480 774 1547 Ohn'sti
808 1480 955 1547 adesset?
1000 1502 1061 1545 non
1082 1482 1190 1564 utique
1211 1482 1255 1545 ita
1277 1482 1416 1562 opinan-

262 1589 337 1653 duru
360 1594 415 1651 est.
460 1586 516 1651 sed
546 1588 618 1670 quia
647 1587 748 1651 omnis
779 1586 827 1651 dei
858 1605 969 1664 sermo,
999 1604 1060 1668 quo
1084 1604 1122 1650 ax
1144 1604 1248 1650 errore
1269 1585 1303 1649 in
1325 1587 1415 1651 ueri·

263 1696 356 1757 tatem
378 1690 575 1767 retrahimur,
599 1710 659 1774 quo
682 1710 737 1771 per
760 1691 1033 1755 comminationem
1063 1696 1276 1773 terroremque
1297 1690 1414 1755 indicii

262 1798 302 1860 ad
325 1796 498 1859 innocentis
521 1800 553 1859 et
575 1800 690 1859 sancta
711 1795 784 1858 uitae
805 1794 889 1859 uiam
919 1794 1067 1879 regimur,
1096 1793 1187 1877 uirga
1216 1799 1264 1858 ast
1286 1812 1414 1859 nuncu·

210 1926 235 1961 a
261 1905 358 1981 patus.
380 1918 436 1979 per
458 1918 562 1982 quarn,
581 1900 663 1963 intra
681 1897 877 1980 discipHnsm
899 1897 996 1963 diuini
1017 1903 1120 1962 metus
1136 1895 1273 1972 cohibiti,
1296 1898 1413 1963 mode·

260 2004 319 2067 rati
342 2022 378 2067 ac
400 2002 591 2084 procidentis
605 2002 734 2068 rectoris
750 2003 870 2066 monitu
885 2000 1095 2079 uohercemm,
1117 2002 1226 2066 beatus
1245 2001 1413 2082 apostolus

261 2106 473 2172 condicionem
497 2106 632 2191 eligendi
655 2108 806 2171 aduentus
835 2106 882 2170 sui
913 2105 972 2183 his,
1004 2124 1081 2189 quos
1104 2104 1259 2178 monebat,
1283 2105 1415 2181 adiecit„

260 2217 364 2276 utrum
386 2209 514 2277 mallent
536 2230 607 2276 eum
630 2211 662 2276 in
685 2210 850 2276 seueritate
880 2209 1026 2275 doctrinae
1056 2215 1151 2292 atquc
1180 2208 1414 2293 obiurgationis

261 2316 380 2391 adesse,
404 2334 443 2379 an
465 2316 498 2379 in
521 2315 631 2395 spiritu
653 2314 797 2379 lenitatis
843 2313 924 2398 quod
953 2320 1121 2397 utrumque
1143 2314 1315 2379 secundum
1338 2334 1413 2379 mo·

209 2444 234 2480 20
261 2419 368 2484 destiae
406 2425 545 2484 tenorem
582 2424 649 2485 erat
693 2418 921 2495 necessarium,
959 2424 994 2482 ut
1031 2417 1258 2483 oboedientibus
1296 2416 1412 2492 lenior,

261 2522 463 2588 insolentibus
486 2542 559 2587 uero
589 2523 725 2589 seuerior
747 2522 916 2587 adueniret.
961 2528 992 2587 et
1021 2521 1080 2585 hoc
1110 2521 1235 2605 quidem
1265 2541 1304 2585 er
1334 2524 1414 2587 noui

261 2627 452 2692 Testamenti
475 2626 657 2691 auctoritate
679 2632 903 2708 praesumptum
926 2632 981 2691 est

306 2730 356 2794 37.
380 2730 469 2795 Hauc
492 2736 595 2796 autem
617 2729 705 2795 uerbi
727 2731 900 2795 doctrinam
921 2731 1043 2814 uirgam
1067 2730 1238 2811 nuncupari
1253 2749 1290 2793 ex
1305 2732 1413 2796 ueteri

260 2836 304 2900 ita
326 2835 485 2918 cognitum
508 2842 562 2911 est,
597 2854 669 2899 cum
700 2834 828 2899 dicitur:
859 2834 976 2918 uirga
1006 2833 1254 2898 directionis
1284 2833 1413 2918 uirga

210 2963 235 2999 ur,
261 2940 377 3022 regni
402 2940 475 3018 tui;
520 2940 592 3022 quia
616 2938 682 3003 hmo
705 2938 817 3003 eadem
832 2938 990 3021 estuirgae
1007 2938 1144 3015 directio,
1169 2956 1230 3021 qua
1251 2957 1308 3019 per
1330 2937 1412 3003 doc·

262 3045 374 3109 trinam
408 3044 439 3107 in
473 3063 595 3127 aquam
627 3044 712 3107 uiam
744 3043 916 3126 utilemque
946 3042 1118 3127 dirigimur,
1152 3048 1184 3107 et
1213 3061 1282 3125 quae
1312 3042 1411 3128 uirga

305 3186 321 3235 8
339 3184 352 3235 I
371 3184 432 3237 Cor.
452 3182 496 3251 VI,
515 3185 557 3236 21.
593 3185 627 3235 24
644 3183 689 3235 Po.
707 3182 803 3249 XLIV,
823 3185 849 3235 7.

305 3307 322 3356 2
349 3320 414 3358 oues
441 3322 534 3357 sumus
562 3324 574 3354 c
626 3306 645 3357 4
669 3305 759 3357 ueteri
787 3322 817 3355 ezr
843 3308 937 3357 uetere
965 3322 997 3355 m.
1019 3303 1045 3411 ἕ
1076 3303 1102 3357 V
1151 3302 1363 3356 tichorinthioe
1384 3304 1412 3356 R

262 3444 329 3494 quoa
356 3432 391 3479 ch
410 3442 444 3479 cx
470 3446 489 3477 α
507 3442 575 3493 qnos
603 3430 663 3478 tum
690 3441 725 3478 ex
750 3444 763 3475 a
817 3425 1023 3493 7paanitentia
1064 3425 1089 3478 V
1118 3399 1355 3493 p:⁰÷enitentiam
1382 3426 1412 3479 R

259 3524 317 3582 post
344 3512 408 3566 utili
436 3513 452 3564 1
479 3514 525 3565 lite.
552 3529 616 3565 cros.
646 3512 671 3565 R
741 3511 934 3565 adhortatione
961 3529 991 3564 er
1020 3511 1242 3565 adhortationem
1268 3529 1301 3564 m.
1331 3509 1351 3563 2
1386 3512 1415 3564 V

260 3603 277 3654 8
295 3601 377 3653 uenio
396 3599 421 3652 V
471 3602 504 3654 10
521 3604 553 3652 ut
570 3599 599 3652 in
617 3596 698 3667 uirga
715 3598 741 3652 V
754 3602 787 3651 ut
803 3598 885 3666 uirga
900 3599 984 3651 Baril.
1003 3609 1026 3651 ct
1042 3596 1194 3651 Par.1572
1211 3602 1243 3650 ut
1254 3598 1286 3651 in
1297 3598 1411 3666 uirgae

261 3704 323 3740 curn
342 3684 432 3739 officia
455 3686 481 3740 V
530 3688 562 3739 11
581 3686 695 3739 lectoris
719 3685 767 3737 VR
820 3685 855 3738 ad
882 3686 1060 3739 eclesiamV
1109 3702 1165 3738 non
1181 3712 1216 3721 -
1234 3683 1411 3752 opinandum

260 3778 304 3827 est
322 3790 370 3825 om.
384 3773 410 3825 R
464 3774 496 3825 lit
514 3766 545 3826 di
563 3788 688 3825 sermone
706 3770 739 3825 eu
755 3771 833 3825 exV
883 3772 911 3825 in
930 3772 1087 3825 ueritateR
1105 3773 1135 3825 in
1151 3772 1301 3826 ueritatem
1318 3771 1368 3825 dei
1382 3772 1413 3824 Ε

261 3862 294 3913 14
315 3860 444 3967 0rapimur
470 3879 499 3911 ea
525 3860 697 3927 regimurum
725 3878 757 3911 m.
786 3857 805 3910 2
837 3859 862 3912 V
913 3862 945 3912 16
972 3876 1130 3913 coercemur
1157 3860 1172 3911 h
1226 3861 1259 3912 18
1286 3874 1349 3911 eum
1376 3859 1408 3912 in

260 3981 409 4034 seueritate
435 3980 577 4034 doctrinae
609 3981 635 4034 V
661 3997 724 4034 eum
751 3982 782 4033 in
808 3981 957 4034 seueritate
987 3978 1021 4032 er'r
1048 3977 1074 4045 (e
1101 3999 1131 4033 aa
1148 3977 1174 4044 c)
1204 3980 1348 4033 doctrinae
1380 3980 1409 4033 R

259 4071 294 4123 20
312 4052 548 4137 abydicntibusV
597 4070 629 4121 sl
649 4068 832 4121 insolentibus
851 4086 881 4120 ex
910 4067 1097 4121 insolentibus
1115 4067 1142 4119 R
1204 4082 1272 4119 uero
1300 4083 1350 4119 om.
1383 4065 1412 4119 V

260 4158 293 4209 23
312 4171 346 4209 ex
363 4156 454 4208 ueteri
473 4152 493 4219 (i
506 4171 607 4207 mem.
620 4151 650 4221 2)
669 4156 709 4208 ita
726 4154 751 4208 V
766 4170 801 4207 ex
817 4156 938 4208 ueritate
955 4156 1006 4207 aad.
1020 4155 1047 4206 in
1060 4168 1206 4222 marq..·ex
1222 4152 1406 4207 ueteriitelt

259 4244 293 4295 25
312 4242 408 4310 uirgas
427 4258 456 4293 ar
473 4242 597 4307 uirgatui
616 4240 687 4294 m.2
710 4242 736 4295 V
785 4258 840 4310 quo
858 4258 909 4309 per
932 4241 958 4294 V
1006 4244 1041 4295 26
1059 4242 1147 4294 uitam
1170 4239 1199 4293 V.
