3075 4967
309 258 348 323 32
648 256 766 312 sancti
790 258 926 311 Hilarii
951 258 1116 326 episcopi

307 448 453 529 baptismi
475 468 538 513 una
561 456 615 526 est,
647 450 784 533 undique
807 448 903 513 adse
926 448 1120 513 uenientibus
1143 445 1319 528 apostolice
1341 447 1440 527 pradi-

308 552 437 617 cationis
459 552 576 619 fruetus
599 554 848 631 subministrans,
890 553 960 618 ideo
983 572 1020 618 ex
1043 558 1173 636 utraque
1202 558 1290 632 perte
1318 550 1443 615 fluminis

308 676 370 721 uua
391 658 462 722 uitae
485 657 576 721 arbor
606 658 737 723 adsistit.
783 676 862 721 unus
885 657 970 722 enim
999 676 1099 740 agnus
1129 663 1177 721 est
1210 657 1240 721 in
1271 655 1321 719 dei
1343 655 1443 719 throno

308 761 403 838 uisus,
427 767 457 827 et
479 781 573 826 unum
596 762 720 837 flumen,
743 766 775 827 et
797 762 867 826 nitae
890 762 982 827 arbor
1014 781 1091 825 una:
1126 780 1195 843 quae
1228 759 1334 824 omnia
1365 759 1396 823 iu
1415 780 1445 824 se

268 889 281 929 a
309 864 540 946 conplectuntur
562 867 712 949 mysteria
734 866 963 947 corporationis,
999 864 1153 946 baptismi,
1184 864 1346 945 passionis,
1369 863 1446 929 cuius

310 968 390 1047 folia,
412 970 445 1034 id
468 978 516 1035 est
536 971 764 1053 praedicationis
788 971 892 1049 uerba,
907 968 1047 1035 salutem
1059 970 1204 1054 gentibus
1216 988 1272 1049 per
1284 968 1446 1034 doctrinam

309 1072 421 1156 eloquii
444 1093 505 1138 non
529 1074 699 1139 decidentis
721 1074 901 1156 inpertinnt.

354 1175 404 1241 18.
427 1176 480 1242 111-
497 1180 636 1257 omnia,
660 1179 767 1261 inquit,
792 1197 1051 1262 quaecumque
1075 1177 1211 1258 faciet,
1244 1173 1449 1257 p'rospera-

310 1280 465 1348 buntur.
510 1282 573 1347 iam
608 1303 681 1364 non,
714 1284 794 1349 sicut
825 1285 857 1348 in
882 1283 995 1362 Adam,
1031 1283 1146 1348 donum
1180 1281 1245 1346 eius
1278 1288 1310 1345 et
1342 1286 1450 1345 statuta

257 1410 282 1446 ιο
308 1386 569 1465 perturbabuntur
581 1424 623 1435 -
635 1388 707 1470 quia
722 1386 773 1453 ille
785 1388 958 1453 constitutae
973 1386 1205 1451 inmortalitatis
1228 1385 1448 1450 beatitudinem

309 1496 433 1569 peccato
456 1492 749 1576 transgressaelegis
762 1491 930 1568 amisit-‚
954 1492 1010 1556 sed
1032 1511 1088 1571 per
1110 1490 1355 1571 redemptionem
1378 1487 1450 1569 tigni

309 1594 389 1671 uitae,
413 1594 517 1659 idest
547 1596 704 1661 dominica
733 1598 883 1677 passione,
918 1614 990 1661 cum
1024 1595 1082 1675 ipsi
1118 1592 1204 1679 ligno
1236 1595 1308 1658 uitae
1338 1592 1451 1657 similes

310 1698 433 1777 erimus,
467 1699 537 1776 iam,
572 1700 723 1783 quidquid
757 1700 901 1763 innubis
935 1698 998 1777 fiet,
1032 1705 1183 1763 aeternum
1216 1707 1271 1775 est,
1305 1706 1452 1762 aternum

311 1806 412 1866 autem
440 1822 508 1867 cum
539 1804 738 1868 beatitudinis
768 1824 870 1868 sensu.
921 1804 1185 1884 prosperabuntur
1225 1803 1307 1866 enim
1354 1800 1453 1864 omnia

259 1928 284 1968 15
310 1903 372 1981 ilia,
397 1926 465 1989 quae
487 1906 577 1971 fient:
602 1926 665 1972 non
688 1908 896 1972 demutatione
918 1909 1043 1983 incerta,
1068 1927 1127 1971 non
1150 1907 1305 1970 innatare
1326 1903 1453 1978 infirma,

311 2028 379 2073 curn
421 2010 607 2091 incorruptio
650 2012 877 2092 cormptionem
916 2017 947 2075 et
982 2012 1140 2075 aeternitas
1180 2009 1392 2074 infirmitatem
1424 2013 1452 2070 et

310 2112 411 2178 forma
444 2114 493 2178 dei
527 2114 659 2179 formam
700 2122 830 2181 terrenae
864 2115 966 2179 curnis
1000 2114 1202 2179 absorbuerit.
1258 2112 1330 2177 huic
1364 2112 1453 2195 igitur

311 2216 450 2296 plantato
471 2218 565 2302 ligno,
597 2219 628 2282 in
652 2225 789 2300 tempure
812 2239 867 2284 suo
890 2218 947 2283 hos
968 2219 1085 2284 fructus
1118 2238 1190 2283 suos
1224 2218 1319 2295 danti,
1349 2216 1453 2281 beatus

312 2322 362 2388 ille
384 2323 433 2387 uir
455 2323 516 2387 erit
538 2322 657 2400 similia,
680 2325 747 2405 ipse
771 2343 892 2408 quoque
915 2324 946 2387 in
969 2323 1114 2405 paradiso
1136 2322 1300 2403 plantatus,
1322 2326 1357 2385 ut
1371 2320 1454 2401 pian-

260 2448 285 2487 20
312 2428 385 2491 tatio
408 2428 458 2492 dei
480 2446 540 2490 non
565 2428 752 2494 eradicanda
774 2433 971 2509 permaneat;
995 2428 1026 2491 in
1051 2447 1110 2511 quo
1133 2426 1237 2491 omnia
1262 2425 1354 2489 adeo
1377 2424 1454 2489 facta

311 2551 460 2612 prospere
483 2531 663 2614 dirigentur,
687 2530 771 2596 nulia
794 2534 939 2613 deinceps
962 2532 1171 2597 demutatione
1193 2529 1243 2594 uel
1267 2528 1453 2593 infirmitatis

312 2643 425 2699 nostrae
448 2636 635 2700 eradicanda
657 2636 708 2701 uel
731 2636 887 2716 temporis.

357 2738 407 2803 19.
433 2737 652 2805 Demonstreta
682 2745 784 2805 autem
806 2741 946 2820 perfecte
967 2739 1058 2804 huius
1080 2738 1140 2804 uiri
1172 2737 1363 2804 beatitudine
1386 2754 1454 2801 con·

312 2862 446 2926 sequens
479 2848 552 2921 erat,
587 2863 655 2927 quae
678 2844 790 2924 impios
813 2863 907 2925 poena
928 2848 1078 2917 maneret,
1102 2843 1274 2908 ostendere.
1320 2839 1456 2924 sequitur

261 2968 285 3005 aa
312 2966 460 3031 namque:
495 2966 570 3012 non
594 2948 653 3013 sic
676 2948 802 3029 impii,
825 2968 900 3012 non
920 2950 987 3025 sie,
1007 2948 1294 3030 sedtamquam
1313 2943 1456 3027 puluis,

314 3039 428 3135 qu'em
460 3052 614 3132 proicit
646 3060 791 3117 uentus
824 3074 842 3116 a
876 3052 984 3117 facie
1018 3058 1144 3118 terrae.
1191 3055 1322 3115 nonest
1354 3047 1455 3130 impiis

313 3156 519 3236 conparatiuee
554 3156 643 3221 huius
676 3156 877 3221 beatitudinis
911 3175 983 3235 spes
1017 3154 1134 3230 relicta
1168 3155 1224 3221 sed
1257 3172 1373 3237 uagum
1397 3171 1454 3216 eus.

359 3401 371 3451 1
400 3399 521 3466 undique
545 3415 579 3452 ex
604 3398 790 3452 saeuientibua
824 3400 849 3451 V
915 3400 932 3450 2
958 3398 1156 3505 slpbminiatros
1190 3399 1214 3450 V
1280 3400 1298 3451 3
1324 3397 1406 3451 arbos
1439 3395 1460 3447 1’

314 3537 401 3588 ugnus
429 3538 459 3573 aa
484 3536 602 3588 magnus
635 3538 667 3572 m.
701 3520 721 3571 ί)
753 3521 779 3573 V
839 3520 868 3572 iu
897 3520 928 3573 di
952 3525 1045 3573 trono
1079 3521 1104 3573 V
1134 3519 1164 3573 in
1191 3520 1221 3573 di
1249 3518 1351 3572 trhouo
1378 3518 1405 3570 R
1430 3516 1457 3568 in

314 3606 414 3660 throno
441 3606 487 3659 dei
514 3608 542 3658 E
615 3609 632 3660 8
658 3607 750 3675 inquit
778 3624 808 3660 ex
833 3607 931 3675 inquid
958 3609 984 3659 R
1020 3603 1282 3676 'prosperabuntur
1315 3606 1363 3657 VR
1390 3606 1457 3659 1)θιιθ

314 3693 470 3761 dirigentur
498 3694 526 3745 Ε
586 3696 618 3746 10
645 3694 845 3761 perturbantur
872 3696 915 3746 Ru
985 3694 1051 3748 illae
1079 3696 1104 3747 Ii
1174 3696 1206 3746 11
1234 3697 1411 3761 trangressus
1436 3690 1458 3742 11

315 3782 348 3835 13
367 3780 498 3848 quicquid
517 3781 543 3833 R
595 3778 753 3834 aeternfieat
772 3783 797 3833 R
851 3784 884 3835 14
913 3782 1151 3849 prosperabuntur
1178 3780 1252 3833 enim
1278 3780 1344 3832 Vlia
1396 3793 1458 3846 pro·

315 3883 395 3935 apere
421 3866 578 3934 dirigentur
604 3871 728 3920 autema
800 3870 832 3921 15
858 3884 914 3920 non
940 3868 971 3921 in
997 3873 1097 3921 natura
1124 3864 1164 3932 (in
1190 3886 1248 3935 sup.
1273 3864 1329 3930 lin.)
1361 3866 1385 3917 V
1406 3880 1458 3917 non

315 3954 471 4006 naturalis
523 3952 633 4007 infirma
652 3972 681 4007 ex
699 3952 803 4007 infirmi
821 3956 847 4007 It
918 3957 950 4008 16
974 3954 1146 4023 incorruptio
1171 3973 1201 4007 er
1224 3951 1418 4020 incorruption
1439 3948 1461 3998 V

317 4077 349 4128 17
361 4034 774 4144 absort⁸eritnahs0rpserian
827 4079 860 4131 18
873 4077 956 4130 dante
972 4078 1019 4129 VR
1073 4075 1256 4129 reuiromdt
1299 4076 1331 4127 21
1343 4072 1459 4127 nullasu

315 4161 391 4215 ualle
408 4162 480 4213 m?
505 4163 528 4215 V
582 4165 616 4217 22
631 4172 690 4232 post
708 4163 842 4231 temporis
867 4164 892 4216 V
906 4166 966 4217 add.
985 4164 1193 4217 demonstratur
1263 4163 1298 4215 24
1316 4176 1387 4229 quae
1405 4177 1458 4229 sup.

316 4248 507 4302 liu.um.2V
547 4250 706 4303 ostenderet
722 4250 746 4301 1’
795 4252 829 4305 25
842 4250 912 4319 inpii
936 4252 961 4303 V
1010 4252 1159 4319 arnugum
1172 4266 1202 4303 os
1216 4249 1343 4302 Ear‘ar.
1359 4247 1456 4299 15721.
