3075 4967
393 268 574 319 tractatus
592 264 628 316 in
646 263 819 331 psalmum
838 260 958 315 CXVIII.
1183 260 1246 325 471

117 452 169 519 lert
181 474 237 519 nos
252 454 285 518 in
301 472 422 518 omnem
439 452 603 518 criminum
620 472 755 531 cursum,
779 459 810 519 et
824 450 1031 518 humansrum
1045 451 1248 536 cupiditatum

115 558 226 639 inpetus
259 559 291 621 in
326 556 407 624 hene
439 577 496 623 nos
529 558 610 622 uiam
644 558 736 643 cogit.
781 558 836 623 sod
867 556 919 641 qui
941 576 1036 636 super
1058 558 1196 621 seniores
1219 562 1250 621 et

116 662 250 728 docentes
273 661 434 747 intellegit,
468 680 525 746 per
546 660 765 745 intellegentis
789 661 961 727 doctrinam
983 681 1016 726 se
1039 659 1196 741 prohibuit
1218 669 1250 725 et

115 774 266 832 exeuntem
290 773 583 849 procurrentemque
605 765 774 832 reuocauit.
818 765 1028 831 resistendum
1051 784 1126 849 ergo
1149 770 1250 829 estet

115 870 316 949 obnitendum,
339 878 373 937 nt
388 870 593 951 nosmetipsos
609 871 647 935 ab
664 871 747 935 omni
763 869 815 935 uia
828 868 912 935 mels
926 868 1060 949 primum
1076 888 1248 945 arceamus,
1289 894 1303 934 s

115 982 173 1039 tum
196 975 318 1053 deinde,
343 976 368 1040 si
392 976 446 1059 qui
468 994 525 1040 nos
546 974 709 1040 instinctus
725 994 761 1039 eo
776 974 905 1058 coeperit
925 972 1016 1049 ferre,
1040 971 1249 1038 retrahamus:

115 1090 141 1143 et
160 1079 244 1162 prius
268 1084 437 1144 nostramet
462 1077 521 1160 ipsi
545 1084 696 1161 potestate
720 1097 829 1143 sumus
851 1076 1022 1153 inhibendi,
1044 1084 1080 1141 ut
1103 1077 1249 1160 deinceps

114 1184 317 1263 custodiamus
340 1184 389 1248 dei
411 1184 552 1249 uerbum.
598 1190 690 1249 antes
711 1190 815 1249 eutem
837 1180 962 1266 propria
975 1180 1158 1246 inhibitione
1173 1201 1251 1264 opus

115 1298 163 1365 est,
185 1296 219 1353 ut
240 1288 338 1368 possit
360 1286 411 1353 dei
441 1287 528 1353 uerbi
551 1307 620 1353 esse
644 1286 793 1354 custodis.
838 1304 940 1370 neque
969 1283 1052 1351 enim
1082 1286 1250 1369 quisquam

114 1392 237 1456 uerbum
260 1399 331 1457 onte
355 1392 513 1468 custodiet,
536 1398 567 1457 et
589 1400 654 1457 tum
677 1389 842 1475 prohibere
866 1410 901 1456 se
923 1389 1040 1471 poterit
1084 1388 1251 1474 prohibitio
1278 1419 1303 1455 ιθ

114 1496 191 1560 enim
213 1515 252 1561 es
274 1496 402 1561 demum
424 1502 478 1574 est,
501 1502 534 1560 ut
555 1496 596 1574 id,
613 1496 696 1579 quod
718 1496 822 1573 fiebat,
844 1495 914 1559 fieri
933 1500 1090 1572 arceatur;
1114 1492 1253 1558 custodia

113 1620 181 1666 uero
205 1607 270 1664 tum
292 1598 384 1664 firme
407 1606 461 1677 est,
485 1618 557 1665 cum
581 1620 615 1665 se
639 1600 709 1683 quis
732 1620 750 1663 e
773 1597 865 1664 molis
886 1597 1033 1663 inhibens
1051 1599 1132 1662 boue
1146 1597 1252 1663 obser-

114 1716 161 1768 uet
182 1705 250 1770 sine
272 1703 500 1769 intermissione
523 1704 679 1769 custodiae.

153 1808 179 1873 9.
203 1807 312 1890 Qualis
346 1814 449 1873 eutem
483 1808 622 1874 custodis
654 1808 742 1873 uerbi
777 1808 826 1873 dei
860 1827 929 1873 osse
963 1807 1081 1883 debeat,
1119 1824 1252 1890 sequens

114 1932 218 1978 uersus
241 1913 338 1977 docet.
384 1912 525 1996 sequitur
548 1914 647 1977 enim:
671 1932 689 1977 e
711 1911 883 1978 iudiciis
913 1911 995 1977 tuis
1020 1929 1104 1976 non
1128 1908 1253 1975 decli·
1281 1938 1306 1974 ιθ

114 2018 219 2082 neui:
255 2017 348 2099 quis
381 2022 419 2081 tu
453 2014 583 2101 legem
617 2016 797 2097 posuisti
831 2015 939 2081 mihi.
984 2014 1053 2081 haec
1082 2021 1129 2080 est
1159 2014 1254 2099 igitur

114 2140 183 2185 uera
215 2121 364 2203 custodie,
399 2119 514 2185 nullam
548 2121 581 2185 in
615 2128 736 2202 partem
759 2140 778 2185 e
800 2120 850 2185 dei
881 2140 915 2186 se
943 2119 1065 2185 iudiciis
1088 2118 1253 2184 deflectere

115 2244 212 2308 neque
242 2225 302 2289 leui
326 2224 428 2291 soltim
453 2225 609 2291 declinare
639 2227 779 2302 decessu,
811 2225 867 2289 sed
896 2224 1046 2290 intentum
1077 2243 1201 2304 semper
1223 2228 1254 2287 et

116 2348 234 2413 semper
256 2328 436 2394 inmobilem
459 2328 492 2393 in
516 2348 562 2411 eo,
585 2329 618 2394 in
642 2348 703 2413 quo
726 2329 845 2408 institit,
866 2347 1060 2409 permanere.

98 2423 99 2431 '
158 2434 204 2498 10.
226 2432 298 2499 Non
333 2432 466 2499 declinet
500 2440 612 2511 eutem,
651 2434 724 2518 quie
760 2432 865 2517 legem
903 2432 963 2497 sibi
997 2432 1074 2497 deus
1104 2430 1254 2497 statuerit.
1282 2453 1308 2491 n

116 2533 215 2619 legem
248 2537 373 2620 quidem
397 2537 525 2621 Moyses
559 2544 723 2616 statueret3
758 2538 815 2603 sed
849 2536 900 2602 hie
933 2536 1017 2601 idem
1050 2533 1202 2616 prophete
1223 2534 1256 2599 in

117 2640 231 2723 psalmo
254 2641 349 2707 altero
373 2650 515 2707 orauerst
538 2642 662 2707 dicens:
694 2642 861 2719 domine,
896 2640 1104 2705 constitue
1134 2638 1256 2723 legis-

118 2743 519 2827 latoremsupereos:
544 2743 1258 2830 scientgentes,quoniamhominos

119 2856 214 2914 sunt
258 2872 295 2916 ea
318 2851 401 2915 enim
424 2849 482 2927 lex,
506 2870 600 2934 quem
623 2850 750 2935 Moyses
774 2850 948 2930 scripserat,
971 2848 1148 2932 paedsgoga
1166 2848 1257 2913 nobis

118 2953 148 3016 in
171 2952 291 3020 Christo
314 2954 386 3019 suit:
421 2954 589 3020 etidcirco
612 2974 704 3035 super
729 2955 875 3020 docentes
897 2972 931 3019 ss
954 2959 985 3018 et
1006 2952 1145 3019 seniores
1167 2951 1255 3017 intel·
1284 2972 1310 3011 rs

121 3054 197 3139 legit,
231 3059 304 3142 quis
336 3057 439 3143 legem
474 3058 696 3143 euangelimm,
730 3078 799 3142 quae
833 3057 936 3142 Moysi
970 3056 1040 3142 loge
1074 3056 1256 3134 continetur,

121 3160 270 3247 intellegit.
316 3161 384 3228 haec
423 3183 498 3248 ergo
536 3183 592 3244 per
628 3162 791 3227 dominum
828 3169 968 3227 nostrum
1006 3160 1068 3227 lato
1100 3166 1154 3237 est,
1188 3159 1257 3225 haec

123 3284 237 3331 omnem
259 3266 420 3333 hominem
443 3267 476 3332 in
500 3267 662 3333 scientiam
687 3266 737 3331 dei
759 3266 902 3332 erudiuit.
948 3271 979 3330 et
1006 3264 1122 3329 idcirco
1152 3264 1257 3342 adid,

162 3398 193 3449 22
208 3397 249 3452 Ps.
267 3399 314 3466 lx,
333 3400 375 3451 21.

165 3517 177 3566 1
194 3514 303 3570 serimus
322 3516 351 3569 in
363 3516 386 3568 o
400 3516 491 3569 serrae
509 3516 538 3569 rn
554 3480 581 3585 p
592 3514 708 3568 ferimur
726 3515 783 3567 sno
835 3516 852 3567 a
870 3513 921 3567 uae
936 3512 971 3566 νι
1023 3512 1261 3580 rprouoeauitV

126 3604 152 3651 et
168 3602 314 3669 optinendd
334 3604 401 3656 Cet
418 3602 606 3672 othnendhp
659 3602 717 3656 6θὶ
736 3602 799 3670 quis
822 3601 869 3654 VO
884 3600 908 3654 si
932 3615 1022 3686 qugp
1073 3598 1207 3653 instinctu
1226 3616 1258 3653 so

129 3701 292 3761 Viustinctu
320 3722 371 3761 suo
401 3706 439 3777 Cp
492 3705 648 3786 trahamuss
677 3704 702 3759 V
752 3703 893 3759 rnosrat
918 3704 943 3758 R
995 3706 1062 3758 but
1087 3706 1151 3772 post
1177 3702 1262 3757 sitV

126 3798 152 3857 di
168 3810 278 3863 uerbum
302 3810 327 3863 V
377 3810 559 3879 nequeenim
577 3836 611 3846 -
630 3808 769 3863 custodiet
794 3810 822 3860 in
849 3824 931 3877 merp.
959 3804 1036 3870 infer.
1063 3808 1123 3859 edd.
1141 3804 1213 3859 m.2
1237 3807 1261 3861 V

128 3894 157 3946 10
172 3896 308 3962 prohiberi
338 3914 367 3951 se
403 3897 425 3951 V
485 3898 518 3951 12
535 3897 666 3950 obseruat
697 3896 725 3948 E
786 3897 819 3947 14
837 3899 930 3947 autern
960 3910 1009 3948 om.
1042 3894 1065 3947 0
1119 3894 1207 3947 uerbu
1239 3893 1262 3946 0

129 3980 157 4031 15
172 3984 289 4050 sequitur
315 4002 373 4054 sup.
402 3984 445 4037 lin.
465 4002 481 4037 α
500 4002 532 4035 m.
560 3982 577 4035 1
602 3982 626 4035 V
678 3984 711 4035 18
729 3980 827 4035 saltem
856 3980 924 4050 (pli
974 3983 1002 4034 et
1028 3994 1137 4048 semper
1164 3997 1212 4033 om.
1237 3979 1262 4032 V

129 4065 158 4119 20
173 4069 222 4123 sibi
246 4070 374 4125 dominus
389 4072 426 4142 pb
479 4068 605 4125 elidem
635 4087 664 4123 ex
691 4068 787 4122 eadem
814 4085 846 4120 m.
874 4065 895 4120 2
917 4066 943 4119 V
991 4067 1027 4119 24
1043 4065 1188 4135 pedagoga
1210 4066 1259 4120 VR

130 4151 159 4203 25
174 4154 306 4212 intellexit
325 4158 390 4226 quie
414 4156 505 4228 VCpE
555 4158 726 4211 arnonem
745 4173 794 4208 om.
811 4154 836 4207 V
886 4155 921 4207 28
938 4153 969 4207 in
987 4171 1035 4207 orn.
1061 4154 1085 4206 V
1134 4152 1169 4207 ad
1186 4172 1258 4224 supr.

131 4252 217 4296 etum.
237 4244 301 4297 112.
