3075 4967
384 279 565 328 tractatus
584 274 618 325 in
637 275 808 341 psalmum
827 273 949 327 cxuul.
1177 275 1241 339 815

88 466 138 529 sit
188 486 226 530 ex
249 463 424 549 quostiam
448 462 560 547 psalmi
591 463 851 543 superscriptione
883 470 1080 539 monstratur,
1114 466 1147 529 in
1170 485 1240 531 enm

88 570 264 645 hominem,
299 588 389 652 quem
425 568 570 635 dominus
603 567 776 648 adsumpsit
808 568 839 632 in
871 588 907 633 eo
936 587 1069 634 nascens
1092 577 1123 634 et
1147 587 1240 653 quem

87 674 195 740 Dauid
226 674 398 754 saepissime
431 672 583 737 nominari
614 672 784 749 docuimus,
819 670 972 754 psalmum
1005 671 1091 737 hunc
1113 674 1242 754 spiritus

86 779 207 844 uirtute
231 776 390 859 prophetae
414 796 467 842 ore
490 786 656 842 cantatum.

134 883 167 947 3.
193 883 444 948 Benedictus
482 881 669 946 dominus
707 882 805 945 deus
845 900 972 958 meus,
1017 881 1085 965 qui
1123 883 1241 949 docet
1282 912 1295 947 ι

88 1008 235 1053 manus
259 1007 367 1051 meas
390 987 429 1051 in
454 985 605 1063 bellum
628 992 667 1049 et
689 984 848 1069 digitos
867 986 1031 1051 meosin
1048 985 1242 1065 prelium.

87 1092 116 1157 si
140 1091 182 1155 ob
214 1090 246 1157 id
270 1090 466 1176 gratulationi
500 1088 654 1155 interlecti
690 1088 788 1155 Golia
823 1090 987 1170 deputatur
1020 1088 1072 1155 hic
1094 1089 1242 1171 psalmus,

88 1196 168 1279 quie
203 1196 321 1261 dictum
357 1206 418 1261 cst:
454 1194 521 1278 qui
555 1194 673 1259 docet
707 1213 847 1259 manus
881 1214 992 1259 meas
1022 1196 1059 1258 in
1084 1193 1242 1271 bellum,

86 1299 247 1383 accipiant
268 1299 446 1380 exemplum
470 1318 608 1379 personae
631 1296 691 1364 hoc
707 1298 808 1378 potius
824 1297 941 1363 domini
956 1298 1131 1364 conuenire.
1169 1320 1241 1363 nam

87 1404 121 1467 in
148 1402 281 1485 septimo
305 1404 424 1469 decimo
440 1402 567 1483 psalmo,
591 1402 643 1485 qui
659 1408 740 1467 totus
756 1421 795 1467 ex
809 1422 941 1482 persona
957 1402 1074 1467 domini
1090 1403 1240 1481 consistit,
1269 1428 1294 1464 ιο

89 1508 124 1571 id
148 1508 254 1588 ipsum
277 1508 394 1574 dictum
417 1508 460 1572 ita
483 1506 700 1571 meminimus:
736 1506 803 1590 qui
826 1509 949 1573 doces
972 1526 1111 1572 manus
1134 1526 1242 1572 meas

88 1612 129 1675 in
155 1610 344 1691 proelium
379 1618 416 1676 et
450 1611 628 1691 posuisti
658 1616 699 1675 ut
729 1630 864 1675 eroum
897 1631 1041 1675 eorsum
1073 1610 1243 1677 brechia

90 1735 188 1780 mea.
233 1718 317 1798 quod
339 1720 442 1781 autem
466 1714 542 1780 nihil
564 1716 597 1779 in
620 1713 706 1779 illum
731 1714 832 1779 Dauid
854 1715 965 1779 referri
986 1716 1084 1796 possit
1105 1716 1136 1780 in
1160 1716 1242 1780 omni

89 1819 225 1901 psalmo,
260 1820 394 1884 maxime
429 1818 478 1884 his
512 1818 602 1885 dictis
637 1820 780 1884 docetur:
818 1818 980 1884 audiuit
1013 1820 1059 1883 de
1093 1818 1242 1900 templo

89 1930 238 1989 sancto
272 1943 341 1989 sno
374 1942 511 1989 uocem
547 1942 668 1989 meam
693 1930 732 1988 et
755 1921 907 1988 clamor
940 1942 1050 1988 mens
1083 1924 1123 1987 in
1154 1942 1241 1989 con·
1270 1943 1294 1980 ιι

89 2034 238 2109 spectu
273 2028 359 2093 eins
393 2029 587 2093 introiuit
619 2027 657 2091 in
692 2047 810 2092 aures
841 2027 940 2091 eins.
985 2034 1243 2093 etcommota

89 2140 153 2197 est
188 2137 228 2197 et
262 2132 510 2198 contremuit
545 2142 657 2198 terra
688 2144 725 2195 et
758 2130 1243 2197 fundame'ntamontium

89 2237 341 2302 conturbata
375 2243 475 2302 sunt.
522 2244 553 2303 et
589 2235 679 2301 illud:
718 2234 1008 2317 clamauerunt,
1042 2255 1113 2301 nec
1147 2244 1244 2324 erat,

89 2340 161 2425 qui
187 2340 324 2406 saluos
348 2341 516 2417 faceret
540 2341 587 2406 ed
611 2340 908 2417 domiuum‚nec
932 2340 1143 2405 exaudinit
1165 2360 1243 2405 eos.

89 2452 129 2511 et
154 2446 419 2510 comminuam
443 2444 539 2511 illos
562 2451 602 2510 ut
620 2443 1241 2525 pulueremeutesaciemuenti
1269 2462 1293 2498 2⁰

90 2556 133 2614 ut
168 2548 297 2614 lutum
330 2548 558 2631 platearum
592 2549 737 2615 delebo
773 2547 879 2613 ilios.
925 2548 1079 2630 eripies
1114 2570 1172 2615 me
1195 2552 1242 2615 de

89 2652 503 2719 contradictionibus
527 2652 677 2735 populi,
700 2654 932 2719 constitues
962 2673 1021 2717 me
1051 2654 1088 2717 in
1121 2659 1242 2734 caput

89 2757 288 2841 gentium.
312 2758 494 2839 populus,
511 2777 718 2841 quemnon
742 2757 1242 2841 cognouiscruiuitruihi,

89 2860 239 2927 auditu
261 2863 372 2927 auris
399 2862 616 2927 obaudiuit
637 2861 747 2927 mihi.
794 2861 886 2927 rebus
909 2862 985 2943 ipsis
1007 2862 1114 2943 inepta
1137 2882 1241 2927 eornm

89 2964 306 3049 intellegentia
340 2965 526 3051 coarguitur,
565 2966 615 3050 qui
651 2964 717 3032 haec
750 2965 852 3031 Dauid
886 2968 924 3031 de
952 2982 991 3031 'se
1024 2966 1091 3050 ipso
1126 2966 1241 3033 dixisse
1270 2980 1294 3015 ²⁶

90 3070 300 3135 contendunt:
331 3090 402 3135 cunr
433 3072 537 3137 omnia
567 3070 599 3135 in
628 3090 697 3135 enm
723 3070 891 3150 hominem,
923 3091 1015 3155 quem
1046 3070 1187 3136 dominus
1210 3070 1242 3135 in

90 3194 128 3238 eo
164 3180 258 3238 natus
292 3176 472 3257 adsumpsit,
507 3176 678 3240 secundnm
713 3174 883 3255 spiritalem
917 3176 1068 3240 rationem
1099 3183 1130 3241 et
1151 3179 1242 3258 geste

90 3277 290 3343 conueniant.

137 3472 170 3523 ιι
191 3468 234 3522 rs.
252 3469 337 3536 xvir,
355 3472 397 3525 aa.
435 3471 469 3525 rs
486 3470 556 3525 rnre.
575 3472 599 3538 r,
617 3471 641 3523 s.
680 3472 713 3525 ro
730 3470 800 3524 ruso.
819 3470 855 3522 ra
873 3486 913 3537 sq.

138 3644 150 3695 l
174 3658 209 3696 ex
233 3659 287 3710 quo
315 3641 360 3707 (=
381 3641 453 3709 inde)
483 3642 535 3696 GR
562 3659 596 3696 ex
623 3660 677 3710 qua
696 3643 724 3695 E
775 3643 862 3696 2dds
883 3643 925 3694 ua
949 3641 1028 3695 dsG
1080 3643 1099 3694 4
1115 3642 1241 3711 profetas

92 3746 144 3783 ore
165 3730 191 3781 G
209 3734 237 3783 st
255 3728 406 3799 prophetae
431 3746 479 3784 ore
498 3730 538 3782 er
557 3735 586 3783 et
603 3746 683 3783 orec
736 3732 799 3784 det
818 3730 921 3797 digitos
939 3756 972 3766 -
991 3728 1129 3797 proelium
1147 3746 1196 3781 om.
1217 3729 1242 3780 G

92 3820 264 3885 9persnnae
290 3816 343 3870 hoc
373 3816 446 3869 GRa
472 3815 524 3870 hoc
551 3833 716 3887 personnae
780 3819 811 3870 ll
836 3816 865 3870 id
892 3816 983 3885 ipsum
1012 3816 1037 3869 G
1061 3816 1090 3869 id
1117 3814 1199 3884 ipsud
1217 3816 1243 3867 R

94 3906 129 3958 12
146 3904 177 3955 in
204 3903 357 3971 proelioG
384 3904 419 3973 cs.
439 3904 520 3957 Aond.
545 3922 573 3975 p.
593 3902 631 3957 24
686 3908 718 3959 l‘d
736 3904 765 3957 in
793 3904 869 3957 omni
896 3903 1002 3972 psalmo
1028 3902 1148 3956 maxime
1169 3902 1194 3954 G
1213 3902 1241 3954 in

92 3990 171 4044 omni
200 3990 312 4057 quidem
338 3990 445 4060 psslmo
472 3990 520 4045 sed
546 3991 667 4045 maxims
685 3992 740 4044 RE
792 3993 827 4043 20
844 3996 876 4045 ut
899 3990 1044 4061 puluerem
1065 3989 1125 4058 GE,
1149 4006 1197 4041 om.
1217 3988 1243 4041 R

92 4080 125 4131 21
153 4076 217 4130 illos
238 4077 263 4129 G
281 4075 330 4146 (cs.
346 4097 375 4149 p.
392 4075 439 4145 33,
459 4076 488 4143 7)
507 4095 553 4132 eos
572 4079 626 4131 RE
685 4078 786 4147 eripies
806 4077 862 4131 GE
877 4078 955 4146 eripe
973 4077 999 4130 R
1051 4078 1085 4129 22
1104 4076 1134 4129 in
1151 4076 1242 4145 capud

94 4164 149 4217 GR
201 4165 237 4216 24
254 4164 351 4219 auditu
372 4164 397 4217 G
422 4163 471 4233 (qs.
491 4165 610 4219 &mua
628 4166 666 4231 II,
684 4163 735 4232 37)
764 4165 799 4219 sd
826 4165 952 4219 auditum
971 4164 1026 4217 RE
1075 4162 1171 4231 inepta
1189 4164 1244 4216 RE

93 4251 122 4304 in
141 4250 279 4319 primaG
331 4252 366 4305 25
384 4252 449 4320 quis
467 4251 535 4305 haec
554 4252 587 4305 It
