3075 4967
295 269 337 336 98
638 265 755 318 suncti
780 263 917 317 Hilarii
941 259 1106 332 episcopi

339 459 367 524 3.
390 455 582 533 Abimelech‚
613 454 865 534 interpretatione
896 455 991 531 uerbi,
1030 456 1178 522 fratris
1217 458 1292 525 mei
1322 458 1429 537 impe·

294 564 395 628 rium
418 559 581 645 significat.
628 557 710 642 quod
744 557 830 622 enim
860 558 1020 624 nobiscum
1050 559 1155 626 fratris
1185 561 1246 627 mei
1276 561 1429 646 imperium

295 667 435 742 dicimus,
459 663 490 728 id
514 663 638 728 Hebraei
661 660 846 728 Abimelech
870 669 1056 744 nuncupant.
1080 684 1150 729 eum
1175 686 1251 750 ergo
1267 663 1349 730 Sauli
1362 666 1429 728 diui·

294 777 358 836 tur:
388 768 499 834 uenit
541 766 667 832 Dauid
696 765 734 831 in
774 767 928 830 domum
959 767 1210 846 Abimcleon‚
1241 767 1284 833 ilii
1314 770 1429 833 inimico

255 905 268 942 s
295 871 398 938 Dauid
434 871 597 948 nuntiatur,
635 871 717 954 quod
752 869 879 934 domum
909 870 1077 954 ingressus·
1101 870 1142 936 sit
1171 871 1275 937 sustris
1302 873 1429 954 imperii.

295 976 403 1042 domus
448 981 552 1039 eutem
597 973 719 1056 imperii
766 972 871 1038 stains
915 994 983 1056 quae
1028 973 1085 1050 sit,
1130 973 1240 1040 Petrus
1282 975 1430 1056 spostolus

295 1079 386 1144 docet
429 1079 552 1144 dicens:
605 1083 641 1142 ct
687 1096 767 1144 uos.
802 1077 919 1161 quasi
965 1076 1128 1158 lapides
1178 1079 1263 1144 uiui
1314 1080 1430 1145 aediii·

294 1181 442 1250 cumini
488 1182 625 1246 domus
671 1180 882 1261 spiritalis
920 1182 965 1244 ed
1011 1182 1286 1247 sacerdotium
1331 1203 1431 1248 sunc-

295 1293 382 1352 tum.
435 1291 466 1352 et
503 1284 599 1350 inira:
636 1305 706 1350 uos
743 1291 875 1351 eutem
914 1305 1041 1369 genus
1078 1284 1262 1352 eloctum.
1300 1287 1430 1372 regale

244 1424 267 1459 ιο
295 1387 1430 1474 sacerdotium,gennesansturnplebsadpossidendum.

294 1495 327 1559 in
349 1493 431 1559 hunc
460 1493 555 1578 igitur
585 1491 753 1574 spiritalem
785 1494 911 1558 domum
941 1492 1118 1562 aedificandi
1148 1495 1180 1559 in
1213 1494 1320 1580 regule
1342 1515 1430 1580 genus

295 1617 410 1677 sumus,
434 1599 460 1663 si
483 1617 540 1679 per
561 1597 732 1678 spiritalem
755 1617 916 1678 corporum
941 1597 1177 1663 edificationem
1193 1599 1365 1664 conformes
1380 1601 1430 1665 duo

295 1701 367 1768 secti
398 1721 496 1787 genus
526 1700 633 1783 perfici
664 1700 769 1785 regnis
798 1721 982 1766 mercamur.
1036 1701 1116 1766 hunc
1149 1723 1224 1787 ergo
1255 1703 1429 1768 Abimelerir

295 1806 428 1884 domum,
451 1807 482 1870 id
507 1811 555 1871 est
573 1807 699 1871 domum
723 1805 851 1870 fraterni
867 1806 966 1889 regui,
985 1806 1084 1871 Dauid
1107 1806 1159 1872 ille
1182 1827 1283 1885 uerus,
1307 1817 1431 1881 sanctus,

243 1942 268 1982 1⁶
294 1931 357 1986 ror,
380 1910 487 1987 iustus,
511 1909 614 1974 oriens
637 1909 798 1994 ingressus
822 1917 887 1987 est3
918 1909 1017 1975 incius
1041 1909 1161 1976 scilicet
1183 1911 1280 1975 nostri
1304 1911 1431 1992 corporis

296 2015 397 2081 homo.
442 2033 511 2098 quoe
535 2015 645 2080 domus
669 2014 839 2078 fraternum
864 2014 891 2079 ei
915 2034 1047 2098 regnum
1072 2021 1128 2091 esi,
1151 2015 1224 2097 quis
1246 2015 1278 2079 in
1302 2015 1431 2080 eiusdem

295 2120 431 2200 corporis
456 2117 555 2203 glorio
577 2117 749 2184 coheredes
773 2137 879 2182 sumus
902 2119 992 2201 regni
1016 2118 1090 2196 eius,
1114 2118 1181 2198 ipso
1212 2118 1351 2185 dicento:
1379 2139 1431 2184 ue·

295 2223 389 2301 nito,
412 2222 626 2288 benedieti
649 2222 784 2302 putris
806 2221 892 2298 mei,
922 2222 1139 2302 possidete
1169 2230 1430 2302 praepnrutum

295 2326 408 2392 uobis
446 2345 615 2410 rognum
647 2346 665 2389 s
695 2325 998 2390 constitutione
1033 2326 1178 2390 mundi.
1224 2328 1306 2410 quod
1337 2334 1431 2392 autem

243 2461 268 2498 so
295 2429 406 2496 irsirm
430 2431 495 2495 cius
518 2429 589 2520 sint,
613 2449 742 2514 quorum
767 2429 893 2494 domum
917 2429 1038 2512 regium
1061 2428 1156 2493 fuerit
1185 2430 1355 2513 ingressus
1384 2450 1433 2511 per

295 2532 480 2614 prophetem
506 2539 636 2600 testatur
658 2534 688 2597 in
713 2533 833 2613 psalmo
856 2533 979 2598 dicens:
1013 2533 1266 2598 adnunciabo
1299 2553 1433 2600 nomon

296 2637 631 2704 tuumfrutribus
654 2638 763 2712 meis,
787 2637 826 2701 in
849 2638 983 2702 medio
1004 2636 1433 2704 ecclesioluudubote.

294 2761 443 2808 mucosus
472 2761 548 2824 orgo
577 2741 750 2806 secundum
787 2739 1020 2822 procedentem
1056 2741 1212 2822 psalmum
1243 2749 1432 2822 peccatorum

294 2845 478 2912 remissione
503 2844 635 2910 uerbum
663 2863 736 2910 coro
760 2845 876 2908 factum
910 2843 1029 2909 habitat.
1059 2844 1091 2909 in
1121 2845 1218 2923 nobis,
1249 2848 1302 2930 qui
1325 2853 1356 2912 et
1376 2846 1434 2909 iru-

243 2981 268 3020 ss
295 2955 359 3014 tres
382 2957 414 3014 ct
437 2950 547 3014 domus
570 2948 716 3029 spiritalis
739 2955 773 3015 ot
795 2948 902 3032 regale
924 2969 1024 3032 genus
1048 2969 1166 3014 sumus.

339 3123 477 3177 71Pstr.
496 3125 520 3189 2,
538 3125 563 3176 5.
598 3123 702 3178 ulbid.
721 3126 745 3177 9.
785 3122 1098 3190 unicissimum.
1135 3125 1168 3177 21
1187 3124 1229 3176 Ps.
1249 3125 1320 3191 xxl,
1338 3125 1378 3176 23.

340 3385 350 3436 1
381 3382 629 3452 misrprsstoiions
655 3382 701 3436 VR
754 3385 772 3434 3
797 3382 892 3437 hebrei
925 3384 972 3436 VR
998 3383 1129 3438 hecbroei
1147 3383 1198 3490 P¹
1223 3389 1430 3452 nuncupantes

294 3507 492 3574 nuncupationi
503 3501 537 3558 V¹
581 3505 598 3556 5
610 3503 745 3558 iratriszz
755 3524 790 3554 Ξ
802 3504 912 3574 imperii
922 3505 948 3557 R
960 3504 1054 3558 fratris
1067 3504 1220 3584 imperium
1236 3505 1261 3554 1²
1302 3509 1394 3572 oquae
1405 3521 1432 3556 a

295 3609 348 3660 que
383 3609 450 3645 corr.
477 3609 502 3644 m
530 3589 550 3642 2
582 3591 606 3642 V
667 3593 684 3646 Β
711 3589 807 3644 domos
838 3591 978 3659 spiritales
1005 3591 1032 3644 R
1061 3591 1090 3645 in
1124 3574 1219 3644 domos
1255 3591 1390 3660 spiritales
1420 3607 1431 3640 e
1510 3580 1511 3591 ¹

294 3681 311 3734 9
329 3679 449 3734 electum
467 3695 516 3732 om.
540 3677 566 3730 V
574 3677 690 3740 forsitan
703 3679 902 3732 insumimus
917 3678 1069 3730 uocabulum
1080 3680 1104 3731 h.
1117 3681 1134 3733 l.
1147 3681 1230 3749 pssum
1246 3680 1299 3730 ium
1309 3679 1430 3731 Hilarium

293 3765 392 3836 fupisse
409 3784 440 3818 er
456 3767 496 3828 iis,
513 3782 577 3834 quoe
594 3775 721 3829 securiter,
740 3766 784 3818 obi
800 3766 936 3818 identidem
948 3765 1043 3833 regule
1059 3781 1147 3834 genus
1160 3767 1316 3831 nominatio,
1328 3767 1432 3818 conium

292 3854 383 3926 possis.
438 3854 471 3905 12
495 3870 513 3922 p
541 3870 614 3922 supr.
640 3869 688 3905 sur.
709 3853 734 3905 R
786 3868 934 3920 corporum
958 3870 1007 3905 om.
1036 3852 1062 3904 R
1078 3855 1125 3905 sed
1148 3852 1165 3904 i
1190 3854 1237 3906 liu.
1255 3870 1322 3907 eros.
1373 3867 1430 3904 con·
1509 3912 1510 3929 ἦ

294 3927 395 3993 formes
414 3939 502 3994 adop
555 3941 587 3993 13
605 3955 745 3993 meremur
762 3939 788 3992 V
837 3941 870 3993 16
885 3950 944 4010 pos!
962 3941 1103 4008 ingressus
1121 3944 1164 3992 set
1180 3937 1254 3992 3-4
1273 3941 1319 3992 rut.
1336 3936 1430 3992 crusii
1509 3940 1510 3991 i

294 4025 384 4078 nostri
402 4027 510 4093 corpori
531 4025 555 4074 R
608 4027 641 4080 16
658 4025 716 4079 suni
734 4025 789 4078 mei
807 4042 922 4094 regnum
943 4030 987 4079 est
1002 4026 1028 4078 R
1046 4024 1198 4079 fraternum
1218 4043 1332 4095 regnum
1354 4032 1392 4078 est
1411 4021 1433 4072 P

294 4111 389 4166 fratris
416 4113 471 4166 mei
498 4129 614 4182 regnum
642 4118 715 4168 este
770 4115 802 4166 17
827 4112 946 4182 glorium
964 4113 990 4164 P
1042 4115 1075 4166 19
1100 4112 1298 4220 ωηειίῐυῐέἓηε
1322 4129 1351 4164 ex
1372 4126 1429 4162 con-

293 4232 468 4288 stitutionem
486 4233 606 4287 m.2V
654 4237 689 4288 29
707 4235 809 4288 scissis
829 4235 854 4287 V
868 4233 1018 4289 eecclesiae
1031 4234 1057 4287 R
1108 4233 1243 4314 laudabor
1279 4234 1309 4287 1’.
