3075 4967
260 257 322 323 180
597 256 714 310 saneti
738 255 872 310 Hilarii
897 255 1062 324 episcopi

259 449 300 512 ad
322 467 447 529 poeuam
465 447 571 512 anima
590 447 656 512 eius
675 447 846 512 secundum
863 445 989 512 diuitem
1007 446 1222 530 ouringelicum
1238 447 1404 527 puniendo.

259 571 330 636 qma
352 553 459 618 uineas
482 552 531 616 sit.

304 655 331 720 6.
355 656 417 722 Sed
439 656 521 722 iuter
554 655 621 721 hmo
654 655 725 720 iusti
759 655 918 738 cuiusque,
954 661 1113 740 tamquam
1139 655 1246 720 Laberi
1281 655 1313 718 in
1336 656 1405 720 sinu

260 760 401 826 Abrabae
421 759 652 845 requiescentis,
678 759 782 824 laetitia
804 766 1000 826 monstratur.
1047 759 1187 844 sequitur
1214 759 1316 824 enim:
1349 759 1408 824 laa-

221 865 418 930 stabitur
439 865 680 941 inatus‚eum
705 863 862 928 uiderit
883 863 1124 930 uindictam:
1149 883 1288 928 manus
1312 883 1407 929 suas

261 969 416 1034 lauabit
437 968 476 1033 in
499 967 700 1052 sanguine
721 967 966 1051 peccatoris.
1005 969 1169 1036 etdicet
1191 966 1324 1033 bomo:
1348 967 1408 1033 sic

260 1075 399 1158 ntique
423 1051 518 1138 ¹erit
562 1072 719 1138 fruetus
762 1071 894 1137 iusto?
932 1075 990 1138 sie
1029 1073 1170 1158 utique
1207 1079 1269 1138 est
1307 1073 1407 1137 deus

260 1177 448 1243 iudicans
463 1197 531 1243 eos
554 1177 592 1241 in
609 1183 727 1242 terra.
751 1176 856 1242 latitia
867 1176 937 1243 iusti
950 1183 1005 1256 eat
1018 1197 1088 1241 eum
1101 1177 1213 1243 uiderit
1224 1176 1408 1256 uindictam,

262 1281 334 1367 qnia
349 1281 559 1362 peccatoribus
576 1281 739 1362 puniendis
752 1281 920 1346 deductum
936 1301 970 1346 se
985 1300 1041 1362 per
1052 1281 1182 1364 angelos
1197 1281 1228 1344 in
1252 1287 1409 1346 aeteruem

210 1411 235 1446 ιο
262 1387 403 1470 requiem
425 1384 560 1451 laetetur:
584 1404 783 1450 manasseas
807 1405 867 1450 uon
883 1392 1079 1465 peccatorum
1096 1385 1250 1470 sanguiue
1265 1384 1412 1458 abluens,

262 1491 328 1569 sed,
350 1510 421 1556 eum
444 1496 624 1574 peccatores
647 1489 849 1572 insanguine
873 1490 943 1566 sint,
959 1490 1030 1573 quia
1052 1490 1096 1554 rei
1119 1490 1308 1574 sanguinum
1323 1499 1408 1563 suut,

264 1615 373 1660 manus
407 1593 458 1659 ille
492 1596 531 1659 ab
564 1593 649 1658 omni
682 1600 769 1659 reatu
802 1593 962 1677 sanguinis
997 1593 1116 1658 ablutas
1150 1593 1330 1658 continebit
1381 1599 1413 1659 et

262 1700 398 1781 idipsum
420 1697 542 1779 psalmo
565 1698 625 1764 ulio
648 1703 779 1763 testatus
803 1705 857 1775 est,
880 1718 949 1762 eum
973 1699 1063 1762 dicit:
1097 1699 1207 1762 odiui
1241 1717 1414 1782 congre-

264 1803 471 1887 gationem
495 1801 765 1885 malignorum
788 1811 933 1867 etcum
958 1801 1094 1883 impiis
1129 1822 1204 1867 non
1237 1801 1413 1867 sedebo:

213 1926 238 1967 ιε
265 1906 410 1972 leuabo
432 1908 541 1971 inter
573 1906 817 1972 innocentes
841 1926 979 1971 manus
1002 1926 1117 1972 meas.
1164 1914 1195 1971 et
1216 1925 1415 1971 commemo-

265 2011 338 2077 ratis
361 2011 544 2076 innooeutiae
576 2010 687 2076 officiis
721 2011 851 2076 adiecit:
885 2031 932 2076 ne
966 2007 1113 2094 pe'rdas
1148 2030 1233 2076 eum
1267 2010 1415 2090 impiis

265 2116 436 2181 animam
474 2135 600 2180 meam
638 2122 676 2180 et
716 2135 802 2180 oum
847 2116 949 2180 uiris
994 2117 1237 2198 sanguinum
1284 2115 1412 2179 uitem

266 2239 399 2286 meam.
444 2221 476 2284 in
509 2227 705 2303 peccatorum
738 2219 857 2284 seilicet
890 2221 1043 2304 sunguine
1077 2241 1188 2286 manns
1221 2220 1273 2284 ille
1302 2217 1415 2284 abluet

266 2325 346 2390 iuter
367 2324 556 2390 innoeentes.
604 2325 681 2389 edeo
709 2330 814 2388 eutem
838 2322 870 2388 bi
893 2324 950 2389 uiri
973 2325 1159 2409 sangirinum
1183 2331 1261 2403 sunt,
1285 2330 1318 2389 ut
1340 2344 1415 2388 om-

267 2429 353 2493 nium
368 2427 407 2492 ob
422 2428 499 2493 Abel
517 2447 614 2511 usque
630 2429 671 2494 ed
685 2425 870 2493 Zueburiam
885 2427 1119 2494 interfectorum
1142 2429 1181 2493 eb
1206 2427 1253 2493 bis
1277 2430 1414 2512 sanguis

267 2533 307 2597 sit
328 2532 538 2612 reposcendus
561 2539 593 2596 et
614 2531 758 2597 abluente
781 2551 891 2596 manus
915 2552 987 2596 suas
1010 2531 1110 2597 Pilato
1138 2552 1231 2613 super
1261 2551 1296 2596 se
1320 2551 1415 2596 suos-

268 2656 328 2719 que
350 2655 421 2701 esse
442 2636 513 2700 iusti
536 2637 721 2720 sauguinem
745 2637 808 2700 siut
835 2637 975 2717 professi.

312 2740 339 2804 7.
363 2741 425 2805 Sed
470 2759 579 2805 manus
619 2760 691 2804 suas
731 2740 855 2806 lauaute
889 2741 967 2805 iusto
1004 2750 1099 2824 atque
1137 2741 1257 2806 laetante
1296 2741 1417 2806 dicet

268 2843 399 2909 bomo:
423 2864 468 2908 an
493 2843 651 2910 fructus
678 2845 757 2909 erit·
780 2844 911 2910 iusto?
956 2852 987 2910 et
1010 2845 1113 2928 utique
1137 2864 1209 2910 eum
1233 2864 1303 2910 asse
1327 2845 1418 2922 dicit,

269 2949 341 3032 quia
377 2949 453 3012 deus
490 2949 530 3012 sit
564 2949 596 3011 iu
634 2956 716 3014 terra
756 2968 808 3012 eos
849 2949 998 3014 iudicans.
1047 2949 1154 3015 dicens
1189 2968 1264 3032 ergo
1300 2949 1416 3014 bomo:

314 3091 345 3142 re
364 3089 406 3142 ns.
428 3087 510 3154 xum,
529 3091 545 3141 5
563 3106 603 3156 sq.
641 3091 673 3142 m
691 3089 760 3141 mm.
779 3093 803 3142 a.

306 3267 317 3316 l
337 3263 372 3317 ad
389 3219 499 3330 poenam
521 3263 543 3314 V
592 3261 803 3330 euuangelieum
823 3263 847 3315 R
865 3262 1057 3331 euangelicum
1082 3283 1111 3317 er
1130 3264 1320 3332 euangelicam
1339 3264 1418 3317 rust.)

277 3351 298 3403 V
314 3350 343 3402 iu
361 3349 507 3418 euangelio
526 3349 588 3404 PTe
640 3351 657 3404 3
675 3350 722 3403 sed
735 3348 810 3401 inter
825 3347 892 3403 baec
904 3349 1012 3404 iustitia
1024 3355 1198 3405 monstratur
1210 3353 1299 3403 taediis
1312 3353 1419 3404 ernost«

277 3491 300 3542 ν
350 3489 483 3557 cuiusque
501 3507 550 3542 om.
570 3489 595 3541 r
645 3447 895 3570 upeceaeo'qsv
945 3495 974 3542 er
997 3490 1067 3544 aree
1084 3489 1166 3543 homo
1193 3491 1216 3544 ν
1232 3495 1260 3543 et
1277 3489 1354 3544 erest
1376 3491 1420 3544 ue

270 3594 293 3647 si
311 3593 407 3661 utique
425 3593 480 3646 erit
498 3593 576 3645 ΙἾἜ
591 3593 615 3646 si
633 3595 730 3661 utique
748 3599 791 3648 est
808 3595 834 3647 lt
895 3597 911 3649 7
930 3594 968 3647 sic
990 3612 1038 3648 orn.
1058 3595 1163 3646 RPYE
1220 3597 1238 3648 8
1256 3611 1302 3648 eos
1322 3612 1375 3648 om.
1396 3595 1424 3646 P

270 3681 455 3734 adeduetum
474 3699 503 3732 en
521 3681 656 3734 deductus
673 3679 740 3733 m.2
758 3682 781 3733 V
833 3683 865 3735 12
883 3686 976 3734 reatus
996 3681 1174 3750 seoguinell
1226 3688 1254 3734 et
1271 3681 1366 3749 ipsum
1380 3681 1420 3734 Pe

270 3767 391 3835 idipsum
409 3767 445 3818 l'b
501 3769 532 3819 13
551 3766 606 3820 alio
623 3785 672 3821 om.
691 3769 716 3819 R
769 3773 812 3821 est
829 3785 900 3838 supr.
919 3787 967 3820 scr.
986 3785 1019 3820 m.
1041 3769 1099 3821 111
1151 3768 1215 3821 odio
1233 3766 1317 3822 babai
1336 3767 1421 3820 Pur:

272 3853 532 3922 congraegationem
564 3854 587 3906 V
637 3857 670 3910 lo
688 3872 785 3909 manns
812 3871 887 3908 meas
914 3873 963 3908 om.
988 3855 1011 3906 V
1065 3857 1096 3909 16
1114 3854 1288 3909 innocentiae
1315 3873 1367 3908 orm
1395 3856 1422 3908 R

276 3978 306 4028 19
324 3975 490 4044 sanguinum
517 3995 548 4029 ex
574 3977 734 4045 sanguinem
762 3995 795 4031 m.
824 3975 844 4029 2
881 3977 903 4030 l'
961 3943 1087 4033 auhebel
1106 3979 1131 4030 R
1184 3975 1358 4031 zacchariam
1386 3975 1421 4032 1“ι

272 4065 305 4116 21
325 4062 510 4131 reposcendus
528 4080 559 4116 a
576 4062 771 4132 reiposoendus
789 4081 856 4118 corr.
875 4081 908 4118 m.
928 4065 984 4118 IV
1033 4064 1231 4120 abluentemV
1280 4081 1309 4118 sa
1328 4065 1424 4120 om.V

272 4151 308 4202 22
331 4149 389 4202 sint
411 4149 540 4217 promissi
567 4150 589 4202 l'
638 4152 672 4204 23
695 4151 786 4218 adque
812 4151 857 4203 VR
910 4151 979 4205 dicit
997 4150 1079 4204 homo
1099 4152 1123 4204 ll
1175 4153 1210 4204 24
1233 4151 1270 4203 ait.
1296 4151 1374 4204 iusto
1396 4153 1421 4204 ll

273 4243 302 4289 et
320 4237 467 4303 utique-
485 4253 521 4290 au
538 4235 645 4290 fructus
663 4236 700 4290 sit
716 4238 790 4291 iusto
808 4255 857 4293 om.
876 4239 908 4290 ll.
