3075 4967
234 247 296 311 330
573 245 691 298 sancti
715 243 850 298 Hilarii
875 244 1038 313 episcopi

232 435 452 518 prophetarum
486 454 580 500 uoces
613 433 651 498 ab
687 432 825 498 ecclesiae
858 433 934 498 uiris
957 436 996 498 ad
1029 431 1248 498 reuelationem
1282 435 1379 499 diuini

232 540 351 605 consilii
374 544 552 616 tractantur,
576 557 644 603 cunr
670 539 709 602 ad
733 538 935 602 adsumendae
958 538 1059 604 carnis
1080 536 1176 602 fidem
1197 538 1379 622 unigenitus

232 646 308 709 deus
331 645 363 708 in
386 642 521 707 hominis
544 642 649 722 speeie
672 647 703 706 et
725 641 764 706 ab
786 639 946 706 Abraham
970 643 1113 706 adoratus
1136 652 1261 707 etcum
1284 641 1378 708 Iacob

232 747 421 812 conluctatus
451 745 631 824 ostenditur,
667 765 738 811 cum
770 767 806 810 er
837 745 916 811 luda
944 746 1090 828 princeps
1126 747 1256 812 ueniens
1292 747 1377 812 idem

192 883 205 922 a
233 851 403 933 expectatio
426 851 564 934 gentium
588 851 754 928 nuntiatur,
778 869 846 915 cum
870 850 902 914 in
927 849 1086 915 Abrabam
1117 850 1237 916 semine
1267 869 1377 916 omnes

231 955 339 1037 patriae
362 956 500 1038 gentium
523 954 747 1020 benedicendae
772 959 851 1033 sunt
874 974 944 1018 curn
969 975 1008 1018 ex
1032 954 1131 1020 Dauid
1158 961 1246 1020 utero
1267 955 1376 1020 aeterni

231 1060 319 1142 regni
351 1058 493 1123 dominus
524 1058 716 1139 predicatur,
755 1077 827 1122 eum
865 1058 1036 1123 seeundum
1066 1057 1189 1123 Esaiam
1232 1059 1375 1123 dominus

231 1170 433 1246 tanaqunm
462 1162 550 1226 ouis
573 1161 621 1226 ad
644 1161 894 1227 occisionem
921 1162 1066 1228 duetus
1089 1182 1147 1227 nec
1170 1163 1311 1228 maxillas
1333 1163 1373 1228 ab

231 1266 327 1348 alapis
359 1286 418 1332 nec
450 1265 562 1330 faeiem
597 1265 748 1330 auertite
771 1266 878 1346 sputis,
912 1286 983 1331 eum
1013 1268 1182 1332 secundum
1206 1267 1374 1332 Ieremiam

178 1369 297 1438 rahic
341 1370 439 1436 deus
485 1376 636 1434 noster
670 1375 746 1450 est,
793 1371 860 1453 qui
907 1370 1146 1452 disciplinis
1191 1372 1375 1437 omnibus

231 1473 391 1540 Israhel
438 1474 591 1539 dilecto
636 1494 706 1539 eno
749 1474 922 1540 traditis
967 1483 1110 1555 postea
1161 1475 1200 1539 in
1244 1476 1372 1540 terris

229 1579 342 1644 uisus
377 1579 431 1644 sit
465 1585 503 1643 et
536 1579 647 1642 inter
680 1576 868 1644 homines
903 1584 1176 1644 conuersatus
1211 1581 1273 1658 sit,
1303 1599 1374 1644 curn

231 1681 364 1766 denique
389 1685 429 1748 de
452 1683 586 1747 aduentu
609 1683 675 1746 eius
691 1681 826 1746 omnium
842 1682 1065 1764 prophetarum
1081 1683 1163 1748 dieta
1178 1684 1374 1748 conueniunt.

230 1784 297 1852 haec
319 1787 422 1870 itaque
446 1787 594 1851 doctrinae
618 1805 736 1863 mensa,
767 1786 818 1851 uel
851 1786 903 1852 hic
924 1785 1028 1851 uitalis
1058 1787 1119 1853 eibi
1148 1807 1252 1852 sermo
1275 1792 1306 1852 et
1326 1786 1373 1851 la·

179 1921 204 1958 1⁶
231 1910 329 1974 quens
359 1897 390 1956 et
419 1890 517 1971 ceptio
548 1898 579 1955 et
601 1891 763 1956 retributio
795 1897 826 1954 et
853 1891 1033 1956 scandalum
1064 1902 1120 1969 est,
1150 1911 1220 1958 eum
1243 1911 1262 1955 a
1283 1891 1374 1957 nobis

231 1996 308 2060 deus
337 1992 430 2059 Iacob
462 2013 539 2072 esse,
571 1994 623 2077 qui
657 1993 696 2058 ab
733 1993 783 2059 his
812 1997 853 2059 sit
880 1994 1051 2073 crucifixus,
1081 1996 1261 2061 ostenditur.
1306 1994 1375 2060 haec

231 2098 313 2163 enirn
337 2110 386 2164 est
407 2098 568 2164 retributio
602 2105 694 2163 tentae
728 2099 905 2180 impietatis,
939 2106 980 2176 ut
1015 2101 1097 2183 quod
1128 2100 1218 2164 nobis
1247 2107 1294 2164 est
1323 2098 1372 2163 dei

231 2203 336 2281 uirtus
366 2201 416 2268 his
446 2202 629 2268 scandalum
660 2204 710 2268 sit.
754 2222 826 2267 narn
851 2223 920 2268 euru
950 2202 1117 2286 inlaqueati
1140 2203 1282 2288 captique
1312 2203 1374 2268 sint

231 2306 362 2388 seriptis,
386 2305 606 2391 intellegentie
640 2312 743 2372 tamen
774 2313 884 2372 carent
917 2327 1028 2385 sensu;
1062 2314 1093 2374 et
1122 2307 1192 2374 ideo
1221 2306 1373 2373 obscurati

178 2438 203 2476 ao
231 2416 301 2475 sunt
323 2410 427 2489 coelia,
450 2430 497 2476 ne
531 2411 707 2488 uideant,
731 2411 763 2474 id
794 2418 843 2476 est
863 2431 904 2475 ne
927 2410 1033 2476 lumen
1055 2409 1276 2495 intellegentia
1299 2430 1372 2475 con·

230 2520 395 2592 tuerentur,
419 2517 490 2598 quia
512 2517 680 2581 seeundum
705 2513 902 2599 euangelium
925 2516 1031 2580 omni
1066 2515 1236 2580 habenti
1266 2515 1375 2580 dabi-

230 2629 301 2695 tur,
326 2619 391 2702 qui
415 2627 546 2684 autem
569 2617 800 2695 nonhabet
832 2619 951 2684 etiarn
983 2620 1089 2704 quod
1122 2619 1247 2684 habet
1268 2619 1373 2684 aufe-

230 2727 342 2786 retur
365 2721 412 2786 ab
437 2743 495 2787 eo:
518 2723 640 2807 indigni
663 2722 816 2801 uidelicet,
848 2724 900 2808 qui
930 2723 1151 2808 intellegentie
1180 2743 1309 2790 sensum
1337 2743 1375 2787 ao

230 2824 334 2889 lumen
357 2827 539 2906 acciperent,
570 2831 601 2890 et
622 2826 691 2892 ideo
723 2827 912 2911 euangelieae
941 2826 1093 2894 libertatis
1122 2828 1280 2893 scientiam
1312 2847 1392 2892 non·

178 2957 204 2996 aa
230 2929 333 3010 adepti
357 2935 503 3010 perpetuo
526 2929 628 2994 adhue
650 2929 730 3015 legis
753 2951 847 2996 onere
870 2930 1088 3013 deprimuntur,
1110 2938 1144 2996 ut
1159 2932 1269 3011 ferant,
1291 2933 1375 3016 quod

230 3033 381 3098 sustinere
405 3052 466 3098 non
488 3039 625 3114 pessunt.
669 3035 702 3098 id
724 3035 808 3100 enim
838 3035 869 3112 in
899 3035 1092 3101 incuruando
1115 3037 1206 3102 dorso
1231 3056 1286 3118 per
1307 3055 1373 3102 cor·

230 3136 382 3216 paralium
405 3157 533 3220 operum
556 3138 692 3220 speeiem
715 3138 879 3222 signifieat.

273 3289 288 3338 7
303 3285 377 3339 Esai.
386 3286 458 3354 Llll,
469 3289 492 3339 7.
531 3291 563 3342 10
571 3287 680 3340 Baruch
690 3287 738 3355 111,
747 3290 782 3342 36
792 3306 832 3356 sq.
869 3289 901 3340 21
913 3288 1011 3342 Matth.
1022 3287 1107 3356 XXV,
1116 3291 1163 3354 293
1177 3288 1264 3342 Marc.
1273 3288 1320 3356 IV,
1329 3291 1373 3342 25.

1065 3399 1081 3438 o

274 3451 382 3506 luocis
407 3452 431 3504 V
481 3452 597 3506 eclesiae
630 3453 652 3506 V
704 3453 778 3506 ueris
809 3454 834 3506 V
882 3455 982 3507 icum
1008 3410 1065 3507 ad⁸
1079 3454 1229 3508 sumendae
1262 3454 1286 3506 V
1308 3470 1374 3507 oum

230 3590 408 3644 assumendae
435 3591 460 3643 R
513 3591 604 3644 carnis
631 3610 661 3645 ea
687 3592 763 3645 conia
791 3610 824 3644 m.
853 3591 873 3644 2
902 3593 926 3645 V
976 3592 1041 3647 ain
1067 3539 1182 3674 hominii
1206 3593 1327 3662 speciem
1353 3593 1377 3646 l'

229 3673 367 3781 ababraam
400 3727 425 3780 V
474 3729 491 3778 4
517 3728 546 3781 id
573 3734 614 3782 est
638 3728 794 3797 expectatio
821 3729 848 3781 P
907 3733 923 3784 7
949 3731 1102 3784 secuudum
1128 3731 1201 3784 eseia
1228 3731 1317 3786 eseiae
1350 3732 1375 3784 V

230 3801 381 3868 secundum
417 3813 512 3868 isaiam
542 3813 626 3868 isaiae
653 3815 679 3868 T
747 3817 764 3867 9
790 3815 951 3870 hieremiam
977 3814 1041 3870 P¹T
1111 3821 1143 3873 13
1174 3817 1305 3872 eductum
1339 3818 1374 3872 1’ι

229 3901 382 3966 profetiarfi
406 3901 430 3953 V
481 3902 515 3955 11
531 3917 655 3954 mensam
673 3901 700 3956 P
749 3901 845 3956 uitalis
872 3903 926 3958 sibi
945 3905 971 3956 P
1022 3905 1054 3958 17
1073 3904 1148 3958 enim
1175 3907 1236 3958 odd
1254 3903 1327 3957 aa?
1352 3905 1377 3957 V

231 4040 264 4091 18
280 4037 433 4106 inlaqueati
461 4058 491 4092 ea
517 4039 633 4108 inlegati
660 4058 693 4093 rra
721 4040 741 4093 2
774 4041 799 4094 V
857 4045 892 4097 20
909 4000 1126 4124 intelligentiam
1151 4060 1218 4098 cerr.
1245 4063 1277 4097 na
1302 4043 1322 4096 2
1352 4045 1378 4096 V

229 4143 263 4195 25
282 4142 478 4210 depraemhtur
494 4143 527 4196 V¹
579 4145 614 4198 26
631 4145 660 4196 in
677 4144 1145 4201 incarnandoeaeincuruandom.2
1159 4149 1186 4203 V
1233 4149 1267 4201 27
1285 4147 1374 4218 signi-

229 4227 294 4280 ficat
313 4231 372 4282 add.
390 4247 423 4282 m.
443 4229 462 4280 2
488 4231 511 4284 V
526 4229 700 4299 significatur
718 4231 751 4282 E.
