3075 4967
447 276 629 324 traotatus
649 271 681 324 in
698 271 873 339 psalmum
892 269 984 323 exul.
1225 267 1289 333 803

143 458 175 523 id
199 467 247 525 est
270 468 385 525 sortem
409 466 439 525 et
461 478 593 543 regnum
610 458 792 525 hereditatis
808 478 881 537 sure,
904 466 944 534 ut
960 458 1032 525 lieet
1046 458 1162 525 inferos
1178 460 1287 536 adiret,

143 572 246 629 tamen
282 583 336 644 per
369 561 539 645 spiritalem
573 569 756 643 potestatem
790 562 916 629 doceret
948 584 983 629 se
1013 585 1031 628 a
1060 564 1204 645 paradiso
1227 584 1287 628 non

144 669 264 734 abesse.

189 774 218 836 6.
242 771 333 837 Redit
349 772 460 837 deinde
476 773 516 836 ed
528 770 673 838 orationis
689 791 753 835 suae
769 771 955 836 modestiam
971 772 1094 836 dieene:
1117 771 1231 837 inten
1241 775 1287 837 de

142 877 372 941 orationem
414 896 552 941 meam:
599 876 693 959 quie
738 873 981 941 humiliatus
1027 895 1112 939 sum
1156 876 1288 940 nimis,
1328 902 1341 939 a

142 979 322 1047 humiliatus
346 988 393 1047 est
415 981 498 1045 enim
521 980 653 1045 formem
677 978 761 1045 serui
784 978 940 1059 accipiens
955 988 987 1045 et
1001 979 1161 1045 oboediens
1187 980 1288 1045 faetus

142 1104 243 1168 nsque
267 1087 307 1150 ad
330 1092 472 1163 mortem,
496 1092 627 1149 mortem
643 1092 745 1149 autem
769 1084 879 1149 erneis.
924 1083 1060 1149 libera
1082 1104 1141 1149 me
1164 1103 1183 1148 a
1205 1105 1289 1165 per·

142 1189 417 1272 sequentibus
452 1210 524 1254 me:
560 1188 656 1272 quie
690 1189 914 1253 confortati
949 1194 1044 1253 sunt
1077 1208 1288 1268 superma.

142 1294 243 1359 edne
278 1294 323 1358 de
358 1312 526 1358 oaroere
561 1293 734 1357 animam
768 1312 896 1357 meum
926 1295 972 1357 ad
1003 1292 1288 1361 confitendum

141 1398 298 1463 nomini
322 1405 395 1475 tue,
420 1396 589 1462 domiue.
635 1416 827 1480 quamquam
850 1397 934 1463 enim
957 1402 1140 1477 potestatem
1157 1395 1287 1462 haberet
1318 1421 1341 1457 io

140 1502 277 1582 ponendi
309 1501 445 1566 animam
468 1521 558 1567 suem
582 1508 612 1566 et
635 1503 823 1581 resumendi,
846 1508 951 1567 tamen
975 1520 1100 1581 semper
1121 1521 1177 1581 per
1198 1520 1288 1565 reue-

141 1606 278 1669 rentiam
301 1604 355 1670 iilii
379 1604 529 1671 honorem
551 1611 689 1685 paternae
713 1606 868 1671 maiestati
891 1605 1069 1682 roser-uouit
1099 1624 1172 1670 oum
1205 1610 1288 1668 orat:

142 1706 269 1790 pater}
294 1708 490 1775 eiarifioa
512 1730 586 1783 me:
610 1729 681 1775 eum
698 1709 882 1791 proclamat:
906 1711 1004 1775 deus
1027 1729 1146 1785 meus,
1164 1729 1289 1793 quare

142 1834 203 1879 me
227 1813 521 1896 dereliquisti?
565 1813 596 1877 in
631 1812 681 1878 his
716 1815 799 1880 enim
834 1834 894 1879 non
929 1820 978 1879 est
1010 1812 1202 1879 infirmitatis
1225 1834 1288 1879 suae

141 1918 305 1995 confessio,
340 1918 397 1983 sed
430 1924 565 1998 paternae
600 1918 721 1983 uirtutis
756 1917 941 1998 praedieatio.
986 1916 1111 2007 liberari
1144 1938 1179 1983 se
1214 1937 1288 2002 ergo
1316 1939 1341 1975 ιι

142 2042 227 2087 nune
252 2020 394 2087 similiter
409 2042 426 2086 a
441 2022 697 2106 persequentibus
718 2027 794 2099 oret,
819 2022 914 2105 quia
937 2022 1163 2087 confortati
1187 2032 1288 2087 sunt

142 2125 308 2191 confortati
338 2126 422 2191 enim
453 2134 533 2206 sunt,
563 2146 635 2191 oum
665 2128 704 2191 ed
727 2146 853 2191 erueem
876 2126 959 2204 dant,
990 2146 1061 2191 eum
1084 2146 1141 2207 per
1163 2146 1289 2191 earnem

141 2232 239 2295 deum
272 2229 421 2312 nesciunt,
457 2250 528 2295 eum
564 2250 616 2295 eos
650 2230 773 2295 habitus
806 2228 990 2296 humilitatis
1021 2238 1062 2295 et
1075 2230 1177 2295 forma
1197 2231 1228 2295 in
1253 2250 1289 2296 eo

142 2332 266 2399 seruilis
289 2332 436 2399 hortatur.

188 2438 217 2501 7.
243 2438 362 2504 Deinde
392 2446 490 2523 rogat
525 2450 560 2503 ut
592 2438 696 2504 animo
729 2459 788 2504 sua
817 2440 966 2504 educat-ur
988 2460 1004 2503 e
1028 2457 1160 2505 oareere.
1206 2438 1287 2503 siin
1315 2458 1341 2495 eo

143 2562 271 2609 earcere
294 2543 403 2623 positis
426 2543 519 2609 etiarn
546 2550 617 2608 ante
641 2542 708 2608 Noe
732 2550 873 2624 tempore
894 2543 1155 2609 resurrectionem
1178 2562 1287 2608 seeun-

142 2648 219 2713 dum
243 2648 369 2713 beatum
394 2647 520 2714 Petrum
543 2648 685 2713 dominus
716 2647 903 2727 praedicauit,
933 2667 1041 2713 eareer
1069 2654 1119 2712 est
1147 2647 1288 2725 inferia

142 2772 205 2835 qno
228 2771 262 2817 se
286 2752 375 2819 oduei
410 2758 509 2836 rogat,
542 2759 576 2817 ut
609 2750 641 2817 in
675 2752 771 2817 altero
805 2752 924 2833 psalmo
958 2758 1023 2817 erat
1053 2758 1210 2832 precatus:
1242 2772 1288 2817 ne

143 2856 356 2921 eontineat
389 2876 509 2937 super
543 2876 601 2921 me
635 2864 781 2937 puteus
814 2877 856 2922 os
890 2876 1013 2944 suum.
1059 2856 1157 2921 oratio
1188 2855 1289 2921 omnis

144 2960 205 3026 ista
228 2961 269 3025 ad
291 2960 529 3037 confessionem,
563 2967 597 3026 ut
630 2960 772 3035 diximus,
806 2960 929 3027 uirtutis
962 2968 1097 3041 paternae
1132 2968 1188 3025 est.
1233 2962 1290 3025 sed
1317 2977 1343 3015 ιι

144 3064 259 3130 adiecit
282 3071 313 3129 et
335 3084 472 3142 eausam,
495 3080 551 3131 our
566 3084 600 3130 se
616 3066 654 3129 de
670 3085 795 3131 earcere
811 3073 877 3131 oret
891 3066 995 3131 oduei:
1019 3066 1066 3131 ad
1089 3065 1289 3130 confiten-

145 3170 244 3247 dum,
268 3167 376 3252 inquit,
400 3168 554 3233 nomini
577 3176 651 3234 tuo.
696 3170 878 3234 resurreetio
901 3170 985 3233 enim
1008 3169 1075 3234 eius
1097 3175 1233 3249 paterno
1257 3168 1288 3231 in

144 3292 179 3338 se
201 3272 323 3337 uirtutis
345 3272 522 3353 praedieatio
546 3284 601 3349 est,
625 3273 698 3357 quia
720 3281 856 3353 potestas
878 3274 906 3338 ei
929 3272 1030 3337 omnis
1061 3292 1098 3336 ex
1120 3277 1207 3353 patre
1231 3281 1288 3336 est.

191 3466 223 3517 ra
242 3462 298 3517 Ioh.
317 3463 402 3531 xvir,
423 3466 446 3517 1.
482 3464 524 3517 rs.
544 3465 616 3531 xxi,
634 3466 659 3518 a.
684 3464 769 3518 mare.
789 3463 847 3529 xv,
866 3466 908 3517 ao.
944 3465 979 3517 aa
997 3462 1041 3518 rs.
1060 3462 1184 3531 uxum,
1205 3464 1257 3534 re..

191 3610 211 3691 1*
224 3637 326 3691 infero
356 3636 407 3691 GR
434 3637 468 3690 ad
496 3636 597 3691 inferos
622 3638 650 3689 Ε
701 3638 717 3689 7
744 3640 833 3690 morte
860 3638 953 3689 autem
983 3636 1008 3687 G
1035 3640 1064 3689 et
1090 3640 1210 3689 mortem
1238 3636 1293 3689 RE
1359 3620 1365 3632 ⁵

144 3726 225 3778 dms
231 3734 290 3795 port
299 3724 529 3792 persequentibus
542 3724 626 3777 om.R
679 3723 839 3777 suntomG
886 3724 925 3793 ι11
935 3722 1056 3791 ponendi
1070 3722 1291 3791 exponendaeR

147 3813 180 3865 12
197 3809 249 3865 filii
270 3811 295 3863 G
312 3808 398 3864 filirr
449 3812 530 3864 uerbo
548 3816 711 3865 orat-me
725 3827 789 3864 oum
807 3811 919 3863 omisisse
936 3808 1077 3863 tddetarG
1131 3812 1165 3863 15
1182 3826 1290 3879 seerqo

147 3898 200 3951 GR
218 3914 285 3967 ergo
310 3914 339 3951 re
358 3898 386 3951 E
438 3900 471 3952 1⁷
498 3897 648 3952 eonfortati
671 3897 746 3952 enim
771 3902 837 3951 aaut
855 3915 903 3950 om.
924 3896 950 3949 G
1020 3884 1056 3949 ad
1084 3912 1196 3950 eruorem
1223 3896 1291 3951 dant

145 3987 270 4056 temptaui
284 3987 320 4055 cs.
336 3986 400 4039 Aet.
416 3985 433 4037 1
437 3984 466 4050 V,
481 3985 516 4037 70
568 3990 661 4039 autem
671 3985 738 4039 deni
747 3981 782 4051 (i)
794 3982 931 4037 Gaudent
941 3984 967 4036 R
976 3982 1140 4052 erueiiigere
1149 3982 1253 4037 audent
1265 3985 1293 4037 E

147 4072 180 4126 18
197 4073 276 4125 uerbo
295 4073 378 4126 deum
396 4072 525 4126 nesciunt
542 4088 605 4125 enm
624 4073 736 4125 omiriare
754 4073 856 4125 sedeur
876 4072 901 4123 G
952 4072 988 4124 28
1005 4075 1038 4125 ut
1055 4088 1104 4123 om.
1125 4070 1151 4122 G
1168 4074 1200 4123 ut
1218 4075 1247 4125 et
1265 4070 1293 4123 E

144 4164 291 4227 praedatus
311 4159 363 4213 GR
416 4174 451 4213 ne
465 4158 490 4211 G
502 4175 558 4212 non
570 4159 626 4212 RE
676 4161 711 4215 26
728 4175 780 4213 em·
793 4159 819 4211 G
837 4175 891 4226 qur
903 4158 929 4211 R
982 4175 1010 4211 se
1022 4158 1057 4211 de
1069 4157 1122 4211 GR
1139 4173 1200 4210 sesa
1217 4156 1252 4211 de
1265 4157 1293 4210 E

144 4248 179 4300 2⁷
197 4245 296 4315 inquid
309 4246 335 4299 G
387 4245 462 4299 enim
480 4246 540 4300 aius
561 4246 585 4297 G
603 4246 662 4299 sius
673 4245 727 4299 RE
778 4247 813 4299 28
831 4252 874 4299 ost
888 4254 948 4315 port
965 4244 1135 4313 pnedioetio
1153 4262 1203 4298 om.
1224 4245 1256 4297 G.

1083 4348 1135 4402 r'sl*
