3075 4967
355 303 538 354 tractatus
562 300 795 368 in'psalmnrn
819 300 901 354 XIV·
1206 299 1249 364 85

127 491 243 572 locuples
255 497 284 557 ot
300 491 422 555 infinita
434 497 466 556 et
482 510 519 555 ex
530 489 674 555 omnibus
690 491 760 556 noui
777 511 813 554 ao
828 491 945 557 ueteris
960 491 1153 556 Testamenti
1169 510 1248 571 prae·

126 596 208 676 ceptis
235 596 441 678 institutisque
472 595 627 676 decerpta,
657 595 835 671 infantibus
858 595 992 673 feminis,
1014 595 1098 672 uiris,
1122 594 1248 660 senibus

124 699 273 778 aptissima.
295 705 390 783 atque
411 705 446 764 ut
468 697 629 764 breuitatis
652 699 748 780 ipsius
772 698 1037 764 commendabilior
1059 719 1129 765 esse
1151 697 1249 780 possit

124 803 266 884 opulentia,
281 803 357 887 quid
372 804 403 867 iu
417 803 547 887 singulis
561 803 666 868 uerbis
679 804 864 868 sacramenti
876 803 926 880 sit,
939 823 1173 886 prosequemur.
1186 822 1248 867 non

125 913 163 971 est
173 905 218 972 hic
231 905 401 988 prophetia,
412 927 472 971 uon
488 907 667 984 obscuritas,
683 927 745 972 uon
757 907 943 988 exemplam.
959 927 1018 972 uox
1029 906 1248 991 interrogantis
1288 935 1304 972 e

124 1017 168 1087 ost
179 1011 290 1076 bonitas
301 1011 527 1092 respondentis,
540 1010 733 1076 confirmatio
745 1011 907 1077 audientis.
916 1013 972 1076 sed
984 1012 1016 1076 in
1029 1010 1078 1076 his
1090 1011 1188 1075 uirtus
1200 1015 1249 1075 est

124 1116 275 1180 mutuanda
292 1116 470 1181 uerborum.
494 1116 632 1180 distinxit
656 1115 739 1181 euim
759 1117 817 1179 ita:
841 1115 1069 1181 habitationem
1093 1116 1125 1180 iu
1148 1115 1249 1178 taber·

123 1218 226 1298 occulo,
247 1221 386 1304 requiem
408 1220 438 1283 in
459 1226 578 1296 monte;
603 1225 634 1284 st
652 1219 737 1301 prior
756 1225 805 1285 est
823 1219 971 1284 habitatio
990 1220 1022 1284 in
1043 1217 1249 1296 tabemaculo‚

124 1324 256 1400 posterior
266 1325 391 1407 requies
407 1324 438 1387 in
451 1329 566 1388 moute.
582 1330 617 1388 ut
629 1343 705 1408 ergo
717 1323 916 1388 habitationis
930 1329 962 1388 et
971 1323 1089 1406 requiei
1103 1321 1248 1386 distantia

122 1425 308 1512 intellegatur,
347 1427 462 1493 montis
493 1433 525 1493 et
554 1427 744 1492 tabernaculi
774 1428 946 1508 proprietas
981 1427 1163 1507 explicanda
1192 1431 1248 1491 est
1275 1455 1301 1492 n

158 1537 183 1603 3.
203 1539 241 1603 Et
262 1537 470 1617 tabernacula,
501 1559 570 1623 quoe
600 1540 685 1620 prins
716 1539 812 1604 inisse
835 1538 980 1623 legimns,
1013 1539 1138 1604 iuuerunt
1160 1538 1248 1611 leuia,

122 1643 227 1720 caduca
249 1645 430 1722 arescentia,
454 1646 493 1709 ad
517 1651 639 1724 tempus
663 1663 700 1709 eu
724 1643 885 1709 frondibus
908 1649 999 1723 texta
1029 1643 1131 1726 qualia
1154 1642 1250 1708 intar-

122 1747 183 1812 dnm
205 1767 222 1812 a
242 1748 331 1813 nobis
355 1747 438 1813 ellici
461 1747 562 1813 solent
583 1748 702 1812 uitandi
725 1754 819 1813 aestus
843 1767 942 1824 causa,
965 1752 1000 1812 nt
1013 1747 1249 1812 iniraumbram

123 1871 212 1916 eornm
244 1852 388 1918 ardorem
425 1850 497 1917 solis
531 1858 703 1935 costumque
741 1852 886 1916 uitenms.
931 1853 1020 1917 ist-ins
1049 1851 1133 1916 modi
1163 1851 1248 1916 enirn

123 1955 302 2022 tabemecula
333 1955 445 2037 populo
476 1963 547 2022 sunt
577 1976 634 2037 por
658 1955 789 2042 Moysen
820 1957 967 2022 instituta
1011 1957 1067 2022 sed
1090 1955 1159 2021 haec
1181 1974 1249 2020 ars-
1276 1981 1302 2022 rs

122 2057 189 2123 lmte
215 2068 286 2126 suut
315 2065 348 2127 et
379 2059 534 2125 dissoluta.
581 2067 669 2125 eraut
699 2060 784 2125 euim
813 2059 998 2142 imaginaria
1038 2066 1069 2125 et
1098 2058 1181 2125 facta
1209 2059 1249 2124 ad

122 2164 289 2245 exemplum.
336 2165 380 2230 ait
402 2165 486 2230 eninr
509 2165 553 2228 ita
584 2164 659 2230 dens
683 2163 801 2248 Moysi:
831 2165 923 2228 uide
953 2163 1086 2229 facias
1116 2163 1249 2229 omnia

122 2270 325 2335 seeundum
358 2269 548 2350 speciem,
579 2288 694 2352 qnam
725 2269 888 2334 ostendi
924 2266 999 2332 tibi
1034 2268 1071 2332 in
1104 2272 1248 2333 monte.

124 2369 208 2436 llauid
230 2393 360 2456 quoque,
386 2373 537 2454 templum
560 2373 714 2438 aedificare
737 2378 856 2453 optans,
879 2371 1109 2437 tabernaculum
1133 2389 1248 2456 cogno—

122 2473 242 2554 niuauit
266 2478 356 2542 sicuti
380 2478 438 2541 ait:
461 2497 537 2540 non
562 2476 662 2541 dabo
693 2495 872 2540 somnum
896 2474 1028 2540 oculis
1052 2475 1162 2558 meis,
1187 2475 1247 2539 do·
1276 2504 1302 2542 no

121 2597 181 2645 nec
208 2582 414 2647 inueniam
446 2580 575 2646 locum
610 2581 789 2658 domino,
828 2579 1137 2646 tabernaculum
1176 2579 1248 2646 deo

122 2680 234 2750 lecolo.
278 2687 335 2751 sed
360 2691 391 2750 et
416 2684 515 2770 Moysi
540 2691 571 2750 et
595 2683 766 2749 Salomonis
790 2682 1020 2749 tabernaculum
1046 2683 1194 2762 concidit;
1217 2688 1250 2748 et

121 2785 252 2868 deinceps
285 2787 415 2870 apostoli
439 2788 572 2869 plurimo
595 2787 793 2853 tabernacula
822 2787 1028 2854 condiderunt
1051 2792 1082 2852 et
1104 2807 1161 2868 per
1182 2806 1249 2850 om·

121 2909 166 2954 nes
186 2893 265 2957 orbis
288 2899 442 2958 terrarum
465 2898 579 2973 partes,
603 2911 799 2975 quacumque
822 2892 900 2956 adiri
923 2896 1034 2972 potest,
1057 2890 1131 2974 quin
1155 2889 1248 2956 etiam

120 3011 150 3056 au
180 2993 288 3061 Oceani
325 2995 435 3062 insulis
458 2995 665 3061 habitationes
696 2997 753 3060 deo
783 2994 933 3076 plurimas
970 2999 1164 3075 parauerunt
1210 2995 1250 3060 de
1276 3022 1304 3061 re

120 3115 234 3177 quorum
264 3100 363 3185 gloria
404 3105 535 3167 testatur
566 3100 691 3180 spiritus
722 3105 862 3165 sauctus:
901 3119 1016 3183 qnam
1055 3097 1251 3163 amabilia

157 3257 185 3310 n
202 3257 286 3311 sxou.
305 3257 391 3323 xxv,
409 3261 451 3312 40.
489 3259 524 3312 uo
541 3257 584 3311 m.
603 3256 723 3324 oxxxr,
742 3259 766 3311 s.
803 3259 838 3311 ae
856 3257 899 3310 m.
918 3255 1067 3323 nxxxrn,
1086 3255 1110 3309 a.

155 3405 170 3455 ll
191 3405 277 3472 adque
296 3405 344 3459 VR
397 3403 484 3474 ipsius
503 3404 589 3458 om.R
642 3404 861 3459 obruendabilior
879 3420 937 3457 esse
955 3422 987 3457 ex
1004 3401 1250 3456 comendabilioras

120 3505 143 3540 se
157 3507 215 3546 corr.
233 3509 265 3546 m.
283 3489 304 3547 3
322 3492 348 3545 R
400 3497 495 3560 posset
524 3494 549 3547 V
597 3492 805 3545 transcurrenti
830 3491 866 3546 sit
887 3490 1022 3559 ‹posequit'
1044 3488 1078 3555 (ti
1102 3489 1139 3542 sit
1160 3507 1190 3557 ,ρ
1209 3505 1251 3542 se·

120 3577 181 3642 quitr
194 3577 291 3643 laras.)
305 3579 331 3631 R
384 3581 400 3632 6
416 3579 476 3632 inde
490 3595 507 3630 n
526 3578 698 3633 confirmatio
715 3581 821 3632 diuersa
835 3594 905 3630 moa.
924 3580 1036 3647 incipere
1054 3578 1156 3629 uidebo
1173 3593 1252 3645 usqua

120 3664 149 3713 nd
168 3665 301 3732 adquisita
316 3683 343 3736 p·
363 3664 410 3731 96,
435 3663 499 3718 2R
523 3663 705 3719 consor-matio
734 3665 773 3719 Vr·
834 3667 851 3719 8
878 3662 1013 3718 habitatio
1037 3681 1068 3715 ec
1091 3661 1199 3716 habitio
1226 3659 1252 3711 R

120 3751 250 3818 troquiei
274 3771 304 3806 ea
327 3751 422 3821 requie
447 3771 480 3806 m.
505 3751 525 3805 2
555 3753 580 3806 V
631 3755 659 3807 ll
680 3752 803 3822 primunr
831 3751 858 3805 V
907 3751 997 3805 laeuia
1021 3750 1046 3803 V
1095 3751 1130 3803 12
1147 3748 1253 3803 caduca

120 3847 188 3914 (duca
204 3856 230 3906 io
252 3851 317 3921 rua.)
337 3855 363 3908 R
415 3855 569 3909 arescentia
594 3874 624 3910 aa
647 3854 875 3910 ressontium?
898 3855 924 3910 V
971 3828 1078 3907 tesstt
1100 3853 1126 3906 V
1144 3855 1252 3907 tectab

121 3939 148 3990 14
171 3941 262 3994 ardore
294 3942 319 3995 V
371 3945 403 3996 16
431 3946 459 3995 et
486 3941 585 3996 effecta
608 3943 642 3996 de
667 3943 794 4012 exemplo
824 3943 849 3996 V
901 3943 932 3996 17
956 3941 1022 3995 uide
1046 3946 1078 3994 ut
1101 3939 1186 3993 iacias
1212 3940 1253 3993 Ru

122 4023 148 4076 lt
169 4031 229 4094 opta
240 4045 306 4080 :nn
337 4028 362 4082 V
411 4031 446 4082 22
470 4027 579 4096 Moyses
602 4047 633 4082 en
655 4029 745 4097 Moysi
771 4047 803 4082 m.
828 4027 848 4082 3
873 4031 897 4082 R
921 4030 952 4081 de
968 4029 1085 4096 penetiao
1108 4025 1198 4096 Mopsi
1216 4027 1251 4094 cs.

122 4109 184 4165 :leuc
200 4113 329 4168 Fornacal.
350 4116 369 4182 l,
393 4113 454 4169 333
514 4114 668 4169 Solomonis
693 4117 716 4168 l'
739 4114 880 4168 Salomoni
905 4135 920 4168 r
944 4114 1075 4168 Salomon
1093 4111 1134 4164 Rb
1187 4129 1252 4166 oon·

121 4195 182 4251 didit
192 4199 243 4252 art
295 4199 342 4254 ssd
364 4205 392 4255 at
413 4201 544 4270 deinceps
569 4203 593 4256 V
617 4202 665 4256 red
690 4202 822 4270 deinceps
845 4222 861 4255 r
913 4203 948 4258 24
972 4216 1161 4269 quaecumque
1180 4198 1253 4253 adiri

123 4291 223 4348 possunt
239 4288 269 4339 rll
321 4289 354 4342 hb
372 4289 401 4342 in
420 4288 522 4343 Oceani
547 4289 598 4342 Vro
651 4289 687 4342 db
705 4291 765 4342 cdd.
786 4307 818 4342 ru.
837 4287 858 4340 2
880 4289 910 4342 V.
