3075 4967
263 230 302 293 14
600 230 716 284 sancti
741 230 876 283 Hilarii
900 230 1063 299 episcopi

260 420 406 485 contueri.
429 426 500 501 post
518 418 689 501 perfectam
701 419 784 483 euim
798 418 882 484 illam
896 420 1137 501 precedentium
1147 420 1323 504 ogdoadum
1336 418 1416 483 doc·

260 525 372 589 trinam
398 522 455 588 hoc
478 523 630 588 canticum
652 523 805 606 graduum
827 523 859 587 in
886 525 1063 608 quindecim
1079 524 1217 606 psalmos
1233 544 1272 589 er
1288 523 1417 588 duobus

260 628 406 710 perfectis
429 628 566 693 numeris
582 627 716 711 oportuit
732 627 906 705 conuenire,
921 625 1118 692 hebdomade
1133 627 1249 693 scilicet
1264 632 1296 693 et
1309 628 1417 711 ogdo·

261 734 330 809 ade,
360 733 390 796 id
423 738 470 797 est
500 732 632 812 septimo
666 738 697 796 et
733 736 840 797 octauo
862 751 1000 797 numero.
1045 752 1180 815 namque
1213 752 1269 813 per
1301 731 1418 796 obser-

222 868 234 904 a
262 836 398 901 cantiam
414 835 504 921 legis,
521 855 590 919 quae
611 835 643 901 in
660 835 857 901 hebdomade
880 843 928 901 est
950 837 1121 913 constituta
1145 842 1176 901 et
1190 835 1416 921 euangelicum

260 940 442 1021 proiectum,
466 942 518 1024 qui
541 939 692 1023 ogdoadis
715 947 747 1004 et
768 940 913 1021 prasenti
937 940 1088 1025 religione
1105 948 1137 1005 et
1151 946 1275 1021 sperata
1296 960 1418 1021 expec-

261 1044 376 1109 tatione
398 1043 564 1127 perficitur‚
588 1042 647 1108 hoo
670 1043 790 1109 cantico
818 1043 971 1127 graduum
1002 1043 1034 1107 in
1065 1042 1201 1109 calestia
1231 1050 1263 1109 et
1291 1052 1419 1109 aeterna

260 1148 485 1214 conscenditur.
529 1168 603 1213 nam
619 1152 651 1212 at
665 1148 697 1211 in
721 1146 871 1227 templum
885 1168 942 1229 per
964 1146 1047 1213 hunc
1068 1167 1234 1212 numerum
1254 1149 1418 1233 graduum

260 1253 416 1337 principes
440 1254 636 1319 sacerdotum
653 1251 684 1315 in
704 1258 882 1317 sanctorum
904 1262 1014 1317 sancta
1035 1252 1245 1318 scandebant:
1268 1257 1310 1331 ut,
1334 1254 1419 1336 quia

260 1376 360 1441 neque
384 1356 556 1421 hebdomas
577 1354 657 1435 legis
681 1356 748 1419 sine
785 1354 1016 1439 euangeliorum
1047 1356 1196 1440 ogdoade,
1226 1376 1330 1439 neque
1354 1377 1418 1441 og·

262 1462 336 1525 doas
349 1459 580 1545 euangeliomm
604 1459 671 1525 sine
693 1458 774 1543 legis
796 1458 995 1525 hebdomade
1020 1461 1121 1525 airum
1137 1466 1245 1544 posset
1260 1468 1419 1541 praestare

261 1565 439 1647 perfectum,
463 1565 595 1649 quisque
618 1564 753 1645 perfecte
776 1564 962 1630 credidisset
984 1565 1154 1645 perlectum
1177 1564 1261 1629 hunc
1284 1585 1419 1631 uerum-

261 1690 330 1753 que,
354 1668 407 1751 qui
431 1670 462 1732 in
493 1668 671 1752 quindecim
705 1668 861 1751 graduum
894 1668 1015 1734 cantico
1049 1675 1105 1747 est,
1140 1667 1348 1735 hebdomadis
1382 1678 1419 1735 et

260 1773 410 1857 ogdoadis
432 1792 606 1849 numerum,
640 1772 691 1836 ille
726 1772 757 1835 in
790 1771 841 1836 his
870 1771 1017 1855 perfertis
1047 1779 1078 1839 et
1107 1774 1207 1839 beatis
1238 1779 1269 1838 et
1291 1776 1418 1839 mactis

261 1884 438 1942 sanctorum
460 1876 618 1942 locaretur.

305 1980 356 2045 17.
380 1981 576 2064 Quamquam
600 1999 674 2045 uero
697 1978 766 2044 haec
789 2001 807 2045 a
829 1980 919 2045 nobis
935 1982 1106 2046 secundum
1122 2000 1269 2046 numeros
1283 1980 1419 2067 atlagis

261 2085 477 2151 obseruatione
500 2084 688 2165 conplacitos
711 2090 743 2149 et
764 2086 797 2150 in
821 2091 1015 2149 sacramento
1045 2085 1228 2171 euangelieo
1261 2085 1419 2151 distribu-

261 2197 309 2255 tos
331 2190 376 2254 ita
398 2190 482 2253 dicta
504 2190 574 2266 sint,
611 2195 717 2253 tamen
740 2187 878 2254 absolute
900 2189 1140 2273 uniuscuiusque
1163 2190 1288 2255 numeri
1312 2190 1419 2255 uirtu-

263 2302 325 2359 tem
361 2314 399 2358 er
432 2293 745 2378 superscriptionibus
781 2292 970 2375 psalmorum
1008 2300 1040 2359 et
1077 2294 1230 2359 dictorum
1267 2294 1416 2379 ipsorum

261 2395 474 2481 intellegentia
508 2417 744 2481 consequemur.
792 2405 864 2463 sunt
885 2403 990 2463 autern
1020 2398 1317 2483 superscriptionum
1342 2416 1417 2462 cnr-

306 2572 471 2625 lcontineri
488 2570 876 2642 l'ra‚sedcs.sopr.p.1?‚5
911 2526 969 2641 poa¹
985 2590 1051 2625 corr.
1065 2590 1098 2625 m.
1114 2572 1128 2623 I
1147 2572 1171 2625 V
1220 2572 1372 2640 agr-adum
1393 2574 1423 2626 l'

262 2658 455 2712 3ebdomadae
465 2658 572 2711 scilicet
581 2658 703 2713 ocdoada
718 2658 873 2727 Vepdoade
886 2658 1163 2712 scilicetocdoadcsr
1209 2661 1357 2725 4namque
1374 2660 1419 2713 l'r

261 2762 325 2797 nam
344 2745 372 2796 E
422 2744 509 2798 'thoe
534 2746 570 2799 Vr
588 2745 683 2799 istoE
734 2748 870 2799 Snamet
887 2764 918 2798 ez
935 2762 1001 2799 nam
1018 2744 1165 2799 eoram?
1184 2746 1207 2797 V
1258 2746 1417 2801 decende-

261 2832 329 2885 bant
351 2832 417 2885 VrD
443 2830 667 2885 conscendebant
691 2833 719 2885 E
772 2834 805 2885 10
822 2832 972 2887 hebdomas
990 2833 1043 2885 Ed.
1060 2833 1144 2885 Rasil.
1172 2832 1340 2886 ebdomades
1377 2834 1418 2886 W

261 2916 427 2970 ebdomades
452 2917 502 2971 V²r
520 2916 672 2971 ebdomada
691 2918 756 2969 Dra
811 2919 844 2971 12
861 2917 896 2979 cf.
915 2936 981 2987 puae
998 2920 1029 2971 de
1046 2920 1092 2970 hoc
1116 2919 1178 2983 loco,
1207 2920 1250 2986 qai
1276 2928 1337 2971 nota
1362 2922 1417 2973 illa

261 3005 396 3056 uerborum
420 3006 614 3073 perturbatione
639 3006 667 3057 in
694 3006 789 3057 nouam
815 3006 887 3057 libras
914 3006 1003 3057 totiena
1021 3005 1096 3057 ohuic
1117 3005 1195 3058 scalde
1218 3018 1355 3075 comptas
1375 3020 1417 3062 esst

261 3092 379 3155 traditas,
395 3092 564 3160 probabiliter
584 3093 621 3143 ita
642 3094 761 3144 sanando
786 3093 919 3161 disputasti
945 3093 1017 3145 saud.
1044 3090 1117 3145 1886
1140 3110 1169 3162 p.
1196 3090 1264 3145 335.
1291 3092 1417 3161 quiaque

261 3176 309 3231 ille
332 3174 454 3245 perfecte
481 3175 631 3245 (perfectae
651 3174 687 3245 Γ)
724 3177 887 3231 credidisset
914 3178 944 3231 in
970 3178 1013 3231 his
1039 3178 1171 3247 perfectis
1198 3183 1227 3232 et
1252 3179 1342 3233 beatis
1380 3187 1413 3235 et

262 3264 364 3316 sanctis
406 3268 536 3317 sanctona
576 3262 731 3333 perlectum
776 3264 849 3318 hunc
890 3281 1052 3333 uerumque,
1094 3266 1141 3333 qui
1182 3265 1212 3319 in
1247 3265 1414 3334 quindecim

261 3349 396 3418 graduum
416 3348 543 3419 (gradum
569 3348 602 3417 Γ)
622 3351 731 3405 cantico
749 3356 801 3418 est,
836 3351 997 3405 ebdomadis
1015 3357 1044 3405 et
1062 3352 1194 3420 ogdoadis
1213 3349 1355 3419 (ocdoadis
1376 3355 1416 3418 Γ)

261 3453 407 3489 numerum
435 3438 560 3497 (numero
588 3436 613 3504 r)
641 3438 781 3492 locaretur
805 3439 841 3491 Vr
868 3438 985 3507 quisque
1008 3438 1058 3492 ille
1092 3438 1215 3507 perfecte
1242 3438 1415 3495 credidisset

261 3522 290 3575 in
331 3522 374 3575 his
417 3524 548 3591 perfectis
590 3530 619 3578 et
660 3524 748 3579 beatis
790 3526 893 3579 sanctis
935 3530 1095 3580 sanctorum
1135 3525 1289 3594 perfectum
1331 3525 1414 3581 hunc

262 3608 355 3662 uirum
380 3628 398 3677 q
424 3602 435 3662 i
462 3610 622 3677 quindecim
649 3612 787 3680 graduum
820 3612 909 3666 catice
938 3617 981 3665 est
1007 3611 1187 3666 hebdomadis
1214 3617 1244 3666 et
1272 3613 1413 3682 ogdoadis

261 3702 379 3749 numeru
404 3696 508 3750 locaret
531 3696 581 3749 ad*
606 3715 660 3765 quo
684 3716 771 3766 usque
796 3698 845 3752 illa
868 3697 927 3765 (ille
945 3703 969 3760 t)
987 3698 1110 3767 perfecte
1134 3699 1297 3753 credidisset
1314 3699 1344 3751 in
1362 3699 1413 3755 his

261 3782 392 3851 perfectis
428 3788 457 3837 et
479 3784 568 3838 beatis
593 3784 696 3838 sanctis
714 3790 872 3839 sanctorum
890 3786 1030 3854 perfectus
1048 3784 1078 3839 in
1095 3785 1147 3839 boc
1166 3789 1292 3854 utroque,
1309 3785 1359 3853 qui
1378 3788 1412 3841 in

263 3869 421 3936 quindecim
456 3870 593 3939 marinum
630 3871 738 3925 cantico
766 3876 816 3939 est,
843 3871 1022 3927 hebdomadis
1058 3876 1087 3925 et
1122 3872 1254 3942 ogdoadis
1290 3890 1412 3928 nurnero

263 3955 402 4009 locaretur
420 3957 444 4007 td
499 3960 530 4010 16
549 3963 578 4011 et
596 3957 666 4023 legis
685 3977 715 4011 aa
733 3963 762 4012 et
780 3958 849 4027 legis
867 3964 896 4012 et
914 3958 976 4011 aa?
992 3959 1016 4011 Γ
1030 3959 1168 4025 etlegisr
1185 3959 1298 4027 inlegis
1315 3978 1328 4009 s
1346 3958 1413 4015 sine

262 4041 332 4110 legis
344 4042 389 4093 Da
444 4044 475 4096 17
489 4044 659 4111 conplacitos
675 4046 699 4097 1⁷
711 4045 891 4113 complacitus
903 4046 967 4098 rDa
982 4046 1134 4113 completos
1152 4066 1165 4096 s
1201 4046 1370 4101 distributus
1391 4050 1417 4101 tr'

263 4128 363 4182 isssint
379 4126 463 4182 l'rffloe
474 4133 559 4183 sante
595 4131 721 4185 absolute
737 4131 1133 4187 VabsolutaerabsolutiusE
1165 4132 1225 4185 ueri
1235 4132 1370 4186 uirtutem
1391 4136 1418 4189 l'

262 4214 317 4269 uiri
326 4216 468 4270 uirtutesr
511 4218 546 4271 20
555 4217 777 4287 intellegentiam
790 4219 827 4272 Vr
852 4235 1035 4288 conseq.mur
1048 4219 1072 4272 l'
1098 4219 1365 4287 superscribtionum
1382 4222 1414 4276 V.
1529 4267 1530 4276 2
