3075 4967
377 297 558 376 tractatus
577 293 612 346 in
629 291 801 362 psalmum
821 292 992 346 CXXXVIII.
1197 291 1260 356 755

120 485 365 568 cognouisti
401 491 432 549 ot
455 489 567 558 estora,
592 501 661 566 quae
683 483 810 568 propria
832 489 905 547 sunt
919 482 985 548 sius
1001 481 1148 556 hominis,
1164 503 1260 566 quom

118 589 299 670 adsumpsit
344 589 472 672 antiqua
494 593 574 664 suut,
598 607 665 670 quae
688 590 818 652 modurn
840 607 903 652 non
926 586 1052 663 habant,
1080 607 1150 669 quae
1172 586 1261 652 inds-

116 693 194 758 iiniti
230 693 379 773 temporis
409 691 587 775 significant
615 696 813 756 uetustatem.
857 691 896 754 iu
932 690 1139 771 principio
1173 699 1261 755 orat

118 797 293 874 uerbum,
317 803 355 862 ot
377 797 510 861 omnia
532 815 602 878 por
625 815 710 861 oum
734 795 845 861 saota
867 801 969 860 sunt

161 903 211 966 15.
236 900 359 967 Dehine
382 905 416 964 ut
438 900 609 966 nouissima
624 901 701 964 dous
722 905 753 964 ot
775 900 904 983 antiqua
919 899 1075 982 agnouit,
1097 899 1141 964 ita
1162 898 1195 964 in
1211 919 1258 974 so,

115 1007 200 1088 quod
224 1005 378 1089 sequitur:
409 1011 448 1070 tu
479 1003 671 1069 formasti
694 1024 751 1090 ruo
781 1011 820 1069 ot
849 1005 1028 1085 posuisti
1058 1023 1261 1086 superma

117 1129 277 1175 manum
300 1115 413 1178 tuam,
436 1113 601 1191 utrumque
623 1108 796 1192 signifieat:
826 1114 868 1186 ut,
892 1110 976 1192 quod
1004 1107 1158 1184 formauit
1182 1107 1260 1172 anti-

116 1233 214 1297 quum
245 1215 294 1289 sit,
325 1216 407 1296 quod
437 1213 632 1294 superposuit
668 1232 805 1290 manuus
838 1212 1046 1277 nouissimum
1083 1212 1131 1276 sii.
1177 1213 1261 1293 quod

115 1318 201 1383 onim
225 1319 395 1383 ssoundum
411 1323 556 1381 naturam
571 1317 741 1381 diuinitatis
756 1316 910 1381 formatus
926 1317 974 1391 sit,
997 1314 1154 1395 apostolus
1170 1315 1260 1380 doust

115 1422 240 1487 dicens:
266 1422 331 1506 qui
354 1441 439 1486 oum
462 1422 501 1484 in
526 1420 653 1484 forma
676 1420 741 1485 doi
764 1427 892 1498 susst3
916 1418 1261 1504 quodeniminforma

115 1533 174 1601 ost,
199 1526 350 1590 formatur
372 1526 403 1589 in
428 1525 563 1589 formam
586 1532 617 1590 ot
640 1525 766 1608 quidem
790 1535 927 1606 patsruae
954 1529 1071 1588 naturas
1094 1528 1126 1588 st
1148 1523 1260 1588 diuini-

115 1630 192 1694 tatis
208 1631 350 1694 Iormam.
397 1636 428 1694 ot
441 1629 555 1706 nascio,
578 1649 626 1705 an,
651 1630 733 1712 quod
753 1627 905 1693 formatus
927 1628 960 1692 in
983 1628 1084 1692 souma
1106 1627 1189 1692 sorni
1205 1632 1261 1698 ast,

115 1734 229 1799 referri
252 1735 351 1814 possit
373 1734 413 1798 ad
435 1739 566 1814 patrem,
587 1740 622 1798 nt
644 1733 797 1798 formatus
819 1733 858 1798 ab
881 1733 949 1817 ipso
973 1733 1029 1797 sit:
1053 1731 1261 1812 sapientia

117 1839 226 1903 onim
249 1839 339 1918 ipsa
361 1837 441 1902 sibi
463 1837 694 1903 aedisioauit
716 1837 880 1901 domum.
926 1837 982 1902 ssd
1005 1836 1079 1901 hino
1100 1855 1159 1900 nso
1182 1841 1259 1900 tom-

115 1942 206 2028 poris
235 1961 294 2006 uso
324 1942 502 2026 quaestiouis
533 1946 581 2006 ast
610 1941 743 2022 amplius
765 1941 859 2024 loqui.
904 1942 988 2026 quod
1011 1947 1115 2006 autem
1137 1938 1261 2020 propris

116 2049 157 2112 sd
177 2065 357 2127 corpoream
374 2045 566 2111 natiuitatsrn
578 2046 690 2111 rsiorri
702 2057 856 2128 oporteat:
881 2051 920 2111 st
940 2045 1119 2127 posuisti
1142 2063 1263 2125 supsr

115 2171 179 2214 mo
201 2171 356 2214 manum
391 2158 506 2227 tuam,
529 2151 572 2214 ita
595 2153 744 2215 docemur
767 2170 805 2215 sx
827 2169 962 2231 persona
982 2150 1097 2230 patris:
1113 2148 1261 2225 ¹inusui

115 2253 250 2319 Dauid
274 2273 433 2318 seruum
457 2274 592 2332 rusum,
616 2254 653 2318 iu
678 2253 767 2318 olso
792 2253 1143 2318 sanotomeounxi
1167 2271 1262 2317 sum.

115 2379 260 2423 manus
295 2358 401 2422 suin]
435 2379 521 2424 msa
558 2357 833 2423 auxiliabitur
869 2357 935 2422 illi
974 2363 1012 2422 st
1049 2356 1260 2420 brachium

115 2481 247 2526 meum
272 2463 532 2528 confortabit
555 2483 651 2528 sum.
696 2460 802 2526 nihil
831 2462 1034 2544 profioist
1066 2461 1260 2525 inimicus
1288 2485 1299 2521 «ε

115 2567 156 2630 in
180 2587 232 2644 so,
249 2571 287 2630 st
309 2565 427 2632 filius
451 2567 693 2651 iniquitatis
716 2587 792 2631 non
816 2567 972 2632 adiciat
994 2585 1143 2630 nooors
1167 2585 1261 2629 sum.

117 2677 149 2736 st
174 2689 235 2734 nou
261 2677 307 2734 est
330 2671 520 2755 ambiguum,
555 2690 682 2736 omnam
715 2670 800 2736 huno
832 2670 989 2751 psalmum
1022 2672 1061 2735 ad
1095 2689 1262 2750 porsonam

116 2775 237 2838 domini
273 2793 342 2840 esse
374 2775 590 2840 reserandum:
625 2776 698 2859 quia
727 2795 764 2840 oa
795 2775 901 2839 omnia
930 2776 962 2838 iu
986 2794 1022 2840 oo
1044 2775 1115 2851 sint,
1139 2793 1208 2856 quae
1232 2781 1263 2838 ot

119 2877 279 2943 diuinitati
312 2879 407 2960 ipsius
441 2879 566 2960 propria
600 2880 661 2944 sint
691 2887 722 2944 st
745 2900 763 2944 a
785 2885 902 2944 naturae
936 2888 1050 2944 nostrae
1080 2878 1262 2943 infirmitate

114 2982 313 3048 dissentiant.

165 3085 213 3150 16.
237 3085 278 3150 Et
301 3087 374 3170 quia
395 3093 527 3171 utroquo
549 3088 582 3151 iu
612 3096 761 3170 temporo,
797 3089 829 3153 id
864 3096 912 3153 ost
942 3088 1112 3152 nouissimo
1135 3093 1166 3152 st
1185 3087 1262 3150 anti-

12 3259 15 3262 ,
116 3209 190 3274 quo,
214 3189 263 3254 usi
286 3191 353 3272 ipso
376 3191 572 3272 praedioando
594 3191 646 3257 usi
661 3193 692 3255 in
709 3193 855 3273 apostolis
871 3200 902 3257 st
920 3191 1082 3277 prophetis
1105 3189 1262 3273 loquendo

120 3295 336 3377 cognitionem
361 3316 398 3360 ex
420 3317 455 3361 so
478 3296 528 3361 dai
545 3295 720 3361 mirabilem
735 3296 818 3370 seuit,
842 3297 898 3361 ait:
922 3295 1130 3361 mirabilis
1153 3294 1264 3358 faeta

117 3409 182 3463 est
204 3398 384 3465 scientia
407 3405 472 3464 tua
495 3421 540 3465 ox
563 3421 630 3466 mo.
676 3401 731 3466 ssd
755 3399 908 3465 mirabilis
924 3396 1104 3484 quomodo?
1149 3418 1262 3478 nomps

162 3546 363 3616 3Ioh.l,Isq.
401 3547 592 3616 10Phi1.11,6.
631 3549 752 3602 13Pr0v.
765 3549 812 3615 IX,
826 3551 850 3602 1.
887 3551 919 3602 17
932 3548 975 3601 Pa.
988 3547 1163 3613 LXXXVIII,
1175 3549 1207 3600 21
1222 3563 1263 3614 sq.

166 3663 178 3712 l
199 3659 257 3713 eius
283 3677 354 3729 aspr.
381 3677 429 3712 scr.
457 3679 489 3714 m.
509 3661 526 3714 1
545 3661 570 3714 R
622 3662 707 3729 4per
732 3679 795 3714 sum
813 3661 867 3713 ΒΡ
887 3677 938 3728 per
964 3660 1056 3729 ipsum
1074 3660 1103 3711 E
1153 3660 1263 3726 tquod

116 3746 206 3799 onaR
260 3749 291 3800 il
311 3745 446 3808 formatur
464 3747 492 3800 in
511 3747 627 3801 formam
642 3748 666 3800 R
679 3746 815 3801 formatur
832 3748 861 3800 in
879 3747 969 3800 forma
982 3747 1007 3798 P
1056 3751 1085 3799 at
1104 3747 1263 3814 quidem—

117 3833 239 3886 sormam
257 3850 304 3885 om.
323 3833 349 3886 R
367 3837 396 3886 st
413 3833 438 3886 si
456 3837 588 3902 paternas
612 3839 727 3887 naturas
746 3840 775 3888 et
792 3834 947 3887 diuinitatis
966 3834 992 3886 P
1044 3837 1076 3887 12
1094 3833 1211 3885 formam
1230 3860 1262 3868 —

116 3919 194 3972 serui
212 3935 261 3972 om.
280 3919 306 3972 P
321 3920 448 3989 cs.Acod.
463 3939 491 3991 p.
505 3919 608 3990 32aqq.
663 3923 697 3974 13
714 3921 849 3974 referriR
867 3926 899 3974 ut
916 3920 1052 3974 referril’
1101 3920 1136 3972 ad
1154 3925 1263 3987 patrem

117 4006 147 4060 R
165 4022 181 4058 a
198 4011 279 4075 patre
296 4007 323 4059 P
374 4011 405 4060 ut
430 4007 565 4061 formatus
584 4008 610 4060 R
636 4013 664 4060 et
691 4007 827 4062 formatus
845 4009 871 4060 P
895 4009 978 4060 locum
1004 4010 1032 4060 io
1050 4007 1103 4059 RP
1126 4008 1192 4058 notis
1210 4009 1263 4060 illio

115 4093 324 4146 abusationibus
350 4094 494 4162 confusam,
518 4097 564 4147 secl
572 4095 658 4163 focile
684 4113 714 4147 es
740 4111 828 4147 eorum
858 4096 970 4162 uatiqio
993 4095 1176 4148 rosimundam
1202 4095 1263 4147 bene

115 4191 305 4232 commorunt
323 4181 351 4232 E
404 4183 436 4234 14
453 4198 505 4234 neo
531 4185 641 4250 tempus
660 4186 675 4234 ὃ
693 4197 744 4234 neo
769 4182 943 4249 quaestiones
962 4182 988 4234 P
1040 4183 1072 4235 15
1089 4181 1219 4250 proprias
1237 4183 1263 4234 R

120 4269 155 4320 19
173 4264 214 4319 illi
234 4267 287 4324 ΒΡ
302 4267 327 4321 si
347 4267 375 4320 Ε
426 4270 457 4321 21
478 4269 506 4321 iu
525 4274 560 4322 sil
578 4287 609 4322 ex
625 4268 654 4321 iu
672 4285 704 4322 oo
723 4269 827 4321 ΜΕ
879 4268 1062 4322 assianum
1081 4268 1217 4322 mirabilis
1230 4270 1262 4321 P.

1053 4373 1107 4426 48*
