3075 4967
406 300 586 349 tractatus
604 296 639 349 in
657 294 832 363 psalmum
850 294 970 350 CXVlll.
1196 296 1258 361 397

130 485 277 550 oblitus.
323 487 413 552 nobis
443 488 526 551 enim
565 486 633 551 baec
670 488 710 552 ad
748 487 959 565 cognitionem
996 488 1147 567 posterius
1178 489 1260 553 dicta

129 598 207 660 sunt:
229 591 284 656 sed
307 590 456 671 propheta
479 592 509 656 in
533 589 583 655 his
606 596 638 656 et
659 592 735 655 uiuit
757 598 789 655 et
811 590 954 675 loquitur.

168 692 501 761 interemtorum
527 694 584 761 sibi
614 697 760 761 doctrinae
784 702 814 760 et
837 694 1039 761 conlessionis
1069 696 1258 778 propheticae

128 818 236 877 sermo;
273 800 316 864 ait
348 800 447 864 enim:
484 798 638 867 adbaesi
670 801 927 865 testimoniis
963 802 1051 869 tuis.
1087 803 1258 882 domine,

128 902 200 966 noli
234 922 291 967 me
325 904 584 978 confundere,
619 906 690 987 quia
720 910 860 969 ueterum
884 913 915 969 et
937 906 1125 972 anteriorum
1148 924 1258 986 pecca·

127 1012 216 1071 torum
239 1008 362 1072 ueniam
388 1009 571 1073 testimoniis
601 1009 715 1073 domini
744 1009 932 1083 adhaerendo
954 1009 996 1073 sit
1018 1011 1155 1075 meritus.
1199 1010 1258 1075 scit

127 1112 201 1174 enim
233 1113 337 1177 uerbis
371 1114 420 1177 del
455 1114 569 1179 dictum
605 1132 689 1178 esse:
728 1131 822 1178 ecce
853 1112 1010 1178 deleam
1038 1128 1079 1178 ut
1111 1115 1256 1179 nubem

126 1215 352 1281 iniustitias
375 1223 463 1281 tuas
486 1224 524 1282 et
547 1225 748 1300 tamquam
772 1216 959 1281 nebulam
989 1224 1159 1297 peccata
1182 1226 1256 1282 tna.

126 1318 258 1385 domnus
282 1328 391 1401 potens
414 1328 461 1386 est
482 1322 587 1385 omnia
617 1341 661 1387 ea.
692 1340 761 1405 quaa
791 1322 823 1386 iu
853 1322 941 1385 nobis
970 1322 1097 1401 pudoris
1126 1329 1158 1386 et
1185 1341 1257 1387 con-

124 1422 241 1489 lusionis
266 1428 346 1503 suut,
369 1446 522 1501 amouere,
546 1426 570 1491 si
595 1432 626 1492 et
649 1445 704 1489 nos
723 1426 827 1491 dicere
842 1445 913 1490 cum
929 1425 1072 1491 libertate
1086 1428 1256 1506 possimus:

125 1528 269 1594 adhaesi
304 1531 559 1595 testimoniis
595 1532 684 1596 tuis.
730 1529 780 1595 bis
811 1531 894 1595 enirn
925 1530 1255 1595 adbaerentesaeon-

123 1632 233 1699 fusione
256 1634 468 1715 pudendorum
493 1642 525 1699 et
547 1636 734 1700 antoniorum
758 1634 923 1699 eriminum
946 1633 1122 1699 liberamur.

163 1738 209 1802 11.
234 1738 299 1803 Sed
323 1738 545 1804 concluduntur
560 1740 664 1803 omnia
679 1758 733 1805 suo
749 1740 865 1805 ordine.
889 1740 953 1803 suis
968 1740 1070 1803 rebus.
1116 1740 1257 1819 superius

123 1843 280 1907 enimait:
303 1844 407 1907 uiam
437 1844 659 1908 iniustitia
682 1862 820 1908 amone
842 1862 861 1907 a
883 1862 950 1919 me,
973 1844 1086 1907 deinde
1108 1843 1255 1909 subiecit:

123 1944 217 2010 uiam
240 1947 437 2012 ueritatis
454 1946 590 2025 dilexi,
607 1946 943 2031 tertiumidseqnitur:
967 1947 1119 2011 adhaesi
1143 1948 1257 2011 testi·
1283 1967 1310 2006 m

122 2052 261 2115 moniis
285 2053 375 2129 tuis,
399 2072 479 2117 nune
503 2052 615 2117 deinde
638 2053 681 2117 ita
703 2051 787 2115 linit:
812 2053 850 2116 in
873 2052 937 2116 uia
960 2058 1255 2132 preceptorum

123 2162 268 2219 tuorum
294 2156 465 2238 cucurri,
490 2174 574 2220 cnm
598 2155 791 2221 dilatasti
814 2176 881 2221 cor
905 2176 1038 2221 meum.
1074 2156 1257 2239 pergradus

122 2258 155 2321 ad
177 2258 208 2322 id
229 2266 357 2325 uentum
383 2266 437 2324 est.
482 2261 540 2325 uiae
563 2260 734 2344 iniquitatis
756 2267 876 2335 amotae,
898 2261 956 2325 uiae
979 2261 1118 2325 ueritatis
1136 2259 1256 2325 dilectae

122 2364 361 2428 testimoniorum
384 2364 565 2430 indiuisibili
588 2366 743 2442 societate,
773 2366 858 2429 utin
882 2366 932 2428 nia
962 2364 1177 2428 mandatorum
1207 2364 1257 2428 dei

124 2474 296 2532 curreretur.
341 2468 478 2545 sedula,
501 2488 569 2551 quae
593 2470 678 2535 ducit
700 2470 740 2534 ad
763 2470 868 2544 uitam,
899 2476 930 2534 et
952 2478 1084 2551 angusta
1109 2475 1138 2533 ot
1161 2467 1257 2533 tribu·
1283 2488 1309 2525 aa

124 2568 177 2633 lata
199 2578 262 2648 est3
286 2580 424 2655 angusta
448 2574 520 2655 quia
543 2573 709 2657 diligenter
737 2582 768 2638 et
790 2580 880 2637 caute
902 2574 932 2637 in
957 2593 994 2638 ea
1015 2572 1257 2655 ingrediendum

124 2682 178 2750 est;
200 2676 351 2745 tribulata.
376 2677 449 2759 quia
471 2696 528 2756 per
550 2676 663 2741 multas
687 2676 900 2742 tribulationes
923 2685 954 2741 et
968 2677 1128 2757 passiones
1147 2677 1257 2741 aditur.

125 2788 151 2841 et
170 2779 303 2845 insolens
336 2779 486 2861 propbeta
509 2780 740 2858 existimabitur,
775 2782 827 2864 qui
851 2800 884 2845 se
907 2779 988 2845 hanc
1018 2782 1100 2845 uiam
1134 2799 1259 2845 currere

124 2881 287 2963 glorietur?

165 2986 209 3052 12.
231 2988 378 3053 Meminit
400 2997 503 3055 autem
525 2990 605 3055 inter
634 2990 816 3055 innocentiae
846 2990 983 3054 studium
1014 2999 1044 3054 et
1074 2988 1257 3054 humilitatis
1282 3008 1309 3049 aa

126 3091 344 3158 consessionem
378 3112 554 3159 sermonum
590 3114 714 3159 suorum
744 3094 970 3159 moderandam
1004 3113 1073 3159 esse
1102 3094 1257 3158 uirtutem.

164 3272 193 3323 17
211 3270 283 3323 Esai.
303 3270 399 3338 XLIV,
418 3273 460 3325 22.

164 3409 269 3462 lenim
287 3414 315 3463 et
339 3409 374 3463 ad
400 3412 423 3463 V
473 3410 894 3480 cognitionemzzposteriue
922 3411 948 3464 R
974 3410 1141 3478 cogitatione
1168 3415 1258 3479 poste·

124 3492 176 3547 rius
200 3496 223 3549 l'
272 3496 420 3551 bcoberet
451 3497 498 3551 VR
550 3498 697 3551 4adhaesi
724 3498 892 3553 testimoniis
918 3498 974 3551 tuis
1000 3500 1023 3551 t.
1051 3499 1067 3551 l.
1095 3514 1142 3550 om.
1168 3497 1256 3567 l'RCp

124 3582 165 3633 red
185 3582 219 3651 cs.
244 3601 308 3651 qaae
333 3594 453 3638 secaretur
506 3578 571 3638 tul
597 3586 620 3639 t'
634 3578 665 3639 dl
693 3604 723 3639 ea
748 3586 829 3639 uobis
856 3586 898 3638 uel
923 3585 1017 3639 uerbis
1043 3602 1109 3637 corr.
1138 3603 1169 3636 m.
1197 3584 1258 3637 IR

124 3680 183 3721 ecce
208 3671 269 3723 odd.
296 3689 329 3723 m.
356 3670 376 3723 2
400 3672 425 3723 V
474 3672 611 3727 Snebnla
637 3672 662 3725 R
721 3675 789 3726 9ea
815 3690 863 3725 om.
897 3672 950 3740 VC
1000 3686 1069 3739 quas
1096 3671 1175 3723 nobis
1204 3671 1257 3741 Cpb

123 3754 217 3819 pudori
235 3761 264 3809 et
281 3758 437 3812 confusioni
451 3760 487 3829 pb
540 3758 652 3829 beaupr.
670 3778 719 3813 scr.
739 3778 773 3813 m.
788 3760 805 3813 1
823 3760 849 3812 R
903 3762 936 3813 10
954 3758 1010 3811 sint
1033 3758 1058 3809 V
1109 3759 1139 3810 ll
1159 3774 1176 3810 a
1193 3772 1258 3810 con·

123 3838 224 3895 lusione
259 3843 281 3894 V
306 3844 465 3899 confusione
492 3846 518 3898 R
581 3848 614 3900 13
632 3845 680 3900 ssd
709 3848 769 3899 odd.
801 3865 833 3898 m.
861 3845 881 3898 2
913 3846 938 3898 V
996 3844 1204 3898 noncluduntur
1230 3842 1257 3896 R

125 3927 154 3979 14
167 3940 225 3997 post
243 3946 339 3985 amone
357 3948 373 3985 a
390 3948 435 3986 ms
454 3934 480 3985 R
497 3935 558 3986 ocld.
569 3932 593 3987 lt
603 3932 631 3987 in
643 3935 705 4003 lege
723 3940 773 3987 tua
789 3933 923 3986 miserere
940 3932 995 3985 mei
1050 3933 1083 3985 15
1100 3929 1261 3984 adhaesitC

125 4013 154 4066 16
170 4015 226 4069 tuis
243 4019 326 4071 om.C
375 4017 437 4073 finit
455 4018 551 4074 exiiet
569 4038 601 4075 m.
620 4020 679 4075 2V
731 4023 763 4075 17
781 4012 831 4088 p'er
849 4019 936 4086 grado
955 4016 993 4072 R¹
1048 4019 1079 4071 18
1097 4016 1128 4070 id
1145 4036 1175 4070 ex
1191 4016 1258 4070 inR

124 4099 193 4153 niam
210 4101 398 4170 iniquitatist'
448 4108 483 4161 20
501 4107 726 4162 sedzzuiatt
779 4106 813 4160 ad
829 4107 915 4160 uitam
932 4105 1009 4159 ducit
1023 4104 1115 4174 Vl'pE
1164 4106 1257 4157 {llan-

126 4190 201 4251 gnsta
226 4200 285 4244 ante
312 4190 376 4259 quia
402 4210 450 4246 oar.
475 4194 501 4247 R
554 4194 582 4248 in
610 4211 642 4248 ea
669 4212 717 4247 om.
742 4194 768 4247 R
820 4194 854 4247 23
881 4192 956 4245 niam
983 4194 1051 4255 (tam
1078 4190 1107 4255 α)
1134 4190 1205 4244 hanc
1230 4190 1259 4242 Ε

126 4274 156 4326 ‘25
172 4274 245 4329 inter
262 4279 320 4331 adol.
339 4297 371 4332 m.
390 4277 411 4331 2
435 4279 459 4333 V
508 4283 542 4335 26
561 4281 731 4336 confessione
751 4282 784 4334 R.
