3075 4967
296 247 360 311 660
638 249 754 303 semoti
777 248 914 303 Hilarii
933 249 1098 321 episcopi

294 438 482 521 sperandum
506 443 569 503 est:
599 457 656 519 per
678 458 767 519 spem
791 439 954 520 praesentis
976 440 1080 507 seculi
1103 461 1191 523 spem
1216 442 1308 509 futuri
1329 443 1414 508 secuti
1515 455 1516 486 ³

295 547 519 625 consequentes
541 543 573 606 in
597 543 723 608 domino
745 549 851 608 nostro
873 543 942 610 lesu
959 543 1090 624 Christo,
1114 545 1167 630 qui
1188 553 1235 611 eet
1258 548 1416 613 benedictus

293 646 326 710 in
349 644 463 711 secula
484 645 678 711 seculorum.
724 666 824 712 emen.

693 764 880 876 returns
907 767 1037 871 omn.

253 920 267 957 e
339 889 1417 966 Memento,domine,Deuidetomnismsnsuetndinis

293 993 387 1057 eius.
418 993 527 1059 sieut
549 994 707 1059 inrenit
731 994 902 1073 domino,
925 1002 1058 1060 uotum
1082 999 1195 1063 uouit
1217 998 1417 1064 deolecob.

337 1097 366 1160 l.
391 1096 505 1162 Omnes
528 1098 656 1181 quidem
679 1099 848 1164 anteriores
879 1099 990 1180 psalmi
1020 1102 1173 1185 graduum
1203 1103 1235 1167 in
1267 1103 1416 1184 protectum

292 1220 349 1268 nos
372 1203 438 1282 spei
461 1201 599 1267 celsioris
629 1201 777 1268 extollunt
800 1209 831 1268 et
854 1223 909 1284 per
933 1205 1105 1271 doctrinam
1139 1205 1222 1284 fidei,
1256 1207 1328 1291 spei,
1358 1225 1417 1271 con·

293 1306 443 1382 fessionis,
466 1304 659 1383 humilitetis‚
687 1307 832 1372 orationis
855 1309 886 1372 in
911 1307 1044 1375 sublime
1067 1311 1216 1395 gradibus
1240 1311 1303 1377 suis
1325 1330 1417 1392 prone·

234 1441 266 1506 «ιο
295 1409 378 1476 hunt.
424 1410 480 1476 sed
504 1409 555 1476 hic
578 1412 732 1497 praecipne
754 1411 895 1493 psalmus
917 1434 974 1480 nos
997 1415 1037 1479 ed
1060 1416 1270 1500 cognitionem
1299 1415 1350 1480 filii
1377 1413 1417 1478 dei

293 1515 402 1580 edocet
425 1522 455 1581 et
478 1524 671 1580 sacramento
693 1516 865 1597 adsumptae
895 1518 934 1583 eb
959 1538 994 1584 eo
1024 1519 1127 1584 cernis
1158 1520 1297 1586 instituit.
1340 1519 1419 1599 eupit
1508 1569 1511 1576 .

292 1619 375 1685 enim
399 1621 455 1684 ite:
480 1630 688 1697 memento,
705 1621 874 1700 domine,
894 1622 1020 1688 Deuid
1044 1629 1081 1688 et
1103 1624 1233 1689 omnis
1256 1642 1417 1689 mensue-

293 1723 451 1789 tudinis
473 1725 566 1790 eius.
611 1724 725 1790 sudent
749 1724 844 1791 ludeei
867 1727 1037 1792 aduentum
1061 1727 1177 1792 domini
1202 1729 1305 1805 nostri,
1327 1725 1417 1812 quoin

292 1848 418 1909 corpore
456 1827 586 1893 sulutem
626 1829 759 1894 hnmano
798 1831 905 1914 generi
941 1831 1084 1909 reddidit,
1121 1831 1315 1918 abnegantes
1351 1829 1419 1895 hunc

240 1961 265 1996 rs
293 1931 446 2013 psalmum
469 1934 508 1999 ed
533 1933 633 1999 Deuid
656 1933 781 2010 referre,
803 1942 839 2002 ut
861 1935 891 1998 in
914 1934 1059 2017 passione
1084 1935 1202 2000 domini
1225 1936 1322 2018 impii,
1344 1935 1381 2000 ite
1395 1939 1418 1996 et

179 2075 182 2080 -
291 2039 322 2102 in
356 2036 526 2117 prophetie
560 2036 689 2104 scientie
722 2038 863 2122 inperiti;
897 2037 1038 2122 legentes
1068 2045 1098 2104 et
1128 2059 1189 2104 non
1211 2039 1418 2124 intellegentes,

292 2141 441 2206 hebentes
472 2148 504 2207 et
533 2143 718 2219 nescientes,
752 2148 938 2208 uenerantes
972 2147 1003 2208 ct
1036 2163 1096 2208 non
1127 2143 1327 2210 obedientes.
1369 2160 1418 2224 que

291 2245 376 2312 enim
413 2245 572 2330 religionis
610 2245 804 2312 simulatione
849 2247 1070 2330 prophetarum
1107 2247 1203 2314 libros
1239 2252 1419 2319 uererentur,

292 2349 396 2415 multis
419 2351 576 2434 cognitum
602 2357 658 2415 est.
703 2355 895 2417 contrectare
925 2349 1066 2434 legentes
1097 2371 1190 2417 menn
1221 2371 1280 2416 non
1310 2351 1418 2416 sudent
1515 2341 1516 2350 ἦ

240 2481 265 2515 20
292 2455 384 2520 linteo
407 2456 615 2523 substernunt,
639 2454 679 2518 ed
703 2454 796 2519 tidem
821 2456 1005 2521 sacrementi
1030 2461 1124 2520 testes
1147 2474 1200 2521 eos
1216 2455 1374 2522 adhibent:
1394 2457 1417 2516 et

292 2558 350 2623 hoc
373 2579 409 2623 eo
433 2557 561 2639 proficit,
576 2565 610 2623 ut
632 2560 748 2624 maiore
769 2557 1012 2643 inreligiositatis
1028 2559 1159 2625 crimine
1182 2579 1298 2637 eorum,
1321 2558 1418 2642 quibus

291 2670 393 2727 tentus
426 2661 525 2728 honos
560 2664 696 2741 debetur,
731 2663 814 2728 dicte
846 2669 898 2728 aut
931 2670 1129 2729 contemnent
1158 2673 1210 2728 eut
1240 2660 1418 2729 dissimulent
1514 2725 1515 2748 1

291 2773 343 2830 ent
365 2766 511 2832 nescient.
559 2765 616 2832 boc
639 2787 674 2832 co
697 2767 812 2832 dietum
836 2772 891 2845 est,
914 2769 994 2851 quie,
1010 2787 1082 2832 eum
1105 2767 1136 2832 iu
1159 2766 1317 2849 prophetis
1338 2764 1417 2847 longe

292 2876 405 2951 postea,
438 2889 531 2953 quem
559 2869 657 2935 Dauid
686 2889 814 2952 corpore
844 2877 1027 2946 excesserat
1059 2872 1207 2952 seriptum
1239 2871 1367 2936 hebeent
1391 2867 1416 2930 in

240 3000 265 3033 eu
293 2973 521 3039 Hieremieite:
544 2975 582 3039 in
607 2973 680 3038 ille
703 2976 776 3052 die,
800 2974 903 3041 dicit
925 2975 1120 3052 dominus,
1143 2971 1416 3040 contribulabo

334 3104 369 3156 25
386 3102 507 3156 Hierern.
527 3103 611 3169 XXX,
630 3104 646 3155 8
664 3121 704 3171 sq.

336 3210 349 3260 1
368 3223 419 3275 per
436 3225 512 3276 spem
529 3208 628 3260 VRI’T
645 3208 710 3275 quia
727 3225 778 3276 per
790 3225 867 3276 spem
881 3208 909 3260 E
959 3205 1037 3276 spen'r
1055 3207 1143 3262 futuri
1162 3206 1265 3260 saeculi
1281 3207 1326 3260 Vll
1341 3198 1417 3257 futuri

291 3294 394 3348 saeculi
413 3310 489 3361 spem
509 3294 558 3346 ΡΙ·
609 3297 843 3363 2coneequeutes
861 3294 938 3348 nl’t·
949 3294 1143 3362 consequentis
1162 3283 1419 3362 VcousequemurE

310 3391 341 3419 u-

190 3432 194 3437 ’
290 3435 349 3486 rltm
373 3437 428 3502 xpo
457 3433 483 3485 V
503 3431 628 3501 Explicit
654 3433 777 3501 psalmus
802 3433 900 3487 CXXX
927 3433 1025 3502 incipit
1052 3433 1174 3502 psalmus
1206 3432 1293 3486 CXXI
1316 3427 1372 3496 (ric)
1401 3423 1419 3476 V

291 3520 367 3575 Finit
393 3521 514 3588 pselmus
542 3519 640 3573 CXXX
667 3519 767 3588 incipit
786 3519 898 3574 CXXXI
916 3521 942 3573 R
959 3519 1084 3588 Explicit
1110 3515 1184 3573 triidt
1209 3518 1310 3588 psalmi
1331 3510 1415 3570 CXXX

289 3606 389 3675 incipit
414 3601 488 3660 trist
513 3607 612 3675 psalmi
641 3605 753 3660 CXXXI
772 3607 798 3659 P
813 3607 894 3675 Expl.
921 3607 956 3661 de
981 3607 1079 3660 CXXX
1102 3605 1186 3675 incip.
1215 3605 1251 3659 de
1278 3596 1417 3658 CXXXIT

289 3688 306 3748 9
332 3693 500 3748 bumilitetis
529 3693 662 3746 cretionis
692 3693 718 3746 R
747 3692 912 3748 humilitatis
941 3692 1111 3762 operationis
1141 3693 1219 3746 ΡΓΕ
1248 3709 1296 3746 om.
1321 3689 1341 3743 V
1391 3685 1415 3736 in

290 3779 424 3834 sublimes
443 3781 469 3834 R
491 3781 521 3833 in
548 3780 685 3834 sublimen
709 3781 734 3832 V
786 3782 819 3834 10
835 3781 1001 3849 praecipuae
1019 3780 1045 3833 R
1097 3779 1137 3834 fili
1156 3775 1205 3832 dm
1223 3777 1286 3844 (sic)
1305 3767 1418 3831 dooetl'

291 3869 323 3922 18
342 3867 549 3921 ministrasit
602 3868 636 3921 14
653 3867 785 3921 redditP
836 3871 869 3922 to
887 3866 1011 3921 scietiem
1030 3866 1115 3936 periti
1129 3867 1155 3920 V
1206 3868 1238 3920 1⁷
1256 3865 1416 3919 hebentes-
1511 3905 1512 3911 ,

290 3955 467 4009 oboedientes
485 3973 534 4008 cm.
554 3955 604 4008 PT
620 3958 784 4008 uenerantes
804 3981 836 3992 -
855 3954 1032 4008 oboedientes
1051 3971 1099 4008 om.
1116 3953 1139 4008 V
1191 3953 1223 4008 19
1242 3953 1384 4006 cornutus
1399 3941 1418 3995 V

290 4042 481 4096 endffentP
524 4041 693 4096 leinteeT
738 4042 888 4128 euffitnnnt
915 4039 962 4106 (bs
989 4043 1017 4093 in
1044 4037 1111 4106 res.)
1139 4040 1165 4092 P
1215 4056 1261 4093 eos
1288 4056 1333 4091 ors.
1354 4029 1417 4086 W

290 4147 323 4200 21
345 4146 446 4216 ,pfeoit
456 4147 481 4198 Τ
532 4148 567 4200 22
584 4162 651 4199 onos
669 4163 699 4199 ec
716 4145 821 4200 ounslt
874 4149 966 4199 eutem
984 4147 1124 4198 cotemnet
1137 4141 1172 4197 V²
1225 4145 1261 4196 24
1277 4137 1415 4195 excesserit

291 4251 321 4286 es
338 4233 486 4286 excesserit
507 4234 531 4284 Τ
581 4235 615 4288 25
631 4232 767 4286 hieremie
793 4232 839 4285 VT
856 4231 969 4286 ieremie
987 4231 1044 4284 ΒΡ.
