3075 4967
307 257 370 322 758
654 259 771 312 saneti
791 259 926 312 Hilarii
944 258 1107 327 episcopi

306 455 472 534 utrumque
506 469 587 524 uero,
623 451 716 514 deum
750 448 870 515 seilicet
902 454 996 532 atque
1018 448 1191 518 hominem.
1215 458 1289 517 mne
1318 455 1431 521 tantum,

307 575 379 620 oum
408 555 440 618 in
474 552 602 619 homine
636 553 700 618 fuit.
746 559 814 618 erat
846 553 930 618 enim
964 553 996 617 in
1031 554 1134 619 forma
1154 555 1217 621 dei
1253 563 1284 620 et
1316 557 1434 619 formum

306 659 438 725 hominis
461 659 596 740 aceepit;
619 663 651 722 et
672 677 797 722 rursum
819 658 851 721 iu
874 656 975 741 gloria
990 658 1040 722 dei
1066 659 1230 739 patrissat
1252 659 1350 723 forma
1361 659 1435 722 uide

307 764 380 830 lieet
395 763 499 829 semili
521 762 701 847 ingloriam
724 763 798 836 eius,
822 762 908 827 ouius
930 763 963 826 in
986 762 1088 827 forma
1110 770 1181 828 aute
1203 764 1357 839 manebat,
1377 781 1435 844 pro

269 891 281 927 s
309 868 439 946 finiente,
463 867 666 948 corruptionis
690 865 809 932 scilieet
826 872 937 930 natura
951 887 1008 947 per
1021 867 1195 948 profectum
1211 867 1435 950 incorruptionis

308 973 439 1037 absorte.

352 1077 402 1142 20.
427 1075 502 1142 Cum
526 1076 621 1160 igitur
643 1075 797 1154 psalmum
826 1073 910 1140 huno
933 1083 1068 1156 ooeptum
1091 1096 1130 1140 ex
1150 1097 1285 1157 persona
1308 1075 1436 1140 hominis

308 1201 402 1264 quem
426 1180 607 1261 adsumpsit,
631 1179 872 1254 meminerimus,
896 1178 1063 1262 diligenter
1092 1182 1303 1245 contuendum
1331 1185 1382 1249 est
1408 1188 1436 1241 ut

307 1284 536 1370 intellegamus,
560 1283 636 1367 qnid
659 1283 811 1348 diuinitati
835 1283 909 1357 eius,
944 1285 1017 1367 quid
1040 1283 1160 1349 homiui
1196 1286 1236 1349 sit
1266 1285 1433 1365 aptandum:

256 1411 281 1448 ιι
308 1396 401 1473 atque
423 1389 474 1466 ita,
496 1394 530 1453 ut
551 1407 679 1453 sensum
709 1392 848 1452 nostrum
878 1388 969 1452 dietis
992 1387 1094 1471 magis
1124 1387 1324 1469 applicemus.
1353 1404 1432 1470 quam

308 1515 363 1574 per
397 1492 517 1557 fallacis
550 1490 772 1575 intellegentias
806 1491 985 1572 opinionem
1018 1493 1123 1557 sensui
1158 1493 1242 1558 diota
1270 1492 1431 1558 subdamus

308 1599 349 1663 ait
372 1598 471 1663 enim:
496 1617 569 1680 quo
593 1595 658 1659 ibo
680 1615 698 1658 a
720 1594 872 1676 spiritu
902 1601 980 1674 tuo,
1010 1601 1077 1660 aut
1099 1617 1118 1660 a
1141 1595 1250 1662 faeie
1284 1601 1350 1661 tua
1370 1611 1432 1677 quo

308 1701 486 1786 fugiam?
530 1701 652 1765 diuersa
686 1699 873 1783 significatio
896 1707 944 1765 est
966 1699 1092 1780 spiritus
1116 1706 1209 1784 atque
1233 1700 1332 1766 faciei.
1373 1705 1432 1762 eta

308 1807 417 1887 spiritu
440 1806 566 1889 quidem
590 1804 717 1874 abibe.
742 1825 760 1868 a
782 1804 861 1869 faeie
885 1811 988 1869 autem
1011 1805 1173 1888 fugiam.
1220 1802 1433 1885 dehinosequi·

257 1933 282 1968 ss
309 1917 373 1974 tur:
398 1909 430 1975 si
454 1908 681 1974 ascendero
713 1909 752 1972 in
783 1907 931 1983 calum,
961 1921 1000 1973 tu
1023 1908 1115 1974 illio
1137 1929 1195 1986 es;
1229 1911 1264 1973 si
1288 1910 1432 1972 deseen-

309 2017 405 2080 dero
439 2014 479 2077 in
513 2013 726 2080 infernum.
760 2013 864 2077 ades.
920 2031 982 2078 non
1018 2013 1128 2077 eadem
1163 2020 1212 2078 est
1245 2011 1379 2078 assensio
1406 2009 1431 2071 in

309 2117 427 2195 eaelum,
451 2137 519 2201 quae
543 2122 574 2182 et
598 2117 760 2182 descensio
783 2117 816 2180 in
838 2116 1005 2181 infernum.
1051 2117 1175 2181 tertium
1192 2117 1307 2182 deinde
1328 2121 1385 2180 est:
1404 2112 1430 2177 si

309 2240 519 2302 sumpsero
554 2222 699 2304 pinnas
732 2239 841 2285 meas
875 2230 967 2285 onte
990 2219 1121 2285 luoem
1145 2226 1184 2286 et
1207 2221 1431 2286 habitauero

309 2325 348 2391 in
372 2327 594 2406 postremis
618 2325 758 2390 maris:
784 2325 936 2389 etenim
958 2323 1059 2389 ilino
1085 2345 1223 2389 munus
1246 2332 1313 2389 tua
1333 2323 1431 2388 dedu·

257 2451 282 2487 ιο
309 2437 372 2495 oet
394 2450 461 2511 me,
487 2435 525 2494 et
548 2428 708 2494 tenebit
737 2449 796 2493 me
830 2429 1001 2493 dextera
1023 2435 1097 2492 tua.
1142 2429 1206 2493 iam
1228 2449 1289 2492 non
1314 2425 1431 2492 hominis

308 2533 378 2600 haee
412 2553 471 2599 uox
505 2539 560 2599 est.
594 2538 627 2597 ut
660 2533 771 2613 pinnas
815 2541 925 2610 sumat,
971 2539 1004 2598 ut
1036 2553 1107 2598 suas
1142 2539 1254 2608 sumat,
1298 2540 1331 2597 ut
1360 2537 1430 2596 trans
1517 2552 1518 2559 ι

309 2657 459 2703 ooesnum
492 2637 620 2714 habitet,
653 2643 687 2702 ut
721 2638 893 2703 deduoatur
924 2636 988 2701 illie
1021 2657 1115 2702 manu
1150 2637 1209 2713 dei,
1243 2644 1277 2701 ut
1309 2643 1431 2701 teneatur

310 2742 436 2806 deutera
470 2742 534 2806 dei:
568 2741 697 2822 potioris
720 2741 804 2807 istud
826 2746 944 2806 naturae
966 2746 1021 2806 est.
1068 2746 1099 2805 et
1122 2743 1191 2824 quis
1222 2739 1275 2805 hio
1304 2741 1349 2813 sit
1387 2734 1428 2818 qui

310 2846 503 2910 confidenter
525 2845 592 2910 haee
615 2847 706 2917 dieat,
729 2845 797 2925 ipsa
819 2845 974 2911 dictorum
996 2845 1074 2909 ratio
1097 2845 1291 2909 monstrabit

258 2985 283 3022 ss
354 2965 403 3030 21.
428 2965 603 3032 Ostendens
625 2967 720 3052 igitur
743 2967 921 3051 unigenitus
944 2967 1021 3032 deus
1044 2987 1121 3040 eam,
1145 2986 1215 3050 quae
1231 2985 1334 3047 perse
1350 2963 1428 3028 mira·

309 3069 381 3134 bilis
416 3070 496 3135 faeta
518 3077 565 3136 est
588 3077 619 3136 et
641 3073 681 3136 ad
711 3091 806 3166 quam
836 3091 897 3135 non
928 3076 1039 3152 potest,
1068 3076 1206 3151 paternae
1237 3064 1430 3134 admirationis
1517 3098 1518 3123 ι

310 3175 550 3247 eonfessionem.
583 3181 750 3258 utrumque
780 3175 811 3239 in
835 3196 869 3239 se
892 3181 1016 3255 tempus
1050 3184 1081 3240 et
1113 3182 1258 3240 naturam
1286 3178 1428 3251 utrumque

310 3279 474 3362 signifieat,
498 3278 616 3344 seilicet
639 3300 717 3356 eam,
743 3299 803 3362 qua
826 3284 857 3344 et
879 3279 912 3343 in
934 3278 1044 3359 spiritu
1067 3285 1099 3343 et
1121 3278 1152 3342 io
1176 3297 1305 3359 eorpore
1319 3289 1427 3341 maneus
1517 3332 1518 3359 1

311 3383 420 3448 docuit.
465 3403 536 3447 oum
552 3383 635 3448 enim
651 3384 708 3447 ait:
734 3403 809 3467 quo
830 3383 896 3448 ibo
919 3398 938 3446 o
960 3382 1112 3463 spiritu
1135 3388 1212 3454 tuo,
1229 3391 1346 3463 tempus
1360 3373 1426 3443 illud.
1517 3364 1518 3419 ἶ

252 3505 283 3542 ιο
311 3506 372 3570 quo
396 3494 427 3552 et
448 3487 515 3567 ipse
530 3487 657 3568 spiritus
673 3487 704 3551 in
720 3488 830 3570 spiritu
845 3493 983 3568 paternae
997 3485 1105 3570 gloriae
1117 3497 1189 3551 ante
1201 3483 1424 3565 adsumptionem

311 3589 444 3656 hominis
467 3592 589 3664 mansit,
612 3592 756 3656 ostendit.
801 3611 863 3665 non
887 3591 970 3656 euim
993 3596 1096 3672 potest
1118 3612 1137 3655 a
1159 3591 1267 3672 spiritu
1294 3599 1424 3674 quoquam

354 3811 366 3860 1
389 3808 436 3862 dm
454 3817 513 3861 ante
531 3808 723 3880 scilieetsapr.
736 3809 821 3862 sor.P
871 3808 935 3862 ain
953 3819 1013 3862 onte
1030 3808 1218 3861 formaom.P
1267 3795 1422 3862 osbwrnd

309 3893 439 3963 absorpta
451 3895 504 3948 PE
514 3895 548 3964 cs.
569 3895 680 3964 Geor-pes
705 3895 798 3964 Worts.
817 3895 837 3948 5
889 3898 906 3948 9
924 3893 1066 3948 diuinitati
1076 3895 1131 3948 RE
1146 3893 1312 3964 dignitatiP
1357 3891 1383 3942 12
1395 3883 1421 3936 ὼ
1517 3960 1518 3975 ἶ

310 3981 412 4049 spiritu
434 3985 483 4035 tuo
502 3982 528 4034 P
587 3984 621 4035 14
641 3981 722 4036 ebibo
741 3983 797 4034 RE
812 3983 930 4050 aquorbo
948 3981 1041 4050 (equor
1059 3984 1087 4034 ia
1104 3999 1158 4035 ros.
1175 3999 1194 4034 o
1210 4000 1243 4036 m.
1261 3979 1332 4046 m
1374 3977 1420 4044 pfl*

309 4071 403 4122 antem
421 4069 447 4121 R
464 4070 524 4122 odd.
541 4073 590 4122 tua
652 4069 684 4124 16
703 4069 727 4123 d
744 4068 804 4123 illie
822 4069 887 4123 ades
905 4069 931 4122 R
991 4071 1024 4122 a]
1050 4085 1156 4137 pennas
1173 4087 1205 4122 a
1220 4068 1314 4137 pinnas
1329 4082 1357 4116 ss
1370 4053 1419 4112 3Ιέ

310 4171 414 4222 pennas
428 4155 454 4206 P
503 4157 538 4209 22
555 4155 614 4208 illio
632 4156 658 4209 R
675 4155 743 4210 illno
761 4174 792 4209 ex
808 4156 869 4209 illio
888 4155 956 4218 Pes.
969 4158 1043 4210 Stad.
1055 4155 1137 4222 1889,
1148 4154 1207 4208 321
1257 4157 1291 4208 24
1305 4151 1418 4204 dictorum

311 4259 341 4293 es
368 4241 508 4295 dicturum
526 4243 553 4294 P
611 4241 779 4296 roesamP
827 4243 963 4311 28quoR
1015 4227 1417 4313 aoqortqsochfp.7td28·
