3075 4967
270 213 331 279 152
606 213 724 267 sancti
749 212 883 266 Hilarii
907 212 1072 282 episcopi
1188 253 1193 260 .

268 406 333 470 eius
356 404 552 469 dominatura
586 404 779 479 cecidissent,
803 411 917 480 tamen,
947 408 981 466 ut
1014 423 1074 467 non
1098 401 1271 467 subiectum
1293 422 1327 466 se
1350 401 1411 480 his,

269 529 337 593 quae
348 509 539 593 ingruerent,
550 509 705 588 edoceret,
717 507 860 572 subiecit:
883 513 923 573 et
945 507 1042 571 dixi:
1067 506 1158 590 quis
1182 505 1299 569 dabit
1313 504 1411 570 mibi

269 614 415 693 pinnas
439 612 547 678 sicut
570 609 787 678 columboe?
831 617 869 676 et
890 610 1038 677 uclabo
1069 616 1107 676 et
1140 609 1411 693 requiescam.

268 737 330 783 non
352 717 495 782 infirmus
519 722 573 791 est
599 716 647 780 eui
670 717 711 780 ad
734 715 918 782 caelandum
942 718 981 781 de
1003 714 1239 799 contegentibus
1270 734 1303 780 sc
1326 719 1412 778 tene-

229 850 241 884 s
268 821 332 886 bris
356 825 501 903 metuque
524 821 630 884 mortis
652 819 755 904 pinnae
779 841 840 885 non
870 820 993 886 abunde
1023 819 1183 884 sumendo
1213 825 1294 884 sunt
1340 838 1412 883 cunr

269 926 350 990 enim
386 924 475 990 dicit:
512 923 602 1008 quis
636 924 751 989 dabit
785 922 918 1002 mihil,
963 944 1026 988 non
1048 924 1204 1004 poscentis
1237 923 1276 987 ab
1299 921 1413 1005 aliquo.

268 1029 325 1093 sed
359 1047 420 1092 non
455 1027 579 1092 abunde
614 1028 767 1108 sperantis
798 1034 852 1093 est
898 1026 1021 1094 euolare
1058 1032 1161 1092 autem
1199 1033 1233 1090 ut
1270 1026 1414 1091 columba

267 1131 403 1209 festinat,
437 1132 467 1196 id
502 1137 551 1196 est
595 1132 626 1196 in
660 1131 830 1212 spiritalem
864 1132 968 1199 redire
1004 1137 1156 1197 naturam.
1207 1151 1281 1194 nam
1315 1135 1348 1194 et
1381 1130 1413 1193 io

268 1235 419 1301 columbae
443 1235 547 1319 specie
569 1236 696 1320 spiritus
718 1235 749 1300 in
774 1255 846 1300 eum
877 1235 1007 1302 uolsodo
1038 1235 1191 1318 requieuit
1219 1233 1413 1298 habitatione

218 1368 242 1404 10
268 1338 434 1424 aliquando
457 1339 488 1404 in
513 1359 550 1404 eo
573 1337 707 1416 homine,
732 1339 784 1422 qui
807 1347 875 1403 tom
898 1340 937 1404 de
960 1338 1413 1423 Iordanisaquiscseendebat

268 1444 401 1510 inuenta.
446 1450 478 1508 et
500 1441 568 1508 haee
591 1444 719 1527 quidem
742 1444 929 1524 precationis
952 1452 1000 1510 est
1021 1462 1123 1517 eausa,
1147 1442 1219 1526 quia
1232 1442 1415 1506 infirmitate

268 1548 405 1628 corporis
420 1547 612 1631 adgrauatus
629 1547 694 1625 hcc,
716 1548 799 1630 quod
823 1548 912 1612 nobis
936 1554 984 1612 est
1005 1545 1143 1624 mortale,
1166 1552 1357 1629 susceperat,
1382 1552 1415 1608 ut

268 1672 339 1716 caro
362 1651 460 1717 sactus
483 1652 514 1715 in
539 1651 681 1733 spiritum
704 1650 850 1716 euclaret.
895 1658 927 1716 et
948 1650 1061 1715 harum
1084 1651 1210 1735 quidem
1246 1650 1413 1730 pinnarum

268 1775 395 1821 suarum
417 1757 449 1819 in
472 1755 592 1836 psalmo
615 1755 675 1820 alio
698 1755 740 1820 ita
762 1757 917 1822 meminit:
949 1757 982 1821 si
1017 1775 1230 1836 sumpsero
1264 1756 1415 1835 pinnas

218 1889 243 1925 11
272 1879 378 1925 meas
400 1865 494 1925 ante
518 1859 645 1924 lucem
670 1858 1415 1940 ethabitaueroinpostrcmismaris.

269 1963 419 2028 etenim
443 1963 534 2029 illic
557 1983 696 2029 manus
720 1969 787 2028 tua
810 1965 983 2030 deducet
1005 1982 1072 2028 me.
1096 1963 1416 2046 suasitaquesumet,

268 2074 300 2132 ut
321 2067 519 2152 intellegatur
540 2087 593 2132 eas
618 2088 656 2132 ex
678 2067 728 2132 his
751 2073 918 2133 euacustus
941 2069 1116 2133 adsumere.

312 2170 340 2236 8.
364 2171 426 2236 Sed
449 2173 581 2252 sumptis
604 2171 716 2255 pinnis
740 2181 774 2236 ut
795 2171 928 2237 uolando
950 2172 1134 2255 requieseat,
1152 2192 1217 2255 quo.
1236 2171 1276 2236 sit
1291 2171 1416 2254 quiem·

269 2292 329 2352 ms,
353 2276 488 2341 ostendit
518 2275 639 2341 dicens:
671 2295 762 2341 ecce
793 2275 984 2360 elongaui
1016 2275 1182 2360 fugiens
1213 2281 1251 2340 et
1279 2275 1413 2339 mansi

216 2406 241 2443 ro
270 2380 308 2442 in
331 2379 506 2452 deserto.
551 2379 727 2444 cecidemnt
757 2379 881 2462 quidem
914 2400 1007 2460 super
1040 2379 1140 2445 lucem
1175 2378 1321 2457 tenebra,
1357 2380 1415 2443 sed

268 2481 404 2546 tenebrae
439 2503 508 2547 eam
543 2503 604 2547 non
628 2483 936 2564 conprehenderunt.
981 2483 1140 2568 elongauit
1169 2483 1251 2548 euim
1275 2481 1415 2567 fugiens

268 2585 320 2668 qui
344 2605 383 2650 ne
406 2606 424 2649 a
447 2586 682 2671 contegentibus
706 2587 831 2669 quidem
855 2587 954 2668 potuit
975 2585 1195 2671 conprehendi.
1239 2585 1322 2670 fugit
1336 2606 1414 2671 ergo

268 2689 361 2780 etiam
377 2709 437 2767 eos,
456 2689 507 2772 qui
531 2709 565 2754 se
588 2691 862 2774 persequebantur,
882 2699 913 2755 et
935 2691 974 2755 ab
998 2690 1047 2755 his
1066 2689 1275 2775 longelaetus
1290 2688 1412 2755 habitat

267 2793 298 2856 in
322 2794 456 2859 deserto.
502 2799 532 2893 et
555 2795 638 2877 quod
662 2795 821 2860 desertum
844 2793 904 2860 hoe
928 2795 978 2859 uel
1001 2814 1070 2878 quae
1085 2794 1216 2860 solitudo
1233 2795 1326 2859 sit—
1339 2814 1413 2858 nam

312 2953 345 3003 14
362 2951 405 3004 m.
425 2950 598 3018 cunnum,
616 2955 640 3006 e.

312 3125 403 3178 leius
422 3127 469 3178 del.
489 3123 526 3177 P²
580 3125 797 3180 dominanturP
847 3125 1014 3180 accidissent
1031 3127 1058 3178 P
1109 3101 1210 3179 εὲΞ
1224 3125 1374 3180 10111112
1394 3129 1417 3176 Ι’

266 3211 434 3279 ssingruent
465 3213 491 3266 V
540 3212 653 3267 doceret
683 3214 708 3267 l'
757 3213 897 3282 3pennaa
916 3214 943 3265 11
969 3232 999 3266 er
1022 3231 1097 3280 coma,
1122 3213 1173 3266 Pr
1223 3213 1294 3266 iad
1313 3214 1414 3268 uolan-

267 3295 332 3349 dum
344 3297 393 3349 Pr·
445 3299 631 3368 contegentib.
651 3317 680 3352 ec
699 3299 849 3368 dtegentib.
869 3300 895 3350 Ρ
914 3299 1020 3353 cunctis
1040 3300 1170 3368 gentibus
1189 3299 1215 3352 R
1267 3301 1414 3368 opennae

268 3383 317 3436 PT
368 3384 496 3438 aliundae
522 3385 553 3437 1Ἲ
607 3387 781 3455 ssposcentis
800 3403 830 3438 er
848 3392 993 3455 poscentes
1006 3405 1037 3439 m.
1055 3386 1107 3438 IR
1158 3385 1223 3440 sid
1238 3390 1280 3439 est
1298 3387 1414 3455 spirits·

267 3504 320 3558 lem
344 3505 369 3557 V
418 3521 481 3558 nam
500 3523 549 3559 om.
569 3506 620 3558 PT
677 3506 829 3575 despiciet
845 3505 895 3576 's'p‘s
918 3507 943 3558 V
1002 3510 1036 3562 10
1054 3509 1085 3561 in
1107 3483 1167 3561 a}
1184 3525 1250 3561 corr.
1279 3527 1311 3560 m.
1342 3508 1359 3560 l
1392 3509 1418 3561 V

268 3593 298 3645 ll
318 3592 504 3659 praecationis
529 3593 576 3644 Vll
629 3593 677 3662 qui
701 3594 726 3646 V
777 3596 811 3648 12
828 3594 995 3663 degravatus
1011 3594 1112 3647 VPTE
1163 3594 1243 3649 18111
1262 3592 1318 3663 spu
1339 3595 1413 3648 Pin

267 3677 367 3745 spiritu
378 3679 403 3730 Τ
454 3677 658 3746 euolardt(dtia
676 3697 729 3734 ras.
742 3677 772 3746 3)
786 3681 812 3733 11
862 3698 1017 3750 pennarum
1031 3681 1080 3734 ΡΓ
1080 3683 1108 3734 Ε
1161 3684 1193 3734 14
1204 3699 1309 3750 pennas
1323 3678 1416 3734 R⁸1⁷r

269 3765 301 3818 16
318 3764 422 3818 etenim
440 3765 499 3820 illic
516 3767 564 3820 VR
575 3767 614 3821 its
627 3761 674 3821 eni
686 3767 746 3822 illio
757 3767 830 3822 Pits
839 3761 888 3822 eni
898 3768 966 3822 illuc
980 3769 1005 3821 T
1016 3769 1120 3822 etenim
1138 3769 1206 3822 illuc
1219 3769 1247 3821 E
1256 3770 1288 3822 de
1305 3768 1367 3822 illic
1386 3770 1413 3821 iu

268 3853 424 3905 ricrsionibas
433 3855 456 3905 t.
466 3855 481 3904 L
493 3854 644 3923 antiquiscf.
655 3855 775 3908 Subotier
785 3855 822 3920 II,
833 3853 893 3908 269
945 3871 1009 3909 snas
1019 3857 1079 3908 odd.
1089 3853 1153 3908 m?
1167 3855 1304 3924 Vpennas
1313 3872 1378 3908 snas
1390 3857 1415 3907 T

267 3937 352 3990 sumit
370 3937 420 3990 ΡΓ
472 3941 505 3993 17
523 3945 551 3994 et
569 3939 612 3993 his
632 3941 682 3992 PT
733 3947 883 3995 euacuatus
907 3960 938 3995 ert
962 3946 1094 3995 uacuatos
1113 3943 1139 3994 R
1193 3943 1225 3996 18
1242 3942 1341 4009 pennis
1361 3942 1414 3994 ΡΤ

271 4025 301 4078 19
320 4024 448 4090 elongaui
466 4043 496 4079 ec
513 4026 626 4095 longasi
645 4045 676 4080 m.
696 4026 716 4079 2
740 4029 765 4080 V
813 4029 849 4082 20
866 4028 896 4081 in
913 4028 1061 4082 solitudine
1080 4027 1131 4080 W
1182 4029 1213 4080 21
1234 4027 1363 4097 longanit
1389 4029 1415 4081 P

267 4111 414 4178 2211111111
433 4127 465 4164 ea
485 4113 510 4165 n
571 4113 797 4182 contingentibus
824 4115 874 4166 PT
900 4114 1107 4169 continentibus
1130 4114 1155 4166 V
1203 4115 1364 4169 1311111111.
1390 4116 1415 4169 l'

267 4197 302 4250 ab
319 4195 363 4250 his
382 4194 441 4264 (cm.
461 4204 498 4263 et)
523 4199 548 4252 V
597 4201 800 4268 assequere
852 4201 994 4255 desertum
1011 4198 1260 4254 eudaemona?
1283 4201 1313 4255 V.
