3075 4967
261 248 325 313 866
609 248 726 301 sancti
745 246 878 301 Hilarii
895 246 1054 315 episcopi

262 446 352 503 terrae
374 456 411 503 ac
432 438 528 503 maris
551 442 582 501 et
604 436 674 501 aeris
698 436 869 502 animantia
901 436 1094 517 percucurrit
1118 437 1262 501 uniuerso
1285 456 1411 521 quoque

261 562 376 627 genere
399 549 533 619 etatum,
557 560 695 618 sexuum,
725 546 912 621 potestatum
943 539 983 604 ad
1012 539 1163 606 honorem
1198 541 1313 606 dehita
1336 561 1410 606 con-

261 646 407 713 lessionis
429 646 595 721 admonito,
618 651 652 710 ut
674 643 805 729 gloriam
830 644 905 720 eius,
928 645 981 728 qui
1004 664 1038 709 se
1060 645 1101 709 ad
1115 645 1211 710 uitam
1227 646 1411 711 animasset

261 749 425 826 firmasset
448 759 596 827 ornasset,
617 749 686 832 pius
702 748 874 833 gratiarnm
889 768 993 813 sermo
1008 747 1188 814 celebraret.
1234 755 1411 832 postquam,

224 889 236 927 5
262 866 296 918 ut
317 854 448 938 dignum
472 854 537 931 suit,
560 852 714 935 propheta
735 852 849 935 psalmi
872 852 968 935 ipsius
991 852 1053 918 fine
1075 854 1233 933 proprium
1250 853 1345 918 officii
1360 854 1410 918 aui

263 978 375 1024 munus
399 958 581 1039 expleuerat,
611 957 754 1023 omnibus
778 957 903 1040 quidem
923 957 964 1021 ad
989 956 1113 1022 laudem
1136 958 1272 1022 diuinam
1297 958 1411 1023 adhor-

263 1062 333 1128 tatis
357 1061 508 1146 hymnum
531 1072 634 1127 tamen
659 1081 728 1127 esse
750 1067 927 1127 sauctorum
947 1062 1013 1126 eius
1027 1062 1177 1126 ostendit:
1201 1062 1275 1127 tiliis
1290 1062 1412 1128 scilicet

264 1165 395 1244 Israhel,
418 1164 538 1247 populo,
569 1164 622 1249 qui
644 1164 733 1231 fieret
764 1165 821 1230 dec
851 1166 1017 1246 proximus,
1047 1173 1087 1242 ut
1119 1184 1191 1230 cum
1222 1166 1411 1231 uniuersitas

263 1271 366 1335 omnis
388 1270 480 1335 deum
505 1290 540 1335 ex
556 1271 628 1335 uitae
644 1289 708 1334 sum
724 1288 816 1334 sensu
832 1274 864 1334 et
879 1268 1083 1353 gratulatione
1097 1268 1262 1347 laudasset
1286 1269 1410 1335 Israhel

213 1408 236 1443 a
264 1380 367 1438 tamen
391 1374 419 1439 ei
443 1373 526 1440 solus
542 1373 728 1455 adpropians
744 1372 897 1456 hymnum
914 1392 950 1437 er
966 1374 1151 1457 cognitionis
1168 1394 1204 1439 ao
1220 1374 1411 1457 dignationis

265 1478 378 1543 diuina
402 1477 611 1543 familiaritate
634 1482 782 1543 cantaret.
827 1482 897 1557 post
930 1496 998 1560 quae
1032 1497 1113 1543 nunc
1145 1479 1185 1543 ad
1218 1478 1411 1543 cantandum

265 1583 322 1647 den
355 1602 467 1647 nonum
506 1583 661 1648 canticum
698 1582 873 1647 incitamur.
929 1589 961 1647 et
994 1583 1073 1648 sorte
1110 1582 1186 1648 nihil
1223 1582 1305 1647 ultra
1338 1582 1411 1648 reli·

264 1686 368 1769 quisse
406 1686 545 1768 psalmus
590 1686 723 1751 anterior
763 1686 908 1751 nouitatis
945 1685 1220 1769 admirationisque
1258 1686 1412 1763 credatur,

264 1809 344 1867 cum,
369 1791 393 1855 si
418 1791 493 1875 quid
515 1790 589 1854 illud
613 1790 643 1854 in
667 1789 873 1874 gratulatione
895 1795 1001 1855 nostra
1023 1810 1179 1873 sensuque
1202 1791 1250 1868 sit,
1273 1791 1411 1875 idipsum

213 1926 239 1961 a
265 1895 296 1959 in
319 1892 410 1959 laude
433 1904 573 1975 oportere
597 1913 666 1959 esse
690 1894 906 1975 praescriptum
925 1878 978 1959 sits
1021 1892 1130 1959 efferre
1144 1900 1250 1959 autem
1273 1914 1308 1960 se
1330 1894 1412 1960 ultra

266 1996 421 2065 caelestem
451 2001 560 2064 sedem
591 2018 680 2064 mens
704 2004 810 2065 nostra
832 2019 894 2063 non
917 1998 1046 2078 sufficit;
1076 2000 1132 2063 sed
1165 1997 1294 2063 laudare
1317 2000 1412 2065 deum

266 2122 310 2177 ea,
334 2122 402 2186 quae
426 2122 518 2184 supra
541 2101 630 2167 caelos
654 2108 733 2173 sunt.
757 2105 972 2168 admonentur.
1018 2122 1137 2167 rursum
1158 2107 1262 2167 autem
1285 2123 1321 2168 se
1343 2110 1412 2169 ten·

266 2207 340 2272 dere
363 2206 442 2271 ultra
464 2206 568 2290 abyssi
592 2208 835 2272 immensitatem
858 2205 1079 2291 intellegentias
1102 2212 1217 2271 nostra
1232 2206 1412 2288 opinionon

266 2316 382 2391 potest3
406 2330 515 2375 uerum
539 2330 584 2389 ea,
608 2311 730 2394 quaein
755 2310 906 2390 hiesum,
940 2312 979 2375 ad
1013 2310 1113 2375 laudis
1147 2310 1287 2377 officium
1317 2312 1412 2376 adue

215 2422 383 2479 secantur.
428 2413 489 2479 iam
529 2434 603 2480 uero
636 2416 703 2496 ipsa
736 2414 789 2479 illa
821 2420 930 2479 natura
963 2414 1033 2479 aeris
1066 2414 1098 2479 in
1132 2414 1296 2498 grandine,
1330 2416 1412 2493 niue,

266 2516 411 2603 crystallo
446 2516 649 2602 procellaque
683 2518 793 2599 spiritu
825 2518 988 2584 concinere
1017 2517 1151 2602 gloriam
1184 2524 1279 2583 tantae
1312 2518 1413 2585 laudis

266 2623 396 2689 iubetur.
442 2628 507 2687 turn
530 2642 621 2703 porro
642 2622 828 2687 uniuersitas
857 2622 983 2707 generis
1016 2621 1146 2687 humani
1167 2622 1200 2686 in
1222 2623 1358 2707 regibus,
1381 2623 1413 2688 in

267 2726 465 2807 principibus,
489 2728 521 2791 in
544 2726 703 2804 iudicibus,
728 2727 759 2791 in
783 2727 866 2791 omni
891 2726 942 2792 uel
963 2727 1063 2792 aetatis
1085 2726 1160 2792 flore
1178 2727 1228 2793 uel
1243 2727 1413 2793 senectutis

267 2832 443 2896 maturitate
473 2831 522 2895 dei
555 2830 678 2896 laudem
702 2836 829 2897 cantare
851 2841 1008 2913 praecepta
1029 2837 1090 2909 eat;
1121 2832 1195 2914 quia
1218 2830 1287 2895 haec
1310 2832 1413 2896 omnia

216 2958 240 2997 a
268 2934 327 2999 sibi
350 2935 563 3017 inperturbata
586 2954 676 2999 cursu
700 2936 921 3018 moderatoque
951 2936 1130 3012 consistant,
1165 2934 1324 3019 fluantque
1346 2936 1412 3000 uni·

268 3058 359 3103 uersa
389 3040 430 3104 ita
460 3045 575 3103 naturae
611 3057 673 3104 suae
708 3037 778 3122 lege
801 3046 966 3121 praeopta,
996 3048 1030 3104 ut
1060 3039 1208 3104 decedere
1231 3039 1281 3104 his
1305 3059 1343 3104 ex
1364 3059 1411 3113 ea,

269 3162 330 3225 que
352 3150 454 3209 creata
478 3148 557 3219 sunt,
582 3143 797 3209 constitutione
820 3163 880 3208 non
904 3142 1004 3209 liceat.

312 3244 341 3310 2.
366 3244 442 3311 Oura
468 3266 543 3331 ergo
566 3246 649 3312 nulla
672 3255 758 3311 extra
780 3246 849 3312 haec
871 3267 973 3313 rerum
989 3248 1165 3313 diuinarum
1180 3246 1411 3332 celestiumque

269 3350 393 3415 decreta
414 3350 554 3415 uideatur
577 3349 695 3415 homini
727 3370 875 3417 concessa
905 3371 975 3417 esse
1004 3352 1142 3437 cognitio
1165 3352 1410 3436 cognitionisque

216 3476 241 3517 aa
268 3452 409 3533 laudatio,
433 3454 600 3531 uideamus,
632 3455 671 3519 ad
695 3456 777 3537 quod
801 3475 881 3521 nune
901 3475 1016 3521 nouum
1039 3456 1194 3522 canticum
1216 3457 1411 3531 aduocamm,

314 3611 524 3680 lpercucurrit
550 3612 576 3663 lt
602 3612 743 3679 percurrit
768 3613 796 3664 E
846 3613 968 3682 dipsius
996 3613 1021 3666 R
1047 3613 1130 3667 huius
1158 3614 1186 3665 E
1236 3612 1411 3667 ttamenli

269 3702 378 3752 tantum
397 3699 426 3749 E
476 3698 633 3767 Bpopuloq
660 3699 751 3767 quili
780 3698 874 3771 (possis
899 3700 1057 3769 populoque
1076 3700 1124 3767 qui
1143 3718 1173 3753 a
1190 3718 1239 3753 asu
1256 3701 1312 3753 cod.
1331 3700 1364 3763 R,
1381 3700 1411 3751 dc

270 3802 318 3853 qrso
337 3786 371 3855 cf.
390 3787 471 3837 Acod.
496 3804 523 3855 p.
552 3782 599 3851 29,
626 3788 672 3839 sed
696 3802 772 3839 sucro
799 3788 879 3840 meai
896 3796 919 3839 et
937 3788 1088 3858 expositioni
1111 3788 1195 3839 minus
1212 3787 1331 3840 conuenit
1347 3802 1410 3853 ocq

269 3872 292 3923 h.
306 3872 321 3924 l.
335 3873 509 3941 dittographio
522 3882 605 3924 ortum
618 3890 671 3926 esse
683 3872 798 3938 uidetur)
855 3874 887 3927 10
904 3872 1191 3945 οιιονίρείἅΒὰοΕ
1243 3875 1276 3927 11
1295 3872 1410 3941 posth

272 3958 305 4011 12
325 3968 385 4027 post
412 3958 550 4011 canticum
578 3960 657 4012 dosia.
685 3962 722 4013 ed.
751 3970 798 4013 uet.
826 3970 887 4013 aare
910 3960 997 4013 Paria.
1017 3960 1090 4014 1605
1117 3958 1158 4025 (ia
1175 3979 1195 4010 α
1212 3962 1275 4013 hoec
1292 3962 1408 4013 udiuacto

269 4054 340 4097 suar:
368 4044 485 4113 Reliqua
512 4046 669 4114 requiratur
696 4051 759 4099 actu
787 4046 811 4099 dt
837 4047 931 4100 fructu
959 4046 1043 4101 Israel
1070 4046 1295 4109 uocet-urlcuius
1323 4044 1408 4099 studio

271 4136 381 4185 caetera
410 4130 606 4201 adipiscamur)
676 4135 706 4185 14
725 4134 786 4201 quit
814 4134 840 4186 R
906 4136 938 4187 16
956 4151 1032 4187 mens
1062 4139 1158 4187 nostra
1188 4136 1214 4187 R
1240 4138 1368 4188 mensuri
1389 4147 1409 4182 n

273 4220 305 4271 18
323 4218 434 4285 habyssi
454 4220 479 4273 R
532 4222 566 4272 22
585 4220 696 4274 iubetur
713 4222 807 4290 scripsi
823 4221 955 4275 iubentur
973 4220 1007 4274 R.
