3075 4967
449 261 647 315 instructio
665 261 887 330 psalmorum.
1220 262 1238 323 7

116 451 317 537 intellegentia
360 452 477 516 aditum
524 452 723 536 denegarent,
769 452 827 516 sub
860 449 1089 515 denuntiatione
1140 468 1240 534 poanae

116 558 185 619 itae
212 556 332 621 domino
356 564 542 639 arguuntur:
575 576 630 620 uae
654 555 772 620 nobie
801 554 910 639 legis
940 555 1140 632 doctores,
1170 556 1238 637 qui

116 658 335 725 abstulistis
358 659 514 725 clauem
537 659 739 724 scientiae:
771 660 852 743 ipsi
884 678 962 724 non
984 658 1174 724 introitis
1201 669 1239 722 et

115 767 355 829 introeuntes
407 783 482 828 non
522 764 669 828 sinitis
719 764 905 829 introire.
961 769 1112 847 negantes
1157 763 1239 827 enim

116 866 263 947 Christum,
287 870 374 933 cuius
397 869 548 933 aduentus
564 887 641 948 opus
658 875 706 933 est
719 866 949 951 prophetarum,
964 866 1084 932 clauom
1101 867 1238 933 scientiae
1279 895 1291 931 a

115 972 301 1051 abstulerunt;
324 974 397 1057 quia
419 974 626 1057 cognitionem
649 972 737 1057 legio,
760 990 828 1056 quae
842 972 1011 1037 aduentum
1027 971 1144 1037 domini
1173 990 1239 1035 cor·

115 1095 223 1158 pereum
245 1078 431 1157 praedicauit,
454 1077 533 1142 fides
556 1077 697 1158 corporei
719 1078 871 1142 aduentus
893 1076 1048 1161 abnegata
1071 1074 1239 1157 praecludit.

150 1198 175 1264 6.
197 1198 233 1265 nt
247 1197 305 1263 hoc
321 1200 447 1281 quidem
464 1218 502 1263 ex
518 1199 602 1263 omni
618 1198 838 1279 scripturarum
856 1196 1106 1280 propheticamm
1121 1218 1239 1282 genere

115 1302 212 1369 lictum
234 1322 302 1367 esse
325 1302 572 1386 intellegendum
589 1310 645 1381 est,
670 1308 710 1381 nt,
734 1303 794 1366 nisi
815 1302 848 1366 in
871 1304 1040 1367 aduentum
1063 1302 1178 1367 domiui
1201 1324 1238 1368 er

114 1407 216 1492 uirgine
237 1407 268 1471 in
290 1406 452 1473 homiuem
475 1407 658 1488 procreandi
680 1405 846 1472 intellectae
868 1413 899 1472 et
920 1406 1090 1491 recognitae
1115 1407 1236 1483 locunt
1266 1432 1290 1466 ιο

114 1511 314 1597 intellegentia
336 1531 442 1576 earum
464 1511 512 1576 uis
535 1510 699 1597 obsignata
729 1510 879 1577 habeatur
908 1518 940 1577 et
968 1510 1080 1577 oleum.
1134 1518 1237 1578 lamen

114 1633 290 1699 nequaqnam
323 1614 513 1697 psalmorum
549 1616 658 1681 librum
692 1616 751 1680 nisi
782 1635 837 1697 per
870 1616 966 1681 fidem
996 1616 1148 1681 aduentus
1171 1617 1237 1681 eius

113 1738 188 1802 posse
219 1720 368 1803 intellegi,
401 1720 444 1784 ita
484 1720 567 1785 beati
602 1717 729 1784 Ioannis
760 1718 947 1804 Apocalypsi
992 1722 1153 1785 docemur:
1199 1728 1238 1786 et

113 1823 239 1908 angelo
268 1822 576 1907 Philadelphiae
610 1823 801 1889 ecclesiae
834 1824 986 1889 scribe:
1031 1823 1100 1889 haeo
1133 1824 1237 1889 dicit

113 1934 261 1993 sauctus
295 1934 334 1993 et
366 1948 495 2005 uerus,
535 1928 602 2013 qui
638 1926 763 1992 habet
800 1928 954 1993 clauom
998 1928 1133 2006 Dauid,
1168 1929 1235 2011 qui
1264 1951 1289 1986 u

113 2031 1235 2115 aperitetnemoclaudet3quiclauditetnemoaperiet.

112 2134 211 2201 cauam
242 2137 336 2221 igitur
359 2136 460 2201 Dauid
494 2135 598 2214 habet,
633 2137 703 2220 qnia
735 2136 803 2217 ipse
835 2136 905 2201 haec
938 2143 1059 2217 septem
1093 2136 1236 2219 quaedam

111 2240 258 2323 signacula,
282 2260 353 2325 quae
376 2241 415 2305 de
445 2240 658 2321 corporalitate
689 2240 754 2305 eius
786 2244 818 2305 et
846 2241 992 2325 passione
1022 2246 1054 2305 et
1083 2247 1182 2306 morte
1205 2249 1237 2305 et

111 2346 318 2411 resurrectione
334 2352 366 2410 et
377 2344 475 2430 glon'a
494 2350 526 2410 et
540 2364 638 2429 regno
659 2350 690 2410 et
707 2344 821 2409 iudicio
837 2344 939 2410 Dauid
953 2346 992 2409 de
1008 2345 1091 2410 eoin
1107 2344 1236 2425 psalmia

112 2448 262 2530 prophetat,
285 2449 427 2526 absoluit,
449 2449 602 2529 aperiens,
625 2449 707 2533 quod
741 2468 834 2515 nemo
864 2448 994 2527 claudet
1026 2455 1057 2513 et
1079 2449 1234 2524 claudens,
1263 2467 1288 2505 se

111 2554 178 2633 quod
199 2574 290 2618 nemo
314 2554 447 2634 aperiet;
482 2554 553 2635 quia
586 2571 642 2633 per
672 2551 761 2631 hanc,
792 2572 861 2637 quse
896 2553 929 2617 in
958 2552 1011 2619 illo
1042 2553 1163 2637 expleta
1185 2560 1233 2619 est

111 2656 260 2737 prophetia,
284 2656 411 2741 aperiet,
436 2658 517 2741 quod
541 2676 633 2721 nemo
654 2657 830 2739 praeoludat
854 2663 885 2723 et
907 2663 1013 2723 contra
1043 2657 1173 2742 expletae
1200 2659 1233 2721 in

111 2778 139 2822 ao
157 2760 322 2842 prophetia
344 2760 407 2825 fide
430 2762 587 2845 abnegata
609 2760 738 2835 claudet.
763 2763 846 2845 quod
869 2782 962 2827 nemo
983 2762 1081 2843 possit
1102 2762 1231 2846 aperire.

111 2862 192 2929 nullus
222 2866 307 2931 enim
339 2865 399 2931 nisi
427 2864 489 2942 ille,
519 2865 635 2949 inquo
659 2864 726 2931 haec
750 2864 936 2950 prophetata
957 2873 1030 2931 sunt
1053 2875 1084 2931 et
1105 2866 1233 2949 expleti,

111 2964 209 3035 clarem
243 2968 466 3054 intellegentiae
503 2968 594 3035 huius
627 2969 792 3051 impertiet.
844 2970 977 3055 deniquo
1006 2970 1039 3035 id
1067 2970 1170 3055 ipsum
1202 2971 1236 3034 iu
1263 2986 1288 3026 ²⁵

111 3073 351 3157 consequentibus
385 3074 497 3153 docuit,
521 3074 645 3139 dicens:
685 3080 723 3139 et
756 3075 841 3138 uidi
871 3093 992 3155 super
1027 3075 1236 3139 dexteram

111 3178 276 3242 sedentis
301 3178 340 3242 in
364 3178 512 3243 throno
535 3176 685 3242 librum
708 3179 907 3262 scriptum
931 3178 1112 3243 deintus
1135 3180 1235 3245 etde

112 3275 203 3359 loris,
225 3284 430 3366 signatum
456 3281 684 3367 signaculis
708 3291 880 3363 septem3
904 3292 941 3347 et
963 3282 1235 3348 uidialterum

146 3418 236 3473 2Luo.
254 3422 301 3486 xl,
321 3423 363 3475 52.
406 3424 439 3475 13
458 3422 544 3489 Apoo.
564 3422 611 3489 Ill,
630 3426 655 3475 7.
691 3424 725 3475 26
744 3423 830 3490 Apoo.
851 3420 884 3489 V,
903 3423 917 3475 1
938 3438 978 3489 sq.

147 3626 161 3678 3
176 3627 278 3697 ipsiquo
295 3650 310 3683 r
366 3631 397 3683 ll
416 3628 692 3699 intelligentiairr'luis
711 3649 730 3681 o
760 3628 1010 3699 intelligentiarum
1028 3630 1071 3684 uis
1087 3630 1114 3681 D
1132 3629 1236 3685 intolli-

115 3713 191 3774 gautia
206 3732 297 3771 earum
315 3714 376 3783 (om.
395 3714 448 3782 nis)
466 3726 491 3769 rt
546 3719 579 3771 16
596 3721 718 3771 etnemo
736 3716 849 3772 claudet
883 3722 911 3771 et
929 3717 1041 3771 claudet
1075 3721 1104 3770 et
1121 3734 1236 3771 nemer

117 3796 141 3847 ll
155 3797 213 3855 haee
232 3808 337 3873 septem
358 3803 493 3871 quaedum
511 3804 604 3874 scripsi
629 3802 677 3873 (ff.
696 3821 761 3873 pirae
785 3805 840 3857 diri
862 3806 936 3859 Stad.
955 3803 1037 3873 1886,
1055 3802 1155 3859 33921
1171 3805 1236 3873 supr.

115 3898 137 3947 p.
158 3884 179 3951 8,
203 3888 247 3955 il)
275 3906 327 3959 per
356 3889 425 3944 haec
449 3893 556 3959 septem
580 3890 714 3959 quaedam
747 3888 809 3944 rd¹t
843 3907 894 3960 per
925 3890 978 3946 hoo
1001 3891 1031 3946 in
1046 3914 1049 3919 ·
1064 3891 1184 3961 quedam
1206 3886 1237 3944 α’

117 3982 156 4033 Per
175 3973 233 4029 haec
253 3977 283 4031 ui
308 3977 465 4045 quadame
517 3980 553 4033 20
569 3976 691 4033 absoluit
709 3978 766 4031 DE
790 3978 952 4033 absoluetr
1004 3978 1131 4047 aperiens
1154 3996 1237 4032 orm

119 4058 140 4105 tl
153 4058 270 4117 morlens
283 4064 340 4115 DE
356 4063 534 4119 etclaudatr
586 4065 621 4117 21
634 4064 699 4132 quia
712 4082 763 4133 per
781 4064 850 4119 haee
864 4074 883 4137 q
897 4084 916 4117 α
968 4063 1237 4134 mprophetisrua

118 4144 266 4278 lyphatinm
293 4170 305 4200 e
358 4150 392 4203 26
418 4150 448 4205 in
475 4151 707 4217 consequentibns
743 4171 758 4203 r·
785 4156 986 4220 consequenter
1018 4152 1077 4205 DE
1100 4151 1134 4221 cs.
1161 4152 1235 4204 stad.

123 4228 184 4297 186,
199 4232 260 4291 332.
