<?xml version="1.0" encoding="UTF-8"?>
<!DOCTYPE html PUBLIC "-//W3C//DTD XHTML 1.0 Transitional//EN"
    "http://www.w3.org/TR/xhtml1/DTD/xhtml1-transitional.dtd">
<html xmlns="http://www.w3.org/1999/xhtml" xml:lang="en" lang="en">
 <head>
  <title>
</title>
<meta http-equiv="Content-Type" content="text/html;charset=utf-8" />
  <meta name='ocr-system' content='tesseract 3.04.00' />
  <meta name='ocr-capabilities' content='ocr_page ocr_carea ocr_par ocr_line ocrx_word'/>
</head>
<body>
  <div class='ocr_page' id='page_1' title='image "./corpusscriptoru23wiengoog_0925.png"; bbox 0 0 3075 4967; ppageno 0'>
   <div class='ocr_carea' id='block_1_1' title="bbox 646 289 1319 359">
    <p class='ocr_par' dir='ltr' id='par_1_1' title="bbox 646 289 1319 359">
     <span class='ocr_line' id='line_1_1' title="bbox 646 289 1319 359; baseline 0.013 -14"><span class='ocrx_word' id='word_1_1' title='bbox 646 293 843 359; x_wconf 76' lang='lat' dir='ltr'><strong>appendix.</strong></span> <span class='ocrx_word' id='word_1_2' title='bbox 1255 289 1319 354; x_wconf 79' lang='lat'><strong>885</strong></span> 
     </span>
    </p>
   </div>
   <div class='ocr_carea' id='block_1_2' title="bbox 170 482 1379 4207">
    <p class='ocr_par' dir='ltr' id='par_1_2' title="bbox 170 482 1376 2752">
     <span class='ocr_line' id='line_1_2' title="bbox 171 482 1320 565; baseline -0.003 -18"><span class='ocrx_word' id='word_1_3' title='bbox 171 482 490 561; x_wconf 87' lang='lat' dir='ltr'><strong>potentissimis.</strong></span> <span class='ocrx_word' id='word_1_4' title='bbox 538 483 706 565; x_wconf 78' lang='lat' dir='ltr'><strong>accipimus</strong></span> <span class='ocrx_word' id='word_1_5' title='bbox 737 491 842 549; x_wconf 89' lang='lat' dir='ltr'><strong>autem</strong></span> <span class='ocrx_word' id='word_1_6' title='bbox 865 485 909 549; x_wconf 91' lang='grc'><strong>111</strong></span> <span class='ocrx_word' id='word_1_7' title='bbox 933 485 1024 549; x_wconf 91' lang='lat' dir='ltr'><strong>huius</strong></span> <span class='ocrx_word' id='word_1_8' title='bbox 1048 482 1257 549; x_wconf 77' lang='lat' dir='ltr'><strong>testimonium</strong></span> <span class='ocrx_word' id='word_1_9' title='bbox 1282 500 1320 545; x_wconf 84' lang='grc'><strong>11</strong></span> 
     </span>
     <span class='ocr_line' id='line_1_3' title="bbox 172 586 1320 670; baseline -0.002 -20"><span class='ocrx_word' id='word_1_10' title='bbox 172 586 294 651; x_wconf 86' lang='lat' dir='ltr'><strong>cautino</strong></span> <span class='ocrx_word' id='word_1_11' title='bbox 331 586 444 670; x_wconf 82' lang='lat' dir='ltr'>Moysi,</span> <span class='ocrx_word' id='word_1_12' title='bbox 481 586 533 652; x_wconf 90' lang='lat' dir='ltr'><strong>ubi</strong></span> <span class='ocrx_word' id='word_1_13' title='bbox 573 588 720 668; x_wconf 84' lang='lat' dir='ltr'><strong>scriptum</strong></span> <span class='ocrx_word' id='word_1_14' title='bbox 760 595 822 653; x_wconf 87' lang='lat' dir='ltr'><strong>est:</strong></span> <span class='ocrx_word' id='word_1_15' title='bbox 861 608 944 653; x_wconf 90' lang='lat' dir='ltr'><strong>cum</strong></span> <span class='ocrx_word' id='word_1_16' title='bbox 967 587 1186 668; x_wconf 79' lang='lat' dir='ltr'><strong>&#39;dispersit</strong></span> <span class='ocrx_word' id='word_1_17' title='bbox 1223 586 1320 649; x_wconf 87' lang='lat' dir='ltr'><strong>deus</strong></span> 
     </span>
     <span class='ocr_line' id='line_1_4' title="bbox 172 688 1319 777; baseline -0.002 -23"><span class='ocrx_word' id='word_1_18' title='bbox 172 688 289 755; x_wconf 82' lang='lat' dir='ltr'><strong>filios</strong></span> <span class='ocrx_word' id='word_1_19' title='bbox 327 690 421 755; x_wconf 84' lang='lat' dir='ltr'><strong>Adae</strong></span> <span class='ocrx_word' id='word_1_20' title='bbox 459 699 498 755; x_wconf 90' lang='lat' dir='ltr'><strong>et</strong></span> <span class='ocrx_word' id='word_1_21' title='bbox 535 692 687 757; x_wconf 82' lang='lat' dir='ltr'><strong>statuit</strong></span> <span class='ocrx_word' id='word_1_22' title='bbox 724 691 833 757; x_wconf 87' lang='lat' dir='ltr'><strong>sines</strong></span> <span class='ocrx_word' id='word_1_23' title='bbox 878 693 1062 777; x_wconf 85' lang='lat' dir='ltr'><strong>gentium</strong></span> <span class='ocrx_word' id='word_1_24' title='bbox 1102 692 1319 755; x_wconf 86' lang='lat' dir='ltr'><strong>secuudum</strong></span> 
     </span>
     <span class='ocr_line' id='line_1_5' title="bbox 174 792 1320 879; baseline -0.002 -22"><span class='ocrx_word' id='word_1_25' title='bbox 174 813 382 859; x_wconf 89' lang='lat' dir='ltr'><strong>numerum</strong></span> <span class='ocrx_word' id='word_1_26' title='bbox 406 794 742 879; x_wconf 85' lang='lat' dir='ltr'><strong>augelorumdei,</strong></span> <span class='ocrx_word' id='word_1_27' title='bbox 759 792 1320 879; x_wconf 86' lang='lat' dir='ltr'><strong>etsactaestportiodomini</strong></span> 
     </span>
     <span class='ocr_line' id='line_1_6' title="bbox 171 897 1372 979; baseline -0.002 -19"><span class='ocrx_word' id='word_1_28' title='bbox 171 897 612 979; x_wconf 78' lang='lat' dir='ltr'><strong>populuseiusiaoob</strong></span> <span class='ocrx_word' id='word_1_29' title='bbox 644 899 1245 966; x_wconf 83' lang='lat' dir='ltr'><strong>funiculushereditatiseius.</strong></span> <span class='ocrx_word' id='word_1_30' title='bbox 1290 905 1319 961; x_wconf 87' lang='lat' dir='ltr'><strong>et</strong></span> <span class='ocrx_word' id='word_1_31' title='bbox 1360 924 1372 957; x_wconf 77' lang='lat' dir='ltr'><strong>e</strong></span> 
     </span>
     <span class='ocr_line' id='line_1_7' title="bbox 171 1002 1321 1087; baseline -0.001 -22"><span class='ocrx_word' id='word_1_32' title='bbox 171 1003 281 1066; x_wconf 89' lang='lat' dir='ltr'><strong>merito</strong></span> <span class='ocrx_word' id='word_1_33' title='bbox 318 1002 376 1081; x_wconf 83' lang='lat' dir='ltr'><strong>hic,</strong></span> <span class='ocrx_word' id='word_1_34' title='bbox 412 1005 464 1087; x_wconf 92' lang='lat' dir='ltr'><strong>qui</strong></span> <span class='ocrx_word' id='word_1_35' title='bbox 497 1004 668 1083; x_wconf 87' lang='lat' dir='ltr'><strong>portionem</strong></span> <span class='ocrx_word' id='word_1_36' title='bbox 694 1004 877 1070; x_wconf 85' lang='lat' dir='ltr'><strong>hereditatis</strong></span> <span class='ocrx_word' id='word_1_37' title='bbox 899 1025 962 1070; x_wconf 85' lang='lat' dir='ltr'><strong>suae</strong></span> <span class='ocrx_word' id='word_1_38' title='bbox 986 1005 1078 1069; x_wconf 90' lang='lat' dir='ltr'><strong>deum</strong></span> <span class='ocrx_word' id='word_1_39' title='bbox 1102 1023 1171 1067; x_wconf 89' lang='lat' dir='ltr'><strong>esse</strong></span> <span class='ocrx_word' id='word_1_40' title='bbox 1194 1002 1321 1087; x_wconf 41' lang='lat' dir='ltr'><strong>dixerat·</strong></span> 
     </span>
     <span class='ocr_line' id='line_1_8' title="bbox 174 1098 1321 1190; baseline 0 -21"><span class='ocrx_word' id='word_1_41' title='bbox 174 1098 326 1171; x_wconf 76' lang='lat' dir='ltr'><strong>funiculos</strong></span> <span class='ocrx_word' id='word_1_42' title='bbox 342 1108 548 1187; x_wconf 82' lang='lat' dir='ltr'><strong>possessionis</strong></span> <span class='ocrx_word' id='word_1_43' title='bbox 566 1129 627 1173; x_wconf 76' lang='lat' dir='ltr'><strong>susc</strong></span> <span class='ocrx_word' id='word_1_44' title='bbox 645 1110 674 1172; x_wconf 91' lang='lat' dir='ltr'><strong>in</strong></span> <span class='ocrx_word' id='word_1_45' title='bbox 692 1109 767 1189; x_wconf 87' lang='lat' dir='ltr'><strong>ipsis</strong></span> <span class='ocrx_word' id='word_1_46' title='bbox 784 1109 1007 1190; x_wconf 89' lang='lat' dir='ltr'><strong>potentissimis</strong></span> <span class='ocrx_word' id='word_1_47' title='bbox 1023 1108 1175 1173; x_wconf 87' lang='lat' dir='ltr'><strong>cecidisse</strong></span> <span class='ocrx_word' id='word_1_48' title='bbox 1191 1106 1321 1171; x_wconf 87' lang='lat' dir='ltr'><strong>dicebat.</strong></span> 
     </span>
     <span class='ocr_line' id='line_1_9' title="bbox 170 1210 1322 1296; baseline -0.001 -22"><span class='ocrx_word' id='word_1_49' title='bbox 170 1210 246 1291; x_wconf 89' lang='lat' dir='ltr'><strong>quid</strong></span> <span class='ocrx_word' id='word_1_50' title='bbox 269 1210 353 1275; x_wconf 88' lang='lat' dir='ltr'><strong>enirn</strong></span> <span class='ocrx_word' id='word_1_51' title='bbox 379 1212 437 1276; x_wconf 89' lang='lat' dir='ltr'><strong>nisi</strong></span> <span class='ocrx_word' id='word_1_52' title='bbox 461 1212 668 1291; x_wconf 82' lang='lat' dir='ltr'><strong>potentissimi</strong></span> <span class='ocrx_word' id='word_1_53' title='bbox 693 1219 773 1290; x_wconf 89' lang='lat' dir='ltr'><strong>sunt,</strong></span> <span class='ocrx_word' id='word_1_54' title='bbox 800 1232 877 1296; x_wconf 88' lang='lat' dir='ltr'><strong>quos</strong></span> <span class='ocrx_word' id='word_1_55' title='bbox 904 1213 1047 1278; x_wconf 91' lang='lat' dir='ltr'><strong>dominus</strong></span> <span class='ocrx_word' id='word_1_56' title='bbox 1068 1211 1221 1287; x_wconf 77' lang='lat' dir='ltr'><strong>iustificat,</strong></span> <span class='ocrx_word' id='word_1_57' title='bbox 1245 1228 1322 1292; x_wconf 89' lang='lat' dir='ltr'><strong>quos</strong></span> 
     </span>
     <span class='ocr_line' id='line_1_10' title="bbox 172 1314 1322 1401; baseline 0.003 -25"><span class='ocrx_word' id='word_1_58' title='bbox 172 1314 314 1378; x_wconf 89' lang='lat' dir='ltr'><strong>dominus</strong></span> <span class='ocrx_word' id='word_1_59' title='bbox 333 1314 539 1381; x_wconf 84' lang='lat' dir='ltr'><strong>honorificat?</strong></span> <span class='ocrx_word' id='word_1_60' title='bbox 574 1318 664 1401; x_wconf 88' lang='lat' dir='ltr'><strong>quis</strong></span> <span class='ocrx_word' id='word_1_61' title='bbox 687 1316 904 1382; x_wconf 81' lang='lat' dir='ltr'><strong>accusabit</strong></span> <span class='ocrx_word' id='word_1_62' title='bbox 927 1315 1081 1381; x_wconf 87' lang='lat' dir='ltr'><strong>electos</strong></span> <span class='ocrx_word' id='word_1_63' title='bbox 1105 1314 1193 1380; x_wconf 79' lang='lat' dir='ltr'><strong>dei?</strong></span> <span class='ocrx_word' id='word_1_64' title='bbox 1216 1316 1322 1393; x_wconf 78' lang='lat' dir='ltr'><strong>deus,</strong></span> 
     </span>
     <span class='ocr_line' id='line_1_11' title="bbox 173 1416 1374 1504; baseline 0.002 -23"><span class='ocrx_word' id='word_1_65' title='bbox 173 1418 475 1500; x_wconf 87' lang='lat' dir='ltr'><strong>quiiustisicat.</strong></span> <span class='ocrx_word' id='word_1_66' title='bbox 514 1420 856 1504; x_wconf 86' lang='lat' dir='ltr'><strong>quisdamnauit?</strong></span> <span class='ocrx_word' id='word_1_67' title='bbox 877 1421 1041 1504; x_wconf 86' lang='lat' dir='ltr'><strong>igiturqui</strong></span> <span class='ocrx_word' id='word_1_68' title='bbox 1056 1420 1088 1485; x_wconf 94' lang='lat' dir='ltr'><strong>in</strong></span> <span class='ocrx_word' id='word_1_69' title='bbox 1104 1418 1217 1484; x_wconf 90' lang='lat' dir='ltr'><strong>talibus</strong></span> <span class='ocrx_word' id='word_1_70' title='bbox 1232 1416 1322 1484; x_wconf 86' lang='lat' dir='ltr'><strong>here·</strong></span> <span class='ocrx_word' id='word_1_71' title='bbox 1351 1442 1374 1476; x_wconf 83' lang='grc' dir='ltr'><strong>ιο</strong></span> 
     </span>
     <span class='ocr_line' id='line_1_12' title="bbox 177 1520 1322 1601; baseline 0 -16"><span class='ocrx_word' id='word_1_72' title='bbox 177 1522 304 1587; x_wconf 85' lang='lat' dir='ltr'><strong>ditetem</strong></span> <span class='ocrx_word' id='word_1_73' title='bbox 339 1544 426 1588; x_wconf 91' lang='lat' dir='ltr'><strong>suam</strong></span> <span class='ocrx_word' id='word_1_74' title='bbox 462 1525 594 1589; x_wconf 86' lang='lat' dir='ltr'><strong>suturam</strong></span> <span class='ocrx_word' id='word_1_75' title='bbox 633 1545 701 1589; x_wconf 88' lang='lat' dir='ltr'><strong>esse</strong></span> <span class='ocrx_word' id='word_1_76' title='bbox 737 1524 869 1601; x_wconf 88' lang='lat' dir='ltr'><strong>dicebat,</strong></span> <span class='ocrx_word' id='word_1_77' title='bbox 904 1525 1014 1589; x_wconf 86' lang='lat' dir='ltr'><strong>merito</strong></span> <span class='ocrx_word' id='word_1_78' title='bbox 1051 1524 1108 1588; x_wconf 87' lang='lat' dir='ltr'><strong>ait:</strong></span> <span class='ocrx_word' id='word_1_79' title='bbox 1146 1520 1322 1587; x_wconf 79' lang='lat' dir='ltr'><strong>funiculi</strong></span> 
     </span>
     <span class='ocr_line' id='line_1_13' title="bbox 172 1627 1323 1709; baseline -0.001 -18"><span class='ocrx_word' id='word_1_80' title='bbox 172 1627 420 1692; x_wconf 87' lang='lat' dir='ltr'><strong>ceciderunt</strong></span> <span class='ocrx_word' id='word_1_81' title='bbox 442 1627 543 1694; x_wconf 90' lang='lat' dir='ltr'><strong>mihi</strong></span> <span class='ocrx_word' id='word_1_82' title='bbox 567 1629 604 1692; x_wconf 93' lang='lat' dir='ltr'><strong>in</strong></span> <span class='ocrx_word' id='word_1_83' title='bbox 629 1628 736 1709; x_wconf 88' lang='lat' dir='ltr'><strong>ipsis</strong></span> <span class='ocrx_word' id='word_1_84' title='bbox 759 1628 1077 1709; x_wconf 87' lang='lat' dir='ltr'><strong>potentissimis.</strong></span> <span class='ocrx_word' id='word_1_85' title='bbox 1123 1628 1323 1709; x_wconf 83' lang='lat' dir='ltr'><strong>quodantem</strong></span> 
     </span>
     <span class='ocr_line' id='line_1_14' title="bbox 171 1730 1322 1816; baseline -0.001 -21"><span class='ocrx_word' id='word_1_86' title='bbox 171 1730 417 1796; x_wconf 85' lang='lat' dir='ltr'><strong>oeciderunt</strong></span> <span class='ocrx_word' id='word_1_87' title='bbox 439 1733 490 1811; x_wconf 86' lang='lat' dir='ltr'><strong>sit,</strong></span> <span class='ocrx_word' id='word_1_88' title='bbox 516 1738 608 1797; x_wconf 88' lang='lat' dir='ltr'><strong>nem&#39;o</strong></span> <span class='ocrx_word' id='word_1_89' title='bbox 633 1734 678 1799; x_wconf 88' lang='lat' dir='ltr'><strong>sio</strong></span> <span class='ocrx_word' id='word_1_90' title='bbox 701 1734 840 1814; x_wconf 81' lang='lat' dir='ltr'><strong>accipiat,</strong></span> <span class='ocrx_word' id='word_1_91' title='bbox 874 1733 963 1816; x_wconf 84' lang='lat' dir='ltr'><strong>quasi</strong></span> <span class='ocrx_word' id='word_1_92' title='bbox 994 1731 1176 1797; x_wconf 80' lang='lat' dir='ltr'><strong>deteriorem</strong></span> <span class='ocrx_word' id='word_1_93' title='bbox 1209 1730 1322 1795; x_wconf 81' lang='lat' dir='ltr'><strong>factam</strong></span> 
     </span>
     <span class='ocr_line' id='line_1_15' title="bbox 174 1833 1323 1921; baseline 0.001 -24"><span class='ocrx_word' id='word_1_94' title='bbox 174 1835 383 1899; x_wconf 86' lang='lat' dir='ltr'><strong>hereditatem</strong></span> <span class='ocrx_word' id='word_1_95' title='bbox 407 1856 493 1900; x_wconf 85' lang='lat' dir='ltr'><strong>susm</strong></span> <span class='ocrx_word' id='word_1_96' title='bbox 528 1838 619 1915; x_wconf 85' lang='lat' dir='ltr'><strong>dicut,</strong></span> <span class='ocrx_word' id='word_1_97' title='bbox 651 1838 726 1921; x_wconf 88' lang='lat' dir='ltr'><strong>quis</strong></span> <span class='ocrx_word' id='word_1_98' title='bbox 748 1857 848 1915; x_wconf 87' lang='lat' dir='ltr'><strong>omne,</strong></span> <span class='ocrx_word' id='word_1_99' title='bbox 883 1837 966 1920; x_wconf 87' lang='lat' dir='ltr'><strong>quod</strong></span> <span class='ocrx_word' id='word_1_100' title='bbox 990 1837 1079 1914; x_wconf 81' lang='lat' dir='ltr'><strong>cedit,</strong></span> <span class='ocrx_word' id='word_1_101' title='bbox 1103 1836 1237 1900; x_wconf 86' lang='lat' dir='ltr'><strong>deterius</strong></span> <span class='ocrx_word' id='word_1_102' title='bbox 1260 1833 1323 1912; x_wconf 84' lang='lat' dir='ltr'><strong>fiat,</strong></span> 
     </span>
     <span class='ocr_line' id='line_1_16' title="bbox 176 1939 1376 2023; baseline 0 -21"><span class='ocrx_word' id='word_1_103' title='bbox 176 1941 231 2003; x_wconf 87' lang='lat' dir='ltr'><strong>sed</strong></span> <span class='ocrx_word' id='word_1_104' title='bbox 254 1959 329 2004; x_wconf 89' lang='lat' dir='ltr'><strong>usus</strong></span> <span class='ocrx_word' id='word_1_105' title='bbox 352 1945 400 2004; x_wconf 89' lang='lat' dir='ltr'><strong>est</strong></span> <span class='ocrx_word' id='word_1_106' title='bbox 421 1942 545 2023; x_wconf 89' lang='lat' dir='ltr'><strong>proprio</strong></span> <span class='ocrx_word' id='word_1_107' title='bbox 571 1941 665 2006; x_wconf 85' lang='lat' dir='ltr'><strong>uerbo</strong></span> <span class='ocrx_word' id='word_1_108' title='bbox 690 1954 719 2005; x_wconf 87' lang='lat' dir='ltr'><strong>et</strong></span> <span class='ocrx_word' id='word_1_109' title='bbox 742 1941 927 2006; x_wconf 80' lang='lat' dir='ltr'><strong>necessario.</strong></span> <span class='ocrx_word' id='word_1_110' title='bbox 972 1940 1024 2005; x_wconf 93' lang='lat' dir='ltr'><strong>ubi</strong></span> <span class='ocrx_word' id='word_1_111' title='bbox 1054 1940 1135 2005; x_wconf 91' lang='lat' dir='ltr'><strong>euim</strong></span> <span class='ocrx_word' id='word_1_112' title='bbox 1167 1939 1237 2021; x_wconf 90' lang='lat' dir='ltr'><strong>quis</strong></span> <span class='ocrx_word' id='word_1_113' title='bbox 1260 1959 1322 2002; x_wconf 92' lang='lat' dir='ltr'><strong>non</strong></span> <span class='ocrx_word' id='word_1_114' title='bbox 1351 1961 1376 1995; x_wconf 75' lang='lat'><strong>1⁶</strong></span> 
     </span>
     <span class='ocr_line' id='line_1_17' title="bbox 171 2043 1323 2132; baseline 0.002 -28"><span class='ocrx_word' id='word_1_115' title='bbox 171 2054 301 2123; x_wconf 86' lang='lat' dir='ltr'><strong>propter</strong></span> <span class='ocrx_word' id='word_1_116' title='bbox 324 2046 467 2109; x_wconf 89' lang='lat' dir='ltr'><strong>meritum</strong></span> <span class='ocrx_word' id='word_1_117' title='bbox 496 2044 629 2129; x_wconf 85' lang='lat' dir='ltr'><strong>eligitur,</strong></span> <span class='ocrx_word' id='word_1_118' title='bbox 652 2046 695 2111; x_wconf 90' lang='lat' dir='ltr'><strong>ibi</strong></span> <span class='ocrx_word' id='word_1_119' title='bbox 719 2046 808 2129; x_wconf 89' lang='lat' dir='ltr'><strong>quasi</strong></span> <span class='ocrx_word' id='word_1_120' title='bbox 835 2048 979 2132; x_wconf 82' lang='lat' dir='ltr'><strong>quaedam</strong></span> <span class='ocrx_word' id='word_1_121' title='bbox 1003 2064 1069 2108; x_wconf 90' lang='lat' dir='ltr'><strong>sors</strong></span> <span class='ocrx_word' id='word_1_122' title='bbox 1093 2044 1176 2108; x_wconf 80' lang='lat' dir='ltr'><strong>cadit</strong></span> <span class='ocrx_word' id='word_1_123' title='bbox 1198 2043 1323 2126; x_wconf 79' lang='lat' dir='ltr'><strong>grotiae;</strong></span> 
     </span>
     <span class='ocr_line' id='line_1_18' title="bbox 178 2146 1322 2233; baseline -0.001 -22"><span class='ocrx_word' id='word_1_124' title='bbox 178 2146 259 2211; x_wconf 85' lang='lat' dir='ltr'><strong>sicut</strong></span> <span class='ocrx_word' id='word_1_125' title='bbox 282 2152 313 2212; x_wconf 89' lang='lat' dir='ltr'><strong>et</strong></span> <span class='ocrx_word' id='word_1_126' title='bbox 336 2148 367 2211; x_wconf 92' lang='lat' dir='ltr'><strong>in</strong></span> <span class='ocrx_word' id='word_1_127' title='bbox 392 2149 608 2230; x_wconf 85' lang='lat' dir='ltr'><strong>assumptione</strong></span> <span class='ocrx_word' id='word_1_128' title='bbox 639 2149 778 2229; x_wconf 86' lang='lat' dir='ltr'><strong>apostoli,</strong></span> <span class='ocrx_word' id='word_1_129' title='bbox 807 2150 858 2233; x_wconf 89' lang='lat' dir='ltr'><strong>qui</strong></span> <span class='ocrx_word' id='word_1_130' title='bbox 890 2148 1076 2232; x_wconf 85' lang='lat' dir='ltr'><strong>subrogatus</strong></span> <span class='ocrx_word' id='word_1_131' title='bbox 1099 2154 1147 2212; x_wconf 90' lang='lat' dir='ltr'><strong>est</strong></span> <span class='ocrx_word' id='word_1_132' title='bbox 1170 2148 1200 2211; x_wconf 93' lang='lat' dir='ltr'><strong>iu</strong></span> <span class='ocrx_word' id='word_1_133' title='bbox 1223 2146 1322 2211; x_wconf 87' lang='lat' dir='ltr'><strong>locum</strong></span> 
     </span>
     <span class='ocr_line' id='line_1_19' title="bbox 173 2238 1323 2337; baseline 0.001 -23"><span class='ocrx_word' id='word_1_134' title='bbox 173 2249 267 2326; x_wconf 77' lang='lat' dir='ltr'><strong>luuae,</strong></span> <span class='ocrx_word' id='word_1_135' title='bbox 292 2238 442 2331; x_wconf 83' lang='lat' dir='ltr'><strong>scriptum</strong></span> <span class='ocrx_word' id='word_1_136' title='bbox 467 2253 619 2337; x_wconf 79' lang='lat' dir='ltr'><strong>estquis</strong></span> <span class='ocrx_word' id='word_1_137' title='bbox 651 2272 740 2317; x_wconf 90' lang='lat' dir='ltr'><strong>sors</strong></span> <span class='ocrx_word' id='word_1_138' title='bbox 775 2253 930 2319; x_wconf 91' lang='lat' dir='ltr'><strong>cecidit</strong></span> <span class='ocrx_word' id='word_1_139' title='bbox 953 2272 1074 2332; x_wconf 86' lang='lat' dir='ltr'><strong>super</strong></span> <span class='ocrx_word' id='word_1_140' title='bbox 1097 2251 1323 2315; x_wconf 80' lang='lat' dir='ltr'><strong>Matthiom·</strong></span> 
     </span>
     <span class='ocr_line' id='line_1_20' title="bbox 178 2337 1324 2441; baseline 0.002 -24"><span class='ocrx_word' id='word_1_141' title='bbox 178 2355 281 2438; x_wconf 84' lang='lat' dir='ltr'><strong>itaque</strong></span> <span class='ocrx_word' id='word_1_142' title='bbox 305 2356 460 2439; x_wconf 88' lang='lat' dir='ltr'><strong>quianon</strong></span> <span class='ocrx_word' id='word_1_143' title='bbox 486 2358 543 2421; x_wconf 89' lang='lat' dir='ltr'><strong>nisi</strong></span> <span class='ocrx_word' id='word_1_144' title='bbox 569 2378 608 2421; x_wconf 83' lang='lat' dir='ltr'><strong>eu</strong></span> <span class='ocrx_word' id='word_1_145' title='bbox 632 2359 734 2441; x_wconf 87' lang='lat' dir='ltr'><strong>gratie</strong></span> <span class='ocrx_word' id='word_1_146' title='bbox 757 2337 874 2422; x_wconf 71' lang='lat' dir='ltr'><strong>domini</strong></span> <span class='ocrx_word' id='word_1_147' title='bbox 898 2356 967 2421; x_wconf 81' lang='lat' dir='ltr'><strong>tetis</strong></span> <span class='ocrx_word' id='word_1_148' title='bbox 990 2356 1050 2420; x_wconf 91' lang='lat' dir='ltr'><strong>sibi</strong></span> <span class='ocrx_word' id='word_1_149' title='bbox 1068 2354 1225 2420; x_wconf 82' lang='lat' dir='ltr'><strong>hereditas</strong></span> <span class='ocrx_word' id='word_1_150' title='bbox 1242 2362 1324 2419; x_wconf 87' lang='lat' dir='ltr'><strong>sorte</strong></span> 
     </span>
     <span class='ocr_line' id='line_1_21' title="bbox 170 2457 1374 2544; baseline 0 -23"><span class='ocrx_word' id='word_1_151' title='bbox 170 2458 345 2543; x_wconf 84' lang='lat' dir='ltr'><strong>contigerit,</strong></span> <span class='ocrx_word' id='word_1_152' title='bbox 369 2458 584 2544; x_wconf 81' lang='lat' dir='ltr'><strong>significanter</strong></span> <span class='ocrx_word' id='word_1_153' title='bbox 607 2462 666 2525; x_wconf 86' lang='lat' dir='ltr'><strong>ait:</strong></span> <span class='ocrx_word' id='word_1_154' title='bbox 690 2460 865 2526; x_wconf 88' lang='lat' dir='ltr'><strong>i&#39;uniouli</strong></span> <span class='ocrx_word' id='word_1_155' title='bbox 895 2460 1137 2525; x_wconf 87' lang='lat' dir='ltr'><strong>cecideruut</strong></span> <span class='ocrx_word' id='word_1_156' title='bbox 1160 2457 1259 2523; x_wconf 90' lang='lat' dir='ltr'><strong>mihi</strong></span> <span class='ocrx_word' id='word_1_157' title='bbox 1283 2460 1321 2522; x_wconf 90' lang='lat' dir='ltr'><strong>in</strong></span> <span class='ocrx_word' id='word_1_158' title='bbox 1349 2476 1374 2512; x_wconf 76' lang='lat'><strong>2⁰</strong></span> 
     </span>
     <span class='ocr_line' id='line_1_22' title="bbox 171 2562 1324 2643; baseline 0.001 -18"><span class='ocrx_word' id='word_1_159' title='bbox 171 2562 275 2642; x_wconf 88' lang='lat' dir='ltr'><strong>ipsis</strong></span> <span class='ocrx_word' id='word_1_160' title='bbox 298 2564 627 2643; x_wconf 87' lang='lat' dir='ltr'><strong>potentissimis:</strong></span> <span class='ocrx_word' id='word_1_161' title='bbox 652 2566 803 2630; x_wconf 91' lang='lat' dir='ltr'><strong>etenim</strong></span> <span class='ocrx_word' id='word_1_162' title='bbox 827 2563 1324 2629; x_wconf 83' lang='lat' dir='ltr'><strong>hereditasmearnaximo</strong></span> 
     </span>
     <span class='ocr_line' id='line_1_23' title="bbox 173 2666 878 2752; baseline -0.001 -20"><span class='ocrx_word' id='word_1_163' title='bbox 173 2666 272 2732; x_wconf 89' lang='lat' dir='ltr'><strong>mihi</strong></span> <span class='ocrx_word' id='word_1_164' title='bbox 295 2674 365 2733; x_wconf 89' lang='lat' dir='ltr'><strong>est.</strong></span> <span class='ocrx_word' id='word_1_165' title='bbox 411 2669 462 2733; x_wconf 89' lang='lat' dir='ltr'><strong>hio</strong></span> <span class='ocrx_word' id='word_1_166' title='bbox 487 2688 586 2733; x_wconf 88' lang='lat' dir='ltr'><strong>nouus</strong></span> <span class='ocrx_word' id='word_1_167' title='bbox 611 2671 714 2734; x_wconf 87' lang='lat' dir='ltr'><strong>Adam</strong></span> <span class='ocrx_word' id='word_1_168' title='bbox 737 2668 878 2752; x_wconf 86' lang='lat' dir='ltr'><strong>loquitur.</strong></span> 
     </span>
    </p>

    <p class='ocr_par' dir='ltr' id='par_1_3' title="bbox 170 2771 1379 4207">
     <span class='ocr_line' id='line_1_24' title="bbox 194 2771 1323 2856; baseline -0.004 -21"><span class='ocrx_word' id='word_1_169' title='bbox 194 2771 246 2851; x_wconf 68' lang='grc' dir='ltr'><strong>Δ9.</strong></span> <span class='ocrx_word' id='word_1_170' title='bbox 271 2772 519 2837; x_wconf 87' lang='lat' dir='ltr'><strong>Benedioam</strong></span> <span class='ocrx_word' id='word_1_171' title='bbox 538 2773 838 2855; x_wconf 80' lang='lat' dir='ltr'><strong>dominumqui</strong></span> <span class='ocrx_word' id='word_1_172' title='bbox 861 2772 1103 2856; x_wconf 85' lang='lat' dir='ltr'><strong>intelligere</strong></span> <span class='ocrx_word' id='word_1_173' title='bbox 1126 2792 1183 2835; x_wconf 86' lang='lat' dir='ltr'><strong>me</strong></span> <span class='ocrx_word' id='word_1_174' title='bbox 1207 2772 1323 2837; x_wconf 85' lang='lat' dir='ltr'><strong>fecit:</strong></span> 
     </span>
     <span class='ocr_line' id='line_1_25' title="bbox 171 2874 1325 2960; baseline 0.001 -21"><span class='ocrx_word' id='word_1_175' title='bbox 171 2874 253 2939; x_wconf 89' lang='lat' dir='ltr'><strong>nihil</strong></span> <span class='ocrx_word' id='word_1_176' title='bbox 276 2877 358 2941; x_wconf 89' lang='lat' dir='ltr'><strong>onim</strong></span> <span class='ocrx_word' id='word_1_177' title='bbox 384 2878 444 2941; x_wconf 89' lang='lat' dir='ltr'><strong>scit</strong></span> <span class='ocrx_word' id='word_1_178' title='bbox 466 2876 560 2955; x_wconf 86' lang='lat' dir='ltr'><strong>filius,</strong></span> <span class='ocrx_word' id='word_1_179' title='bbox 584 2878 644 2941; x_wconf 91' lang='lat' dir='ltr'><strong>nisi</strong></span> <span class='ocrx_word' id='word_1_180' title='bbox 668 2897 737 2960; x_wconf 84' lang='lat' dir='ltr'><strong>quae</strong></span> <span class='ocrx_word' id='word_1_181' title='bbox 760 2878 838 2942; x_wconf 92' lang='lat' dir='ltr'><strong>uidit</strong></span> <span class='ocrx_word' id='word_1_182' title='bbox 860 2884 891 2942; x_wconf 88' lang='lat' dir='ltr'><strong>ct</strong></span> <span class='ocrx_word' id='word_1_183' title='bbox 912 2875 1061 2942; x_wconf 84' lang='lat' dir='ltr'><strong>audiuits</strong></span> <span class='ocrx_word' id='word_1_184' title='bbox 1081 2885 1177 2957; x_wconf 88' lang='lat' dir='ltr'><strong>pntre.</strong></span> <span class='ocrx_word' id='word_1_185' title='bbox 1222 2876 1325 2959; x_wconf 88' lang='lat' dir='ltr'><strong>itaque</strong></span> 
     </span>
     <span class='ocr_line' id='line_1_26' title="bbox 170 2980 1377 3065; baseline 0 -22"><span class='ocrx_word' id='word_1_186' title='bbox 170 2980 328 3044; x_wconf 85' lang='lat' dir='ltr'><strong>benedicit</strong></span> <span class='ocrx_word' id='word_1_187' title='bbox 352 3002 430 3053; x_wconf 79' lang='lat' dir='ltr'><strong>eum,</strong></span> <span class='ocrx_word' id='word_1_188' title='bbox 468 2982 519 3065; x_wconf 90' lang='lat' dir='ltr'><strong>qui</strong></span> <span class='ocrx_word' id='word_1_189' title='bbox 544 2980 720 3065; x_wconf 83' lang='lat' dir='ltr'><strong>intelligere</strong></span> <span class='ocrx_word' id='word_1_190' title='bbox 743 3002 777 3046; x_wconf 85' lang='lat' dir='ltr'><strong>se</strong></span> <span class='ocrx_word' id='word_1_191' title='bbox 800 2982 883 3046; x_wconf 85' lang='lat' dir='ltr'><strong>fecit.</strong></span> <span class='ocrx_word' id='word_1_192' title='bbox 928 2992 959 3045; x_wconf 88' lang='grc'><strong>11</strong></span> <span class='ocrx_word' id='word_1_193' title='bbox 981 3000 1054 3045; x_wconf 88' lang='lat' dir='ltr'><strong>uere</strong></span> <span class='ocrx_word' id='word_1_194' title='bbox 1078 2981 1128 3045; x_wconf 89' lang='lat' dir='ltr'><strong>hic</strong></span> <span class='ocrx_word' id='word_1_195' title='bbox 1150 2980 1324 3045; x_wconf 87' lang='lat' dir='ltr'><strong>intellectus</strong></span> <span class='ocrx_word' id='word_1_196' title='bbox 1351 2995 1377 3030; x_wconf 77' lang='lat'><strong>2⁵</strong></span> 
     </span>
     <span class='ocr_line' id='line_1_27' title="bbox 171 3082 1325 3167; baseline 0.001 -21"><span class='ocrx_word' id='word_1_197' title='bbox 171 3104 230 3147; x_wconf 92' lang='lat' dir='ltr'><strong>uon</strong></span> <span class='ocrx_word' id='word_1_198' title='bbox 259 3104 297 3148; x_wconf 85' lang='lat' dir='ltr'><strong>ex</strong></span> <span class='ocrx_word' id='word_1_199' title='bbox 321 3084 454 3159; x_wconf 72' lang='lat' dir='ltr'><strong>homine,</strong></span> <span class='ocrx_word' id='word_1_200' title='bbox 479 3086 533 3149; x_wconf 87' lang='lat' dir='ltr'><strong>sed</strong></span> <span class='ocrx_word' id='word_1_201' title='bbox 559 3107 598 3149; x_wconf 84' lang='lat' dir='ltr'><strong>ex</strong></span> <span class='ocrx_word' id='word_1_202' title='bbox 623 3087 679 3149; x_wconf 93' lang='lat' dir='ltr'><strong>deo</strong></span> <span class='ocrx_word' id='word_1_203' title='bbox 703 3091 760 3149; x_wconf 90' lang='lat' dir='ltr'><strong>est.</strong></span> <span class='ocrx_word' id='word_1_204' title='bbox 805 3105 878 3150; x_wconf 88' lang='lat' dir='ltr'><strong>nam</strong></span> <span class='ocrx_word' id='word_1_205' title='bbox 911 3086 980 3167; x_wconf 90' lang='lat' dir='ltr'><strong>quis</strong></span> <span class='ocrx_word' id='word_1_206' title='bbox 1011 3082 1171 3148; x_wconf 92' lang='lat' dir='ltr'><strong>homiuum</strong></span> <span class='ocrx_word' id='word_1_207' title='bbox 1206 3085 1325 3148; x_wconf 86' lang='lat' dir='ltr'><strong>duabus</strong></span> 
     </span>
     <span class='ocr_line' id='line_1_28' title="bbox 171 3187 1326 3272; baseline 0.001 -22"><span class='ocrx_word' id='word_1_208' title='bbox 171 3187 284 3267; x_wconf 86' lang='lat' dir='ltr'><strong>positis</strong></span> <span class='ocrx_word' id='word_1_209' title='bbox 309 3187 542 3267; x_wconf 85' lang='lat' dir='ltr'><strong>hereditatibus,</strong></span> <span class='ocrx_word' id='word_1_210' title='bbox 576 3210 705 3272; x_wconf 80' lang='lat' dir='ltr'><strong>quarunt</strong></span> <span class='ocrx_word' id='word_1_211' title='bbox 737 3188 834 3253; x_wconf 84' lang='lat' dir='ltr'><strong>altera</strong></span> <span class='ocrx_word' id='word_1_212' title='bbox 863 3190 955 3252; x_wconf 91' lang='lat' dir='ltr'><strong>sitin</strong></span> <span class='ocrx_word' id='word_1_213' title='bbox 980 3188 1124 3268; x_wconf 88' lang='lat' dir='ltr'><strong>operibus</strong></span> <span class='ocrx_word' id='word_1_214' title='bbox 1158 3188 1326 3271; x_wconf 82' lang='lat' dir='ltr'><strong>magnifica</strong></span> 
     </span>
     <span class='ocr_line' id='line_1_29' title="bbox 176 3290 1327 3379; baseline -0.001 -25"><span class='ocrx_word' id='word_1_215' title='bbox 176 3292 323 3379; x_wconf 78' lang='grc'>11111111,</span> <span class='ocrx_word' id='word_1_216' title='bbox 347 3292 445 3357; x_wconf 85' lang='lat' dir='ltr'><strong>altera</strong></span> <span class='ocrx_word' id='word_1_217' title='bbox 474 3314 595 3374; x_wconf 89' lang='lat' dir='ltr'><strong>pauper</strong></span> <span class='ocrx_word' id='word_1_218' title='bbox 620 3304 651 3357; x_wconf 91' lang='lat' dir='ltr'><strong>et</strong></span> <span class='ocrx_word' id='word_1_219' title='bbox 674 3313 779 3377; x_wconf 80' lang='lat' dir='ltr'><strong>egens,</strong></span> <span class='ocrx_word' id='word_1_220' title='bbox 803 3292 901 3374; x_wconf 82' lang='lat' dir='ltr'><strong>eligat</strong></span> <span class='ocrx_word' id='word_1_221' title='bbox 922 3310 1000 3368; x_wconf 83' lang='lat' dir='ltr'><strong>eam,</strong></span> <span class='ocrx_word' id='word_1_222' title='bbox 1017 3310 1087 3373; x_wconf 86' lang='lat' dir='ltr'><strong>quae</strong></span> <span class='ocrx_word' id='word_1_223' title='bbox 1110 3290 1211 3355; x_wconf 85' lang='lat' dir='ltr'><strong>aliena</strong></span> <span class='ocrx_word' id='word_1_224' title='bbox 1235 3296 1327 3373; x_wconf 84' lang='lat' dir='ltr'><strong>egent</strong></span> 
     </span>
     <span class='ocr_line' id='line_1_30' title="bbox 178 3393 1326 3484; baseline 0 -25"><span class='ocrx_word' id='word_1_225' title='bbox 178 3396 414 3484; x_wconf 84' lang='lat' dir='ltr'><strong>misericordia?</strong></span> <span class='ocrx_word' id='word_1_226' title='bbox 459 3418 569 3463; x_wconf 89' lang='lat' dir='ltr'><strong>uerum</strong></span> <span class='ocrx_word' id='word_1_227' title='bbox 594 3396 678 3463; x_wconf 89' lang='lat' dir='ltr'><strong>filius</strong></span> <span class='ocrx_word' id='word_1_228' title='bbox 702 3399 830 3460; x_wconf 86' lang='lat' dir='ltr'><strong>edoctus</strong></span> <span class='ocrx_word' id='word_1_229' title='bbox 846 3416 864 3459; x_wconf 87' lang='lat' dir='ltr'><strong>o</strong></span> <span class='ocrx_word' id='word_1_230' title='bbox 879 3400 966 3476; x_wconf 90' lang='lat' dir='ltr'><strong>patre</strong></span> <span class='ocrx_word' id='word_1_231' title='bbox 981 3393 1100 3458; x_wconf 89' lang='lat' dir='ltr'><strong>mauult</strong></span> <span class='ocrx_word' id='word_1_232' title='bbox 1114 3397 1146 3458; x_wconf 94' lang='lat' dir='ltr'><strong>in</strong></span> <span class='ocrx_word' id='word_1_233' title='bbox 1163 3393 1212 3458; x_wconf 89' lang='lat' dir='ltr'><strong>his</strong></span> <span class='ocrx_word' id='word_1_234' title='bbox 1236 3394 1326 3459; x_wconf 87' lang='lat' dir='ltr'><strong>herc·</strong></span> 
     </span>
     <span class='ocr_line' id='line_1_31' title="bbox 175 3498 1379 3584; baseline -0.002 -21"><span class='ocrx_word' id='word_1_235' title='bbox 175 3500 312 3575; x_wconf 84' lang='lat' dir='ltr'><strong>ditntem,</strong></span> <span class='ocrx_word' id='word_1_236' title='bbox 338 3500 389 3583; x_wconf 92' lang='lat' dir='ltr'><strong>qui</strong></span> <span class='ocrx_word' id='word_1_237' title='bbox 413 3502 444 3563; x_wconf 94' lang='lat' dir='ltr'><strong>in</strong></span> <span class='ocrx_word' id='word_1_238' title='bbox 469 3502 561 3566; x_wconf 90' lang='lat' dir='ltr'><strong>deum</strong></span> <span class='ocrx_word' id='word_1_239' title='bbox 590 3508 723 3582; x_wconf 85' lang='lat' dir='ltr'><strong>sperent,</strong></span> <span class='ocrx_word' id='word_1_240' title='bbox 748 3520 843 3584; x_wconf 81' lang='lat' dir='ltr'><strong>quam</strong></span> <span class='ocrx_word' id='word_1_241' title='bbox 867 3499 972 3582; x_wconf 88' lang='lat' dir='ltr'><strong>quiin</strong></span> <span class='ocrx_word' id='word_1_242' title='bbox 996 3498 1140 3578; x_wconf 89' lang='lat' dir='ltr'><strong>operibus</strong></span> <span class='ocrx_word' id='word_1_243' title='bbox 1163 3500 1226 3563; x_wconf 91' lang='lat' dir='ltr'><strong>suis</strong></span> <span class='ocrx_word' id='word_1_244' title='bbox 1241 3498 1327 3562; x_wconf 89' lang='lat' dir='ltr'><strong>iusti·</strong></span> <span class='ocrx_word' id='word_1_245' title='bbox 1353 3511 1379 3548; x_wconf 80' lang='lat'><strong>³⁰</strong></span> 
     </span>
     <span class='ocr_line' id='line_1_32' title="bbox 178 3596 1324 3687; baseline -0.002 -19"><span class='ocrx_word' id='word_1_246' title='bbox 178 3606 316 3681; x_wconf 83' lang='lat' dir='ltr'><strong>iicantur.</strong></span> <span class='ocrx_word' id='word_1_247' title='bbox 363 3606 467 3687; x_wconf 87' lang='lat' dir='ltr'><strong>itaque</strong></span> <span class='ocrx_word' id='word_1_248' title='bbox 492 3604 623 3685; x_wconf 86' lang='lat' dir='ltr'><strong>pulchre</strong></span> <span class='ocrx_word' id='word_1_249' title='bbox 658 3606 716 3669; x_wconf 89' lang='lat' dir='ltr'><strong>ait:</strong></span> <span class='ocrx_word' id='word_1_250' title='bbox 748 3604 984 3669; x_wconf 89' lang='lat' dir='ltr'><strong>benedicam</strong></span> <span class='ocrx_word' id='word_1_251' title='bbox 1017 3603 1227 3677; x_wconf 91' lang='lat' dir='ltr'><strong>domiuum,</strong></span> <span class='ocrx_word' id='word_1_252' title='bbox 1258 3596 1324 3685; x_wconf 85' lang='lat' dir='ltr'><strong>qui</strong></span> 
     </span>
     <span class='ocr_line' id='line_1_33' title="bbox 173 3706 1325 3791; baseline -0.007 -20"><span class='ocrx_word' id='word_1_253' title='bbox 173 3707 422 3791; x_wconf 83' lang='lat' dir='ltr'><strong>intelligere</strong></span> <span class='ocrx_word' id='word_1_254' title='bbox 446 3708 548 3779; x_wconf 75' lang='lat' dir='ltr'><strong>iecit</strong></span> <span class='ocrx_word' id='word_1_255' title='bbox 571 3730 645 3774; x_wconf 90' lang='lat' dir='ltr'><strong>me:</strong></span> <span class='ocrx_word' id='word_1_256' title='bbox 670 3708 947 3773; x_wconf 85' lang='lat' dir='ltr'><strong>adhucautorn</strong></span> <span class='ocrx_word' id='word_1_257' title='bbox 965 3706 1124 3771; x_wconf 90' lang='lat' dir='ltr'><strong>etsicut</strong></span> <span class='ocrx_word' id='word_1_258' title='bbox 1146 3707 1185 3771; x_wconf 93' lang='lat' dir='ltr'><strong>iu</strong></span> <span class='ocrx_word' id='word_1_259' title='bbox 1209 3720 1325 3769; x_wconf 83' lang='lat' dir='ltr'><strong>nocte</strong></span> 
     </span>
     <span class='ocr_line' id='line_1_34' title="bbox 174 3811 1325 3896; baseline -0.002 -21"><span class='ocrx_word' id='word_1_260' title='bbox 174 3812 423 3877; x_wconf 89' lang='lat' dir='ltr'><strong>erudierunt</strong></span> <span class='ocrx_word' id='word_1_261' title='bbox 457 3834 514 3877; x_wconf 89' lang='lat' dir='ltr'><strong>me</strong></span> <span class='ocrx_word' id='word_1_262' title='bbox 549 3833 669 3877; x_wconf 88' lang='lat' dir='ltr'><strong>renes</strong></span> <span class='ocrx_word' id='word_1_263' title='bbox 704 3814 790 3877; x_wconf 89' lang='lat' dir='ltr'><strong>mei.</strong></span> <span class='ocrx_word' id='word_1_264' title='bbox 835 3811 908 3896; x_wconf 91' lang='lat' dir='ltr'><strong>quid</strong></span> <span class='ocrx_word' id='word_1_265' title='bbox 940 3831 1009 3875; x_wconf 92' lang='lat' dir='ltr'><strong>eum</strong></span> <span class='ocrx_word' id='word_1_266' title='bbox 1034 3812 1213 3875; x_wconf 89' lang='lat' dir='ltr'><strong>erudierunt</strong></span> <span class='ocrx_word' id='word_1_267' title='bbox 1235 3830 1325 3874; x_wconf 90' lang='lat' dir='ltr'><strong>renes</strong></span> 
     </span>
     <span class='ocr_line' id='line_1_35' title="bbox 170 3914 1326 4001; baseline -0.001 -22"><span class='ocrx_word' id='word_1_268' title='bbox 170 3916 244 3981; x_wconf 82' lang='lat' dir='ltr'><strong>sui?</strong></span> <span class='ocrx_word' id='word_1_269' title='bbox 292 3915 417 3989; x_wconf 83' lang='lat' dir='ltr'><strong>scilicet,</strong></span> <span class='ocrx_word' id='word_1_270' title='bbox 442 3918 493 3995; x_wconf 88' lang='lat' dir='ltr'><strong>ait,</strong></span> <span class='ocrx_word' id='word_1_271' title='bbox 518 3915 694 4001; x_wconf 86' lang='lat' dir='ltr'><strong>intelligere</strong></span> <span class='ocrx_word' id='word_1_272' title='bbox 717 3936 786 3981; x_wconf 91' lang='lat' dir='ltr'><strong>eum</strong></span> <span class='ocrx_word' id='word_1_273' title='bbox 809 3917 956 3993; x_wconf 83' lang='lat' dir='ltr'><strong>iecerunt,</strong></span> <span class='ocrx_word' id='word_1_274' title='bbox 978 3914 1088 3979; x_wconf 89' lang='lat' dir='ltr'><strong>melius</strong></span> <span class='ocrx_word' id='word_1_275' title='bbox 1111 3934 1179 3979; x_wconf 88' lang='lat' dir='ltr'><strong>esse</strong></span> <span class='ocrx_word' id='word_1_276' title='bbox 1202 3934 1326 3994; x_wconf 82' lang='lat' dir='ltr'><strong>sperare</strong></span> 
     </span>
     <span class='ocr_line' id='line_1_36' title="bbox 174 4019 1377 4103; baseline -0.002 -20"><span class='ocrx_word' id='word_1_277' title='bbox 174 4020 205 4083; x_wconf 95' lang='lat' dir='ltr'><strong>iu</strong></span> <span class='ocrx_word' id='word_1_278' title='bbox 223 4021 357 4095; x_wconf 83' lang='lat' dir='ltr'><strong>domino,</strong></span> <span class='ocrx_word' id='word_1_279' title='bbox 374 4040 467 4103; x_wconf 88' lang='lat' dir='ltr'><strong>quam</strong></span> <span class='ocrx_word' id='word_1_280' title='bbox 480 4021 512 4085; x_wconf 93' lang='lat' dir='ltr'><strong>iu</strong></span> <span class='ocrx_word' id='word_1_281' title='bbox 528 4042 583 4085; x_wconf 92' lang='lat' dir='ltr'><strong>suo</strong></span> <span class='ocrx_word' id='word_1_282' title='bbox 603 4040 696 4101; x_wconf 88' lang='lat' dir='ltr'><strong>opere</strong></span> <span class='ocrx_word' id='word_1_283' title='bbox 711 4020 879 4085; x_wconf 86' lang='lat' dir='ltr'><strong>iustificari.</strong></span> <span class='ocrx_word' id='word_1_284' title='bbox 910 4039 983 4082; x_wconf 88' lang='lat' dir='ltr'><strong>nam</strong></span> <span class='ocrx_word' id='word_1_285' title='bbox 1000 4026 1031 4083; x_wconf 89' lang='lat' dir='ltr'><strong>et</strong></span> <span class='ocrx_word' id='word_1_286' title='bbox 1045 4019 1145 4097; x_wconf 90' lang='lat' dir='ltr'><strong>ipsum</strong></span> <span class='ocrx_word' id='word_1_287' title='bbox 1164 4019 1324 4082; x_wconf 88' lang='lat' dir='ltr'><strong>dominum</strong></span> <span class='ocrx_word' id='word_1_288' title='bbox 1352 4030 1377 4066; x_wconf 80' lang='lat'><strong>³⁶</strong></span> 
     </span>
     <span class='ocr_line' id='line_1_37' title="bbox 170 4113 1321 4207; baseline -0.004 -19"><span class='ocrx_word' id='word_1_289' title='bbox 170 4145 273 4190; x_wconf 90' lang='lat' dir='ltr'><strong>nonne</strong></span> <span class='ocrx_word' id='word_1_290' title='bbox 305 4146 396 4189; x_wconf 87' lang='lat' dir='ltr'><strong>renes</strong></span> <span class='ocrx_word' id='word_1_291' title='bbox 428 4126 474 4190; x_wconf 91' lang='lat' dir='ltr'><strong>sui</strong></span> <span class='ocrx_word' id='word_1_292' title='bbox 506 4125 594 4207; x_wconf 83' lang='lat' dir='ltr'><strong>quasi</strong></span> <span class='ocrx_word' id='word_1_293' title='bbox 617 4126 648 4187; x_wconf 90' lang='lat' dir='ltr'><strong>in</strong></span> <span class='ocrx_word' id='word_1_294' title='bbox 673 4136 762 4188; x_wconf 84' lang='lat' dir='ltr'><strong>nocte</strong></span> <span class='ocrx_word' id='word_1_295' title='bbox 797 4124 976 4188; x_wconf 79' lang='lat' dir='ltr'><strong>erudierunt</strong></span> <span class='ocrx_word' id='word_1_296' title='bbox 998 4143 1125 4202; x_wconf 87' lang='lat' dir='ltr'><strong>sperare</strong></span> <span class='ocrx_word' id='word_1_297' title='bbox 1149 4113 1178 4185; x_wconf 88' lang='lat' dir='ltr'><strong>in</strong></span> <span class='ocrx_word' id='word_1_298' title='bbox 1204 4119 1321 4186; x_wconf 81' lang='lat' dir='ltr'><strong>deum?</strong></span> 
     </span>
    </p>
   </div>
   <div class='ocr_carea' id='block_1_3' title="bbox 203 4264 582 4334">
    <p class='ocr_par' dir='ltr' id='par_1_4' title="bbox 203 4264 582 4334">
     <span class='ocr_line' id='line_1_38' title="bbox 203 4264 582 4334; baseline 0 -17"><span class='ocrx_word' id='word_1_299' title='bbox 203 4268 253 4319; x_wconf 90' lang='grc' dir='ltr'><strong>Ι10</strong></span> <span class='ocrx_word' id='word_1_300' title='bbox 270 4264 405 4334; x_wconf 73' lang='lat' dir='ltr'><strong>ddpnauit</strong></span> <span class='ocrx_word' id='word_1_301' title='bbox 441 4268 489 4318; x_wconf 83' lang='lat'><strong>&#39;31</strong></span> <span class='ocrx_word' id='word_1_302' title='bbox 510 4266 582 4331; x_wconf 77' lang='lat' dir='ltr'><strong>iteq5</strong></span> 
     </span>
    </p>
   </div>
   <div class='ocr_carea' id='block_1_4' title="bbox 0 0 1546 4967">
    <p class='ocr_par' dir='ltr' id='par_1_5' title="bbox 0 0 1546 4967">
     <span class='ocr_line' id='line_1_39' title="bbox 0 0 1546 4967; baseline 0 0"><span class='ocrx_word' id='word_1_303' title='bbox 0 0 1546 4967; x_wconf 95' lang='lat' dir='ltr'><strong> </strong></span> 
     </span>
    </p>
   </div>
  </div>
 </body>
</html>
