3075 4967
379 330 559 379 tractatus
578 325 613 376 iu
631 324 807 392 psalmum
824 321 896 376 lnv.
1152 321 1212 385 let

126 519 168 584 16.
189 518 268 583 Nam
291 516 450 582 interiecto
473 514 645 598 diapsalma
668 533 794 578 emnem
823 512 874 577 his
908 515 948 580 ob
976 513 1211 598 inpoenitentem

92 623 236 708 inpietatis
259 620 485 703 professionem
509 638 598 700 spem
620 617 731 683 recidit
754 618 877 683 diceus:
908 638 982 683 non
1014 616 1119 683 enim
1153 623 1215 681 est

94 727 164 791 illis
184 725 444 791 commutatio
468 729 506 788 et
528 742 604 787 non
631 723 866 787 timuerunt.
911 742 1020 787 omnes
1043 721 1213 787 secundum

94 830 242 914 apostolum
265 835 439 912 resurgent,
463 828 519 892 sed
542 847 602 891 uon
626 844 735 891 omnes
759 826 1040 903 commutabuntur,
1065 826 1213 910 quianon

96 937 239 999 timuerunt
260 936 364 999 deum.
410 931 457 997 fas
481 931 564 996 enim
587 930 687 995 fuerat
709 932 891 1014 ignorantes
913 933 945 996 in
968 929 1097 994 homine
1121 931 1215 994 deum
1255 986 1259 996 .

98 1046 285 1124 resurgentem
310 1046 417 1102 tamen
440 1036 532 1101 deum
567 1055 605 1100 ex
634 1034 762 1099 mortuis
797 1034 977 1111 credidisse,
1010 1040 1135 1115 patente
1164 1032 1215 1097 his

97 1142 172 1206 etiam
192 1151 259 1227 post
288 1141 443 1222 passionis
467 1138 623 1220 piaculum
651 1139 831 1223 paenitentia
854 1147 885 1203 et
906 1138 1108 1222 indulgentia.
1154 1157 1216 1202 uon

99 1246 166 1310 enim
186 1245 280 1310 solnm
303 1263 367 1308 uon
390 1244 558 1309 timuerunt
591 1243 695 1324 deum,
731 1243 787 1307 sed
821 1263 891 1307 cum
921 1243 961 1307 ad
984 1241 1216 1307 retribuendum

97 1348 135 1414 lis
154 1369 270 1414 manum
294 1348 492 1424 extendisset,
527 1348 630 1412 idest
663 1345 811 1411 auxilium
834 1345 1000 1421 obtulisset
1030 1346 1217 1410 contamina-

98 1465 187 1518 uerunt
206 1459 421 1518 testamentum
457 1451 535 1516 eius:
570 1471 641 1516 cum
675 1467 755 1528 eum,
780 1451 832 1534 qui
866 1458 1053 1516 testamento
1076 1449 1155 1534 legis
1177 1451 1217 1514 ad
1265 1486 1269 1513 .

97 1555 205 1622 salutem
229 1556 451 1642 praenuntiatus
464 1562 518 1633 est,
542 1553 752 1636 reppulerunt.
798 1555 937 1638 sequitur
953 1555 1051 1621 enim:
1082 1560 1218 1619 exten·

103 1659 315 1725 ditmanum
338 1657 795 1725 suaminretribueudo.
833 1659 1218 1723 contaminaueruut

97 1770 362 1831 testamentum
386 1763 490 1828 eius:
514 1762 640 1827 diuisi
665 1763 828 1828 suntab
859 1763 918 1826 ire
953 1763 1091 1827 uultus
1122 1762 1217 1828 eius.

99 1867 240 1933 etidcirco
263 1868 433 1934 demutatio
457 1867 505 1931 his
529 1888 590 1932 non
614 1865 721 1932 relicta
736 1872 792 1944 est,
817 1867 890 1950 quia
904 1887 960 1950 pro
977 1873 1105 1947 peccato
1121 1866 1217 1931 semel

98 1977 210 2037 neruus
225 1979 255 2037 et
268 1990 437 2056 resurgens
454 1991 507 2037 eos
523 1976 641 2035 tantum
659 1970 869 2036 demutatione
884 1971 1019 2048 donauit,
1043 1970 1095 2055 qui
1111 1989 1217 2036 secum
1258 2002 1271 2038 ,1

100 2093 145 2156 per
164 2075 250 2141 fidem
273 2083 304 2141 et
327 2076 510 2142 commortui
540 2082 611 2140 sunt
633 2081 665 2140 et
687 2081 858 2160 resurgent.
905 2075 961 2139 hos
984 2082 1087 2139 autern
1110 2075 1150 2140 ab
1173 2075 1219 2139 ira

99 2177 181 2244 uultus
201 2181 245 2244 sui
269 2199 378 2245 euersa
400 2179 525 2244 ciuitate
539 2178 651 2244 diuisit
674 2183 856 2263 partemque
879 2199 985 2244 eorum
1001 2199 1072 2244 cum
1088 2177 1219 2244 infideli-

99 2281 144 2346 bus
163 2303 271 2363 ponens
294 2303 348 2349 eos
371 2283 421 2348 uel
444 2283 589 2364 dispersit
611 2283 643 2348 in
666 2283 781 2364 omnia,
803 2281 854 2348 uel
877 2282 981 2347 diuisit
1003 2305 1022 2348 a
1044 2283 1169 2348 sanctis.

137 2386 177 2450 11.
199 2387 318 2454 Dehinc
341 2389 380 2453 de
403 2386 543 2472 generali
561 2386 705 2470 'querella
727 2388 768 2452 ad
792 2386 1053 2472 significationem
1069 2388 1143 2464 eius,
1167 2388 1219 2472 qui

100 2495 125 2551 et
142 2490 193 2555 dur
215 2499 244 2557 et
266 2492 431 2557 unanimus
454 2497 486 2557 et
507 2497 598 2556 notus
620 2490 729 2570 fuerat,
754 2511 856 2557 sermo
880 2511 915 2556 se
937 2491 1068 2557 rettulit:
1100 2499 1137 2557 et
1159 2493 1218 2556 ad·
1249 2531 1253 2540 .

103 2595 287 2675 propiauit
331 2616 399 2660 cor
444 2596 542 2660 eius.
598 2595 840 2661 mollierunt
883 2616 1094 2662 sermones
1132 2597 1220 2661 eius

102 2713 201 2777 super
221 2699 358 2777 oleum,
383 2699 523 2784 stipsi
548 2705 640 2764 sunt
662 2698 805 2764 iscula
852 2700 1007 2765 admixtus
1027 2698 1175 2780 apostolis
1191 2708 1222 2765 et

101 2818 185 2866 curam
201 2823 372 2890 pauperum
389 2803 680 2888 agens,ma1imum
696 2803 815 2869 scilicet
830 2804 992 2870 ministerii
1009 2824 1086 2885 opus
1101 2825 1221 2881 curans,

101 2905 270 2987 adpropiauit
286 2928 339 2974 cor
353 2927 442 2972 suum
459 2943 499 2953 -
517 2908 556 2972 ab
572 2906 826 2992 adpropiantibus
842 2909 926 2973 euim
941 2908 1065 2974 liberari
1083 2909 1221 2974 animam

102 3025 172 3074 suam
192 3010 360 3096 gratulatus
384 3017 431 3076 est
454 3048 504 3088 -‚
528 3031 589 3076 nou
613 3011 717 3094 utique
739 3012 913 3077 ministerio
934 3011 1008 3078 fidei
1025 3012 1220 3094 adpropians

102 3111 144 3176 sed
165 3114 213 3179 ira
242 3116 291 3181 dei
315 3121 345 3180 et
368 3113 619 3180 contaminationi
654 3116 829 3180 testamenti
863 3116 940 3181 eius.
985 3123 1122 3182 ceterum
1155 3118 1222 3198 ipse

135 3271 149 3322 s
165 3270 175 3322 1
193 3271 250 3325 cor.
270 3273 312 3339 15,
330 3273 372 3326 or.

137 3425 303 3481 linteriecto
322 3445 353 3480 aa
370 3427 528 3481 interiectio
548 3427 616 3481 ua]
641 3429 664 3480 V
714 3428 850 3482 ilreoidit
868 3427 889 3493 (i
903 3430 987 3498 prior.
1006 3431 1052 3482 loc.
1071 3431 1098 3482 ia
1116 3429 1180 3494 res.)
1194 3430 1220 3482 lt

103 3511 236 3564 receditP
284 3513 475 3567 3timuerunt
501 3514 583 3568 deum
612 3515 691 3567 ΡΤΕ
740 3518 891 3584 deargent
919 3517 995 3568 RVI'
1046 3517 1222 3585 dignor-asse

105 3593 142 3647 Vs
141 3615 153 3649 e
197 3603 421 3669 dresurgentem
440 3603 533 3655 tamen
551 3601 599 3655 dm
617 3603 642 3654 in
663 3620 745 3672 mur-q.
763 3620 877 3673 saper.a
894 3620 927 3656 m.
948 3601 1007 3656 211
1039 3602 1223 3657 credidissent

104 3681 152 3736 Ple
167 3683 188 3750 (e
204 3697 261 3740 aare
278 3691 469 3757 resurgentem
489 3691 549 3741 odd.
568 3686 602 3754 sil
657 3689 865 3757 patentezhis
883 3691 908 3742 R
960 3689 1029 3745 Sed
1042 3690 1222 3744 tribuendum

106 3767 144 3820 ΡΓ
186 3775 215 3827 11
233 3775 397 3842 repulerunt
409 3775 460 3826 PE
511 3777 544 3829 12
562 3791 673 3828 manum
691 3794 722 3830 er
739 3793 869 3830 manuam
887 3795 920 3829 m.
937 3776 994 3829 IV
1045 3778 1078 3831 lo
1097 3783 1223 3832 mortuus

91 3917 137 3960 -et
151 3909 266 3965 et'Pl'E
317 3916 351 3967 19
369 3859 515 3997 generpliR
568 3913 708 3982 quaerella
733 3915 781 3968 VR
833 3918 868 3971 20
885 3916 910 3970 ei
920 3916 977 3969 dux
988 3917 1038 3968 Vs
1046 3916 1072 3969 ei
1090 3922 1117 3970 et
1130 3917 1226 3970 duxE

107 4011 237 4069 sumimus
256 4018 280 4069 'l'
297 4017 436 4071 unanimis
462 4017 513 4070 PE
564 4034 593 4072 se
618 4035 666 4071 oar.
699 4019 723 4072 V
782 4019 880 4074 retulit
906 4021 1012 4073 RPTE
1070 4021 1224 4075 2111101Ιὶ11

108 4101 203 4152 suutT
250 4105 284 4158 23
302 4103 435 4157 ministrii
469 4104 672 4160 Vministerio
701 4107 726 4158 P
776 4109 812 4160 24
829 4107 1021 4175 adpropriauit
1051 4108 1074 4160 l'
1124 4107 1223 4176 adpro·

108 4183 267 4276 lriimutibus
285 4207 353 4244 corr.
372 4209 405 4244 m..
425 4191 441 4242 1
460 4193 484 4245 V
533 4192 568 4244 25
589 4187 656 4261 'tiu
673 4194 696 4246 l'
746 4192 902 4247 ministeria
921 4194 947 4246 P
996 4193 1178 4263 adpropriaus
1203 4196 1227 4246 l'

499 4313 508 4326 V

494 4336 499 4345 l

507 4355 512 4366 Ι

109 4302 134 4354 lo
149 4306 183 4360 ira
205 4311 227 4362 V
275 4312 459 4366 contaminati
485 4313 495 4365 l
