<?xml version="1.0" encoding="UTF-8"?>
<!DOCTYPE html PUBLIC "-//W3C//DTD XHTML 1.0 Transitional//EN"
    "http://www.w3.org/TR/xhtml1/DTD/xhtml1-transitional.dtd">
<html xmlns="http://www.w3.org/1999/xhtml" xml:lang="en" lang="en">
 <head>
  <title>
</title>
<meta http-equiv="Content-Type" content="text/html;charset=utf-8" />
  <meta name='ocr-system' content='tesseract 3.04.00' />
  <meta name='ocr-capabilities' content='ocr_page ocr_carea ocr_par ocr_line ocrx_word'/>
</head>
<body>
  <div class='ocr_page' id='page_1' title='image "./corpusscriptoru23wiengoog_0120.png"; bbox 0 0 3075 4967; ppageno 0'>
   <div class='ocr_carea' id='block_1_1' title="bbox 318 267 1125 337">
    <p class='ocr_par' dir='ltr' id='par_1_1' title="bbox 318 267 1125 337">
     <span class='ocr_line' id='line_1_1' title="bbox 318 267 1125 337; baseline 0 -15"><span class='ocrx_word' id='word_1_1' title='bbox 318 267 359 331; x_wconf 82' lang='lat'><strong>90</strong></span> <span class='ocrx_word' id='word_1_2' title='bbox 657 267 775 323; x_wconf 82' lang='lat' dir='ltr'><strong>sanati</strong></span> <span class='ocrx_word' id='word_1_3' title='bbox 799 268 937 323; x_wconf 88' lang='lat' dir='ltr'><strong>Hilarii</strong></span> <span class='ocrx_word' id='word_1_4' title='bbox 961 267 1125 337; x_wconf 81' lang='lat' dir='ltr'><strong>episcopi</strong></span> 
     </span>
    </p>
   </div>
   <div class='ocr_carea' id='block_1_2' title="bbox 266 454 1468 3352">
    <p class='ocr_par' dir='ltr' id='par_1_2' title="bbox 318 454 1462 854">
     <span class='ocr_line' id='line_1_2' title="bbox 362 454 1459 542; baseline -0.002 -20"><span class='ocrx_word' id='word_1_5' title='bbox 362 457 392 522; x_wconf 90' lang='lat'><strong>8.</strong></span> <span class='ocrx_word' id='word_1_6' title='bbox 417 454 565 526; x_wconf 73' lang='lat' dir='ltr'><strong>Conscius</strong></span> <span class='ocrx_word' id='word_1_7' title='bbox 589 477 663 542; x_wconf 85' lang='lat' dir='ltr'><strong>ergo</strong></span> <span class='ocrx_word' id='word_1_8' title='bbox 686 459 813 540; x_wconf 89' lang='lat' dir='ltr'><strong>spiritus</strong></span> <span class='ocrx_word' id='word_1_9' title='bbox 836 465 961 524; x_wconf 86' lang='lat' dir='ltr'><strong>sanetus</strong></span> <span class='ocrx_word' id='word_1_10' title='bbox 984 477 1030 536; x_wconf 87' lang='lat' dir='ltr'><strong>ea,</strong></span> <span class='ocrx_word' id='word_1_11' title='bbox 1065 477 1134 541; x_wconf 81' lang='lat' dir='ltr'><strong>quae</strong></span> <span class='ocrx_word' id='word_1_12' title='bbox 1157 457 1317 538; x_wconf 77' lang='lat' dir='ltr'><strong>superiora</strong></span> <span class='ocrx_word' id='word_1_13' title='bbox 1339 455 1459 522; x_wconf 90' lang='lat' dir='ltr'><strong>suntin</strong></span> 
     </span>
     <span class='ocr_line' id='line_1_3' title="bbox 318 560 1460 646; baseline -0.001 -21"><span class='ocrx_word' id='word_1_14' title='bbox 318 562 390 626; x_wconf 79' lang='lat' dir='ltr'><strong>uitas</strong></span> <span class='ocrx_word' id='word_1_15' title='bbox 412 561 590 628; x_wconf 77' lang='lat' dir='ltr'><strong>innocentia</strong></span> <span class='ocrx_word' id='word_1_16' title='bbox 612 568 644 628; x_wconf 90' lang='lat' dir='ltr'><strong>et</strong></span> <span class='ocrx_word' id='word_1_17' title='bbox 666 563 698 627; x_wconf 92' lang='lat' dir='ltr'><strong>in</strong></span> <span class='ocrx_word' id='word_1_18' title='bbox 721 563 866 643; x_wconf 87' lang='lat' dir='ltr'><strong>operibns</strong></span> <span class='ocrx_word' id='word_1_19' title='bbox 880 561 1013 639; x_wconf 69' lang='lat' dir='ltr'><strong>iustitias,</strong></span> <span class='ocrx_word' id='word_1_20' title='bbox 1036 568 1068 627; x_wconf 86' lang='lat' dir='ltr'><strong>et</strong></span> <span class='ocrx_word' id='word_1_21' title='bbox 1089 562 1234 646; x_wconf 80' lang='lat' dir='ltr'><strong>gentibus</strong></span> <span class='ocrx_word' id='word_1_22' title='bbox 1257 567 1289 626; x_wconf 90' lang='lat' dir='ltr'><strong>et</strong></span> <span class='ocrx_word' id='word_1_23' title='bbox 1311 560 1460 627; x_wconf 78' lang='lat' dir='ltr'><strong>haretieis</strong></span> 
     </span>
     <span class='ocr_line' id='line_1_4' title="bbox 319 665 1461 750; baseline 0 -20"><span class='ocrx_word' id='word_1_24' title='bbox 319 685 388 730; x_wconf 86' lang='lat' dir='ltr'><strong>esse</strong></span> <span class='ocrx_word' id='word_1_25' title='bbox 411 666 595 732; x_wconf 82' lang='lat' dir='ltr'><strong>eommunia.</strong></span> <span class='ocrx_word' id='word_1_26' title='bbox 640 686 776 750; x_wconf 90' lang='lat' dir='ltr'><strong>namque</strong></span> <span class='ocrx_word' id='word_1_27' title='bbox 798 666 903 747; x_wconf 87' lang='lat' dir='ltr'><strong>plures</strong></span> <span class='ocrx_word' id='word_1_28' title='bbox 933 685 1039 732; x_wconf 91' lang='lat' dir='ltr'><strong>eorum</strong></span> <span class='ocrx_word' id='word_1_29' title='bbox 1063 671 1096 731; x_wconf 87' lang='lat' dir='ltr'><strong>et</strong></span> <span class='ocrx_word' id='word_1_30' title='bbox 1116 665 1238 731; x_wconf 87' lang='lat' dir='ltr'><strong>ieiuniis</strong></span> <span class='ocrx_word' id='word_1_31' title='bbox 1261 685 1389 746; x_wconf 86' lang='lat' dir='ltr'><strong>eorpora</strong></span> <span class='ocrx_word' id='word_1_32' title='bbox 1410 666 1461 730; x_wconf 84' lang='lat' dir='ltr'><strong>de</strong></span> 
     </span>
     <span class='ocr_line' id='line_1_5' title="bbox 320 768 1462 854; baseline 0.001 -22"><span class='ocrx_word' id='word_1_33' title='bbox 320 768 452 854; x_wconf 82' lang='lat' dir='ltr'><strong>fatigant</strong></span> <span class='ocrx_word' id='word_1_34' title='bbox 475 775 507 836; x_wconf 88' lang='lat' dir='ltr'><strong>et</strong></span> <span class='ocrx_word' id='word_1_35' title='bbox 529 769 753 836; x_wconf 82' lang='lat' dir='ltr'><strong>continentiam</strong></span> <span class='ocrx_word' id='word_1_36' title='bbox 775 770 1031 850; x_wconf 85' lang='lat' dir='ltr'>patrimoniorum</span> <span class='ocrx_word' id='word_1_37' title='bbox 1061 768 1226 854; x_wconf 89' lang='lat' dir='ltr'><strong>largitione</strong></span> <span class='ocrx_word' id='word_1_38' title='bbox 1260 775 1412 835; x_wconf 73' lang='lat' dir='ltr'><strong>testantur</strong></span> <span class='ocrx_word' id='word_1_39' title='bbox 1432 779 1462 834; x_wconf 89' lang='lat' dir='ltr'><strong>et</strong></span> 
     </span>
    </p>

    <p class='ocr_par' dir='ltr' id='par_1_3' title="bbox 280 872 1463 1375">
     <span class='ocr_line' id='line_1_6' title="bbox 280 872 1461 958; baseline 0 -21"><span class='ocrx_word' id='word_1_40' title='bbox 280 901 293 936; x_wconf 77' lang='lat' dir='ltr'><strong>a</strong></span> <span class='ocrx_word' id='word_1_41' title='bbox 320 872 500 952; x_wconf 75' lang='lat' dir='ltr'><strong>pudicitiam</strong></span> <span class='ocrx_word' id='word_1_42' title='bbox 532 873 711 958; x_wconf 83' lang='lat' dir='ltr'><strong>uirginitate</strong></span> <span class='ocrx_word' id='word_1_43' title='bbox 734 879 960 940; x_wconf 76' lang='lat' dir='ltr'><strong>consummant.</strong></span> <span class='ocrx_word' id='word_1_44' title='bbox 1006 874 1063 938; x_wconf 88' lang='lat' dir='ltr'><strong>sed</strong></span> <span class='ocrx_word' id='word_1_45' title='bbox 1085 873 1158 957; x_wconf 89' lang='lat' dir='ltr'><strong>qaia</strong></span> <span class='ocrx_word' id='word_1_46' title='bbox 1181 874 1374 940; x_wconf 72' lang='lat' dir='ltr'><strong>abundamus</strong></span> <span class='ocrx_word' id='word_1_47' title='bbox 1396 872 1461 938; x_wconf 83' lang='lat' dir='ltr'><strong>haec</strong></span> 
     </span>
     <span class='ocr_line' id='line_1_7' title="bbox 319 976 1462 1060; baseline -0.001 -18"><span class='ocrx_word' id='word_1_48' title='bbox 319 982 351 1042; x_wconf 88' lang='lat' dir='ltr'><strong>et</strong></span> <span class='ocrx_word' id='word_1_49' title='bbox 373 977 470 1042; x_wconf 85' lang='lat' dir='ltr'><strong>multa</strong></span> <span class='ocrx_word' id='word_1_50' title='bbox 491 979 666 1044; x_wconf 84' lang='lat' dir='ltr'><strong>istiusmodi</strong></span> <span class='ocrx_word' id='word_1_51' title='bbox 688 980 721 1043; x_wconf 92' lang='lat' dir='ltr'><strong>in</strong></span> <span class='ocrx_word' id='word_1_52' title='bbox 742 979 819 1060; x_wconf 90' lang='lat' dir='ltr'><strong>ipsis</strong></span> <span class='ocrx_word' id='word_1_53' title='bbox 842 983 957 1057; x_wconf 83' lang='lat' dir='ltr'><strong>essent,</strong></span> <span class='ocrx_word' id='word_1_54' title='bbox 980 979 1122 1044; x_wconf 89' lang='lat' dir='ltr'><strong>dominus</strong></span> <span class='ocrx_word' id='word_1_55' title='bbox 1151 978 1192 1043; x_wconf 84' lang='lat' dir='ltr'><strong>ad</strong></span> <span class='ocrx_word' id='word_1_56' title='bbox 1222 976 1390 1057; x_wconf 83' lang='lat' dir='ltr'><strong>discipulos</strong></span> <span class='ocrx_word' id='word_1_57' title='bbox 1418 977 1462 1044; x_wconf 84' lang='lat' dir='ltr'><strong>sie</strong></span> 
     </span>
     <span class='ocr_line' id='line_1_8' title="bbox 320 1080 1461 1160; baseline 0.002 -15"><span class='ocrx_word' id='word_1_58' title='bbox 320 1081 436 1148; x_wconf 82' lang='lat' dir='ltr'><strong>locutus</strong></span> <span class='ocrx_word' id='word_1_59' title='bbox 459 1089 520 1148; x_wconf 88' lang='lat' dir='ltr'><strong>est:</strong></span> <span class='ocrx_word' id='word_1_60' title='bbox 543 1103 656 1148; x_wconf 88' lang='lat' dir='ltr'><strong>amen</strong></span> <span class='ocrx_word' id='word_1_61' title='bbox 682 1083 772 1148; x_wconf 85' lang='lat' dir='ltr'><strong>dieo</strong></span> <span class='ocrx_word' id='word_1_62' title='bbox 795 1083 922 1160; x_wconf 88' lang='lat' dir='ltr'><strong>nobis,</strong></span> <span class='ocrx_word' id='word_1_63' title='bbox 955 1101 1041 1148; x_wconf 85' lang='lat' dir='ltr'><strong>oum</strong></span> <span class='ocrx_word' id='word_1_64' title='bbox 1070 1081 1236 1147; x_wconf 88' lang='lat' dir='ltr'><strong>uenerit</strong></span> <span class='ocrx_word' id='word_1_65' title='bbox 1258 1081 1377 1146; x_wconf 81' lang='lat' dir='ltr'><strong>iilius</strong></span> <span class='ocrx_word' id='word_1_66' title='bbox 1399 1080 1461 1147; x_wconf 90' lang='lat' dir='ltr'><strong>ho-</strong></span> 
     </span>
     <span class='ocr_line' id='line_1_9' title="bbox 318 1183 1463 1267; baseline -0.002 -17"><span class='ocrx_word' id='word_1_67' title='bbox 318 1186 622 1266; x_wconf 87' lang='lat' dir='ltr'><strong>minis‚putatis</strong></span> <span class='ocrx_word' id='word_1_68' title='bbox 644 1186 833 1252; x_wconf 87' lang='lat' dir='ltr'><strong>inueniet</strong></span> <span class='ocrx_word' id='word_1_69' title='bbox 855 1186 980 1253; x_wconf 85' lang='lat' dir='ltr'><strong>sidem</strong></span> <span class='ocrx_word' id='word_1_70' title='bbox 1002 1206 1124 1267; x_wconf 90' lang='lat' dir='ltr'><strong>super</strong></span> <span class='ocrx_word' id='word_1_71' title='bbox 1147 1183 1323 1251; x_wconf 79' lang='lat' dir='ltr'><strong>terram?</strong></span> <span class='ocrx_word' id='word_1_72' title='bbox 1346 1185 1463 1252; x_wconf 76' lang='lat' dir='ltr'><strong>sciebat</strong></span> 
     </span>
     <span class='ocr_line' id='line_1_10' title="bbox 317 1289 1463 1375; baseline -0.002 -20"><span class='ocrx_word' id='word_1_73' title='bbox 317 1294 348 1355; x_wconf 89' lang='lat' dir='ltr'><strong>et</strong></span> <span class='ocrx_word' id='word_1_74' title='bbox 361 1291 572 1375; x_wconf 86' lang='lat' dir='ltr'><strong>uirginitatem</strong></span> <span class='ocrx_word' id='word_1_75' title='bbox 597 1296 628 1356; x_wconf 91' lang='lat' dir='ltr'><strong>et</strong></span> <span class='ocrx_word' id='word_1_76' title='bbox 651 1290 873 1356; x_wconf 82' lang='lat' dir='ltr'><strong>continentiam</strong></span> <span class='ocrx_word' id='word_1_77' title='bbox 898 1295 930 1355; x_wconf 91' lang='lat' dir='ltr'><strong>et</strong></span> <span class='ocrx_word' id='word_1_78' title='bbox 950 1290 1064 1355; x_wconf 87' lang='lat' dir='ltr'><strong>ieiunia</strong></span> <span class='ocrx_word' id='word_1_79' title='bbox 1086 1307 1155 1355; x_wconf 90' lang='lat' dir='ltr'><strong>esse</strong></span> <span class='ocrx_word' id='word_1_80' title='bbox 1176 1289 1322 1366; x_wconf 76' lang='lat' dir='ltr'><strong>curanda,</strong></span> <span class='ocrx_word' id='word_1_81' title='bbox 1339 1295 1371 1356; x_wconf 89' lang='lat' dir='ltr'><strong>et</strong></span> <span class='ocrx_word' id='word_1_82' title='bbox 1393 1290 1463 1373; x_wconf 85' lang='lat' dir='ltr'><strong>quia</strong></span> 
     </span>
    </p>

    <p class='ocr_par' dir='ltr' id='par_1_4' title="bbox 266 1392 1465 1895">
     <span class='ocr_line' id='line_1_11' title="bbox 266 1392 1463 1475; baseline 0 -17"><span class='ocrx_word' id='word_1_83' title='bbox 266 1421 291 1458; x_wconf 81' lang='grc' dir='ltr'><strong>ιο</strong></span> <span class='ocrx_word' id='word_1_84' title='bbox 319 1392 385 1460; x_wconf 83' lang='lat' dir='ltr'><strong>haeo</strong></span> <span class='ocrx_word' id='word_1_85' title='bbox 407 1414 467 1459; x_wconf 91' lang='lat' dir='ltr'><strong>non</strong></span> <span class='ocrx_word' id='word_1_86' title='bbox 492 1394 658 1475; x_wconf 77' lang='lat' dir='ltr'><strong>proficiunt</strong></span> <span class='ocrx_word' id='word_1_87' title='bbox 679 1395 721 1460; x_wconf 86' lang='lat' dir='ltr'><strong>ad</strong></span> <span class='ocrx_word' id='word_1_88' title='bbox 743 1396 950 1468; x_wconf 81' lang='lat' dir='ltr'><strong>sanctitatem,</strong></span> <span class='ocrx_word' id='word_1_89' title='bbox 982 1395 1043 1459; x_wconf 90' lang='lat' dir='ltr'><strong>nisi</strong></span> <span class='ocrx_word' id='word_1_90' title='bbox 1073 1393 1254 1474; x_wconf 75' lang='lat' dir='ltr'><strong>expleantur</strong></span> <span class='ocrx_word' id='word_1_91' title='bbox 1275 1394 1306 1458; x_wconf 95' lang='lat' dir='ltr'><strong>in</strong></span> <span class='ocrx_word' id='word_1_92' title='bbox 1331 1392 1463 1469; x_wconf 78' lang='lat' dir='ltr'><strong>Christo,</strong></span> 
     </span>
     <span class='ocr_line' id='line_1_12' title="bbox 319 1497 1465 1581; baseline 0 -19"><span class='ocrx_word' id='word_1_93' title='bbox 319 1498 352 1563; x_wconf 92' lang='lat' dir='ltr'><strong>id</strong></span> <span class='ocrx_word' id='word_1_94' title='bbox 375 1505 422 1563; x_wconf 90' lang='lat' dir='ltr'><strong>est</strong></span> <span class='ocrx_word' id='word_1_95' title='bbox 444 1517 515 1565; x_wconf 86' lang='lat' dir='ltr'><strong>oum</strong></span> <span class='ocrx_word' id='word_1_96' title='bbox 537 1497 653 1564; x_wconf 77' lang='lat' dir='ltr'><strong>Christi</strong></span> <span class='ocrx_word' id='word_1_97' title='bbox 683 1501 813 1564; x_wconf 87' lang='lat' dir='ltr'><strong>ueritate</strong></span> <span class='ocrx_word' id='word_1_98' title='bbox 841 1499 1046 1575; x_wconf 77' lang='lat' dir='ltr'><strong>consentiant,</strong></span> <span class='ocrx_word' id='word_1_99' title='bbox 1077 1499 1117 1562; x_wconf 88' lang='lat' dir='ltr'><strong>ad</strong></span> <span class='ocrx_word' id='word_1_100' title='bbox 1147 1499 1187 1576; x_wconf 91' lang='lat' dir='ltr'><strong>id,</strong></span> <span class='ocrx_word' id='word_1_101' title='bbox 1218 1498 1301 1581; x_wconf 90' lang='lat' dir='ltr'><strong>quod</strong></span> <span class='ocrx_word' id='word_1_102' title='bbox 1323 1498 1465 1577; x_wconf 89' lang='lat' dir='ltr'><strong>superins</strong></span> 
     </span>
     <span class='ocr_line' id='line_1_13' title="bbox 318 1601 1464 1687; baseline -0.002 -20"><span class='ocrx_word' id='word_1_103' title='bbox 318 1601 445 1682; x_wconf 81' lang='lat' dir='ltr'><strong>dixerat,</strong></span> <span class='ocrx_word' id='word_1_104' title='bbox 457 1602 767 1684; x_wconf 85' lang='lat' dir='ltr'><strong>prophetasubieoit:</strong></span> <span class='ocrx_word' id='word_1_105' title='bbox 791 1602 1263 1687; x_wconf 87' lang='lat' dir='ltr'><strong>etloquiturueritatem</strong></span> <span class='ocrx_word' id='word_1_106' title='bbox 1286 1603 1326 1665; x_wconf 92' lang='lat' dir='ltr'><strong>in</strong></span> <span class='ocrx_word' id='word_1_107' title='bbox 1342 1602 1464 1668; x_wconf 82' lang='lat' dir='ltr'><strong>eorde</strong></span> 
     </span>
     <span class='ocr_line' id='line_1_14' title="bbox 319 1704 1464 1788; baseline -0.002 -18"><span class='ocrx_word' id='word_1_108' title='bbox 319 1727 397 1786; x_wconf 89' lang='lat' dir='ltr'><strong>suo,</strong></span> <span class='ocrx_word' id='word_1_109' title='bbox 431 1709 590 1788; x_wconf 87' lang='lat' dir='ltr'><strong>superiora</strong></span> <span class='ocrx_word' id='word_1_110' title='bbox 612 1707 665 1772; x_wconf 82' lang='lat' dir='ltr'><strong>ilia</strong></span> <span class='ocrx_word' id='word_1_111' title='bbox 686 1707 808 1772; x_wconf 87' lang='lat' dir='ltr'><strong>inutilia</strong></span> <span class='ocrx_word' id='word_1_112' title='bbox 841 1708 1067 1785; x_wconf 86' lang='lat' dir='ltr'><strong>demonstrans,</strong></span> <span class='ocrx_word' id='word_1_113' title='bbox 1101 1707 1161 1772; x_wconf 89' lang='lat' dir='ltr'><strong>nisi</strong></span> <span class='ocrx_word' id='word_1_114' title='bbox 1194 1707 1227 1771; x_wconf 92' lang='lat' dir='ltr'><strong>in</strong></span> <span class='ocrx_word' id='word_1_115' title='bbox 1260 1704 1464 1772; x_wconf 79' lang='lat' dir='ltr'><strong>consessionis</strong></span> 
     </span>
     <span class='ocr_line' id='line_1_15' title="bbox 318 1810 1465 1895; baseline -0.003 -19"><span class='ocrx_word' id='word_1_116' title='bbox 318 1811 450 1878; x_wconf 87' lang='lat' dir='ltr'><strong>ueritate</strong></span> <span class='ocrx_word' id='word_1_117' title='bbox 472 1821 618 1892; x_wconf 81' lang='lat' dir='ltr'><strong>suscepta</strong></span> <span class='ocrx_word' id='word_1_118' title='bbox 641 1813 711 1877; x_wconf 89' lang='lat' dir='ltr'><strong>sint.</strong></span> <span class='ocrx_word' id='word_1_119' title='bbox 758 1819 789 1877; x_wconf 86' lang='lat' dir='ltr'><strong>et</strong></span> <span class='ocrx_word' id='word_1_120' title='bbox 814 1813 846 1876; x_wconf 94' lang='lat' dir='ltr'><strong>in</strong></span> <span class='ocrx_word' id='word_1_121' title='bbox 876 1811 927 1876; x_wconf 89' lang='lat' dir='ltr'><strong>his</strong></span> <span class='ocrx_word' id='word_1_122' title='bbox 957 1812 1084 1895; x_wconf 87' lang='lat' dir='ltr'><strong>quidem</strong></span> <span class='ocrx_word' id='word_1_123' title='bbox 1113 1810 1397 1876; x_wconf 77' lang='lat' dir='ltr'><strong>conscendentibus</strong></span> <span class='ocrx_word' id='word_1_124' title='bbox 1427 1811 1465 1874; x_wconf 91' lang='lat' dir='ltr'><strong>ad</strong></span> 
     </span>
    </p>

    <p class='ocr_par' dir='ltr' id='par_1_5' title="bbox 267 1914 1467 2206">
     <span class='ocr_line' id='line_1_16' title="bbox 267 1914 1466 2000; baseline 0.002 -24"><span class='ocrx_word' id='word_1_125' title='bbox 267 1941 291 1976; x_wconf 73' lang='lat' dir='ltr'><strong>n,</strong></span> <span class='ocrx_word' id='word_1_126' title='bbox 319 1914 459 1999; x_wconf 82' lang='lat' dir='ltr'><strong>requiem</strong></span> <span class='ocrx_word' id='word_1_127' title='bbox 483 1917 595 1982; x_wconf 90' lang='lat' dir='ltr'><strong>montis</strong></span> <span class='ocrx_word' id='word_1_128' title='bbox 619 1917 736 1982; x_wconf 87' lang='lat' dir='ltr'><strong>demini</strong></span> <span class='ocrx_word' id='word_1_129' title='bbox 758 1918 876 2000; x_wconf 79' lang='lat' dir='ltr'><strong>gradrus</strong></span> <span class='ocrx_word' id='word_1_130' title='bbox 899 1915 999 1982; x_wconf 77' lang='lat' dir='ltr'><strong>celsus</strong></span> <span class='ocrx_word' id='word_1_131' title='bbox 1023 1923 1078 1984; x_wconf 86' lang='lat' dir='ltr'><strong>est.</strong></span> <span class='ocrx_word' id='word_1_132' title='bbox 1110 1916 1142 1980; x_wconf 90' lang='lat' dir='ltr'><strong>in</strong></span> <span class='ocrx_word' id='word_1_133' title='bbox 1172 1915 1349 1979; x_wconf 79' lang='lat' dir='ltr'><strong>innocentia</strong></span> <span class='ocrx_word' id='word_1_134' title='bbox 1378 1914 1466 1980; x_wconf 83' lang='lat' dir='ltr'><strong>uide</strong></span> 
     </span>
     <span class='ocr_line' id='line_1_17' title="bbox 317 2017 1467 2100; baseline -0.001 -17"><span class='ocrx_word' id='word_1_135' title='bbox 317 2017 391 2085; x_wconf 88' lang='lat' dir='ltr'><strong>lieet</strong></span> <span class='ocrx_word' id='word_1_136' title='bbox 414 2025 445 2084; x_wconf 87' lang='lat' dir='ltr'><strong>et</strong></span> <span class='ocrx_word' id='word_1_137' title='bbox 467 2021 498 2084; x_wconf 91' lang='lat' dir='ltr'><strong>in</strong></span> <span class='ocrx_word' id='word_1_138' title='bbox 522 2019 666 2100; x_wconf 88' lang='lat' dir='ltr'><strong>operibus</strong></span> <span class='ocrx_word' id='word_1_139' title='bbox 689 2027 719 2086; x_wconf 86' lang='lat' dir='ltr'><strong>et</strong></span> <span class='ocrx_word' id='word_1_140' title='bbox 749 2021 781 2084; x_wconf 93' lang='lat' dir='ltr'><strong>in</strong></span> <span class='ocrx_word' id='word_1_141' title='bbox 811 2018 1020 2084; x_wconf 80' lang='lat' dir='ltr'><strong>consessione:</strong></span> <span class='ocrx_word' id='word_1_142' title='bbox 1051 2019 1116 2092; x_wconf 80' lang='lat' dir='ltr'><strong>sed.</strong></span> <span class='ocrx_word' id='word_1_143' title='bbox 1147 2017 1219 2083; x_wconf 83' lang='lat' dir='ltr'><strong>lieet</strong></span> <span class='ocrx_word' id='word_1_144' title='bbox 1240 2018 1380 2098; x_wconf 76' lang='lat' dir='ltr'><strong>prouecti</strong></span> <span class='ocrx_word' id='word_1_145' title='bbox 1411 2037 1467 2099; x_wconf 87' lang='lat' dir='ltr'><strong>per</strong></span> 
     </span>
     <span class='ocr_line' id='line_1_18' title="bbox 319 2120 1119 2206; baseline 0.001 -20"><span class='ocrx_word' id='word_1_146' title='bbox 319 2120 407 2202; x_wconf 85' lang='lat' dir='ltr'><strong>plura</strong></span> <span class='ocrx_word' id='word_1_147' title='bbox 429 2125 533 2202; x_wconf 83' lang='lat' dir='ltr'><strong>simus,</strong></span> <span class='ocrx_word' id='word_1_148' title='bbox 557 2124 659 2189; x_wconf 79' lang='lat' dir='ltr'><strong>adime</strong></span> <span class='ocrx_word' id='word_1_149' title='bbox 683 2131 789 2190; x_wconf 87' lang='lat' dir='ltr'><strong>tamen</strong></span> <span class='ocrx_word' id='word_1_150' title='bbox 813 2123 874 2189; x_wconf 89' lang='lat' dir='ltr'><strong>alia</strong></span> <span class='ocrx_word' id='word_1_151' title='bbox 896 2131 968 2188; x_wconf 88' lang='lat' dir='ltr'><strong>sunt</strong></span> <span class='ocrx_word' id='word_1_152' title='bbox 991 2121 1119 2206; x_wconf 81' lang='lat' dir='ltr'><strong>reliqua</strong></span> 
     </span>
    </p>

    <p class='ocr_par' dir='ltr' id='par_1_6' title="bbox 319 2225 1467 2412">
     <span class='ocr_line' id='line_1_19' title="bbox 362 2225 1467 2314; baseline -0.001 -22"><span class='ocrx_word' id='word_1_153' title='bbox 362 2227 392 2292; x_wconf 91' lang='grc'><strong>9.</strong></span> <span class='ocrx_word' id='word_1_154' title='bbox 416 2225 522 2292; x_wconf 84' lang='lat' dir='ltr'><strong>Solent</strong></span> <span class='ocrx_word' id='word_1_155' title='bbox 544 2231 628 2294; x_wconf 88' lang='lat' dir='ltr'><strong>enim</strong></span> <span class='ocrx_word' id='word_1_156' title='bbox 651 2228 754 2308; x_wconf 88' lang='lat' dir='ltr'><strong>plures</strong></span> <span class='ocrx_word' id='word_1_157' title='bbox 778 2228 944 2312; x_wconf 86' lang='lat' dir='ltr'><strong>gloriosam</strong></span> <span class='ocrx_word' id='word_1_158' title='bbox 967 2227 1188 2314; x_wconf 65' lang='lat' dir='ltr'><strong>intellegentias</strong></span> <span class='ocrx_word' id='word_1_159' title='bbox 1206 2226 1372 2291; x_wconf 84' lang='lat' dir='ltr'><strong>uerborum</strong></span> <span class='ocrx_word' id='word_1_160' title='bbox 1396 2245 1467 2306; x_wconf 89' lang='lat' dir='ltr'><strong>spe·</strong></span> 
     </span>
     <span class='ocr_line' id='line_1_20' title="bbox 319 2330 1464 2412; baseline -0.002 -16"><span class='ocrx_word' id='word_1_161' title='bbox 319 2332 398 2397; x_wconf 83' lang='lat' dir='ltr'><strong>aiem</strong></span> <span class='ocrx_word' id='word_1_162' title='bbox 422 2331 568 2412; x_wconf 82' lang='lat' dir='ltr'><strong>praefarre</strong></span> <span class='ocrx_word' id='word_1_163' title='bbox 592 2339 623 2398; x_wconf 89' lang='lat' dir='ltr'><strong>et</strong></span> <span class='ocrx_word' id='word_1_164' title='bbox 645 2332 811 2398; x_wconf 86' lang='lat' dir='ltr'><strong>uoluntatis</strong></span> <span class='ocrx_word' id='word_1_165' title='bbox 840 2352 877 2397; x_wconf 84' lang='lat' dir='ltr'><strong>ae</strong></span> <span class='ocrx_word' id='word_1_166' title='bbox 906 2332 1012 2397; x_wconf 89' lang='lat' dir='ltr'><strong>iudieii</strong></span> <span class='ocrx_word' id='word_1_167' title='bbox 1042 2332 1137 2396; x_wconf 85' lang='lat' dir='ltr'><strong>decus</strong></span> <span class='ocrx_word' id='word_1_168' title='bbox 1167 2330 1260 2395; x_wconf 88' lang='lat' dir='ltr'><strong>etiam</strong></span> <span class='ocrx_word' id='word_1_169' title='bbox 1282 2349 1464 2395; x_wconf 87' lang='lat' dir='ltr'><strong>sermonum</strong></span> 
     </span>
    </p>

    <p class='ocr_par' dir='ltr' id='par_1_7' title="bbox 267 2433 1467 2937">
     <span class='ocr_line' id='line_1_21' title="bbox 267 2433 1466 2517; baseline 0.003 -23"><span class='ocrx_word' id='word_1_170' title='bbox 267 2459 291 2494; x_wconf 78' lang='lat'><strong>20</strong></span> <span class='ocrx_word' id='word_1_171' title='bbox 319 2435 480 2502; x_wconf 89' lang='lat' dir='ltr'><strong>honestate</strong></span> <span class='ocrx_word' id='word_1_172' title='bbox 502 2437 635 2513; x_wconf 86' lang='lat' dir='ltr'><strong>mentiri,</strong></span> <span class='ocrx_word' id='word_1_173' title='bbox 659 2457 728 2502; x_wconf 88' lang='lat' dir='ltr'><strong>oum</strong></span> <span class='ocrx_word' id='word_1_174' title='bbox 747 2438 785 2501; x_wconf 93' lang='lat' dir='ltr'><strong>de</strong></span> <span class='ocrx_word' id='word_1_175' title='bbox 808 2437 866 2502; x_wconf 90' lang='lat' dir='ltr'><strong>deo</strong></span> <span class='ocrx_word' id='word_1_176' title='bbox 888 2436 969 2502; x_wconf 91' lang='lat' dir='ltr'><strong>bene</strong></span> <span class='ocrx_word' id='word_1_177' title='bbox 991 2435 1127 2500; x_wconf 87' lang='lat' dir='ltr'><strong>sentiant</strong></span> <span class='ocrx_word' id='word_1_178' title='bbox 1150 2441 1181 2500; x_wconf 89' lang='lat' dir='ltr'><strong>et</strong></span> <span class='ocrx_word' id='word_1_179' title='bbox 1198 2433 1371 2517; x_wconf 85' lang='lat' dir='ltr'><strong>loquantur,</strong></span> <span class='ocrx_word' id='word_1_180' title='bbox 1396 2455 1466 2500; x_wconf 93' lang='lat' dir='ltr'><strong>uer·</strong></span> 
     </span>
     <span class='ocr_line' id='line_1_22' title="bbox 319 2537 1465 2624; baseline -0.001 -22"><span class='ocrx_word' id='word_1_181' title='bbox 319 2539 491 2606; x_wconf 86' lang='lat' dir='ltr'><strong>bisantem</strong></span> <span class='ocrx_word' id='word_1_182' title='bbox 515 2559 551 2606; x_wconf 90' lang='lat' dir='ltr'><strong>ae</strong></span> <span class='ocrx_word' id='word_1_183' title='bbox 575 2542 677 2605; x_wconf 90' lang='lat' dir='ltr'><strong>sensui</strong></span> <span class='ocrx_word' id='word_1_184' title='bbox 708 2561 762 2606; x_wconf 88' lang='lat' dir='ltr'><strong>sua</strong></span> <span class='ocrx_word' id='word_1_185' title='bbox 786 2541 884 2624; x_wconf 85' lang='lat' dir='ltr'><strong>gestia</strong></span> <span class='ocrx_word' id='word_1_186' title='bbox 906 2545 999 2624; x_wconf 87' lang='lat' dir='ltr'><strong>atque</strong></span> <span class='ocrx_word' id='word_1_187' title='bbox 1022 2538 1165 2619; x_wconf 87' lang='lat' dir='ltr'><strong>operibus</strong></span> <span class='ocrx_word' id='word_1_188' title='bbox 1188 2538 1389 2603; x_wconf 86' lang='lat' dir='ltr'><strong>mentiantur.</strong></span> <span class='ocrx_word' id='word_1_189' title='bbox 1435 2537 1465 2602; x_wconf 90' lang='lat' dir='ltr'><strong>hi</strong></span> 
     </span>
     <span class='ocr_line' id='line_1_23' title="bbox 319 2641 1467 2728; baseline -0.003 -19"><span class='ocrx_word' id='word_1_190' title='bbox 319 2649 398 2720; x_wconf 79' lang='lat' dir='ltr'><strong>sunt,</strong></span> <span class='ocrx_word' id='word_1_191' title='bbox 414 2646 466 2728; x_wconf 91' lang='lat' dir='ltr'><strong>qui</strong></span> <span class='ocrx_word' id='word_1_192' title='bbox 483 2665 551 2728; x_wconf 85' lang='lat' dir='ltr'><strong>quae</strong></span> <span class='ocrx_word' id='word_1_193' title='bbox 566 2643 706 2709; x_wconf 79' lang='lat' dir='ltr'><strong>locuntur</strong></span> <span class='ocrx_word' id='word_1_194' title='bbox 721 2645 852 2709; x_wconf 90' lang='lat' dir='ltr'><strong>oderunt</strong></span> <span class='ocrx_word' id='word_1_195' title='bbox 867 2651 899 2709; x_wconf 87' lang='lat' dir='ltr'><strong>et</strong></span> <span class='ocrx_word' id='word_1_196' title='bbox 913 2641 972 2720; x_wconf 88' lang='lat' dir='ltr'><strong>his,</strong></span> <span class='ocrx_word' id='word_1_197' title='bbox 992 2662 1061 2726; x_wconf 83' lang='lat' dir='ltr'><strong>quae</strong></span> <span class='ocrx_word' id='word_1_198' title='bbox 1072 2641 1251 2723; x_wconf 72' lang='lat' dir='ltr'><strong>pradicant,</strong></span> <span class='ocrx_word' id='word_1_199' title='bbox 1271 2641 1348 2721; x_wconf 86' lang='lat' dir='ltr'><strong>ipsis</strong></span> <span class='ocrx_word' id='word_1_200' title='bbox 1371 2643 1467 2708; x_wconf 88' lang='lat' dir='ltr'><strong>rebus</strong></span> 
     </span>
     <span class='ocr_line' id='line_1_24' title="bbox 318 2746 1465 2832; baseline 0 -22"><span class='ocrx_word' id='word_1_201' title='bbox 318 2748 435 2813; x_wconf 80' lang='lat' dir='ltr'><strong>inimici</strong></span> <span class='ocrx_word' id='word_1_202' title='bbox 458 2753 538 2812; x_wconf 89' lang='lat' dir='ltr'><strong>sunt.</strong></span> <span class='ocrx_word' id='word_1_203' title='bbox 583 2767 658 2832; x_wconf 83' lang='lat' dir='ltr'><strong>ergo</strong></span> <span class='ocrx_word' id='word_1_204' title='bbox 688 2750 729 2813; x_wconf 92' lang='lat' dir='ltr'><strong>ad</strong></span> <span class='ocrx_word' id='word_1_205' title='bbox 759 2748 922 2813; x_wconf 74' lang='lat' dir='ltr'><strong>nentatem</strong></span> <span class='ocrx_word' id='word_1_206' title='bbox 951 2746 1054 2812; x_wconf 80' lang='lat' dir='ltr'><strong>cordis</strong></span> <span class='ocrx_word' id='word_1_207' title='bbox 1083 2747 1221 2811; x_wconf 82' lang='lat' dir='ltr'><strong>adiunxit</strong></span> <span class='ocrx_word' id='word_1_208' title='bbox 1243 2746 1366 2811; x_wconf 79' lang='lat' dir='ltr'><strong>disens:</strong></span> <span class='ocrx_word' id='word_1_209' title='bbox 1400 2748 1465 2830; x_wconf 90' lang='lat' dir='ltr'><strong>qui</strong></span> 
     </span>
     <span class='ocr_line' id='line_1_25' title="bbox 318 2851 1466 2937; baseline 0 -21"><span class='ocrx_word' id='word_1_210' title='bbox 318 2872 393 2917; x_wconf 91' lang='lat' dir='ltr'><strong>non</strong></span> <span class='ocrx_word' id='word_1_211' title='bbox 418 2852 504 2937; x_wconf 87' lang='lat' dir='ltr'><strong>egit</strong></span> <span class='ocrx_word' id='word_1_212' title='bbox 527 2851 657 2916; x_wconf 91' lang='lat' dir='ltr'><strong>dolum</strong></span> <span class='ocrx_word' id='word_1_213' title='bbox 679 2853 719 2918; x_wconf 93' lang='lat' dir='ltr'><strong>in</strong></span> <span class='ocrx_word' id='word_1_214' title='bbox 742 2851 884 2935; x_wconf 82' lang='lat' dir='ltr'><strong>lingua</strong></span> <span class='ocrx_word' id='word_1_215' title='bbox 905 2871 990 2916; x_wconf 87' lang='lat' dir='ltr'><strong>sua:</strong></span> <span class='ocrx_word' id='word_1_216' title='bbox 1013 2859 1046 2916; x_wconf 90' lang='lat' dir='ltr'><strong>ut</strong></span> <span class='ocrx_word' id='word_1_217' title='bbox 1068 2851 1241 2928; x_wconf 81' lang='lat' dir='ltr'><strong>ueritatem,</strong></span> <span class='ocrx_word' id='word_1_218' title='bbox 1275 2869 1368 2933; x_wconf 86' lang='lat' dir='ltr'><strong>quam</strong></span> <span class='ocrx_word' id='word_1_219' title='bbox 1395 2871 1466 2916; x_wconf 91' lang='lat' dir='ltr'><strong>sen·</strong></span> 
     </span>
    </p>

    <p class='ocr_par' dir='ltr' id='par_1_8' title="bbox 267 2954 1468 3352">
     <span class='ocr_line' id='line_1_26' title="bbox 267 2954 1468 3036; baseline 0.003 -22"><span class='ocrx_word' id='word_1_220' title='bbox 267 2977 291 3014; x_wconf 76' lang='lat' dir='ltr'><strong>ee</strong></span> <span class='ocrx_word' id='word_1_221' title='bbox 319 2957 364 3031; x_wconf 84' lang='lat' dir='ltr'><strong>tit,</strong></span> <span class='ocrx_word' id='word_1_222' title='bbox 388 2975 448 3022; x_wconf 92' lang='lat' dir='ltr'><strong>non</strong></span> <span class='ocrx_word' id='word_1_223' title='bbox 473 2955 561 3021; x_wconf 84' lang='lat' dir='ltr'><strong>fallat</strong></span> <span class='ocrx_word' id='word_1_224' title='bbox 583 2956 614 3020; x_wconf 92' lang='lat' dir='ltr'><strong>in</strong></span> <span class='ocrx_word' id='word_1_225' title='bbox 637 2956 750 3034; x_wconf 85' lang='lat' dir='ltr'><strong>uerbis,</strong></span> <span class='ocrx_word' id='word_1_226' title='bbox 773 2963 808 3020; x_wconf 89' lang='lat' dir='ltr'><strong>ut</strong></span> <span class='ocrx_word' id='word_1_227' title='bbox 841 2955 1000 3021; x_wconf 74' lang='lat' dir='ltr'><strong>catholiam</strong></span> <span class='ocrx_word' id='word_1_228' title='bbox 1023 2955 1169 3020; x_wconf 84' lang='lat' dir='ltr'><strong>deotrinae</strong></span> <span class='ocrx_word' id='word_1_229' title='bbox 1191 2954 1421 3036; x_wconf 81' lang='lat' dir='ltr'><strong>professionem</strong></span> <span class='ocrx_word' id='word_1_230' title='bbox 1437 2963 1468 3021; x_wconf 87' lang='lat' dir='ltr'><strong>et</strong></span> 
     </span>
     <span class='ocr_line' id='line_1_27' title="bbox 319 3059 1467 3141; baseline -0.002 -15"><span class='ocrx_word' id='word_1_231' title='bbox 319 3061 362 3126; x_wconf 90' lang='lat' dir='ltr'><strong>ita</strong></span> <span class='ocrx_word' id='word_1_232' title='bbox 378 3060 530 3126; x_wconf 80' lang='lat' dir='ltr'><strong>sentiendi</strong></span> <span class='ocrx_word' id='word_1_233' title='bbox 546 3079 582 3124; x_wconf 86' lang='lat' dir='ltr'><strong>aa</strong></span> <span class='ocrx_word' id='word_1_234' title='bbox 598 3060 788 3140; x_wconf 75' lang='lat' dir='ltr'><strong>praedioandi</strong></span> <span class='ocrx_word' id='word_1_235' title='bbox 804 3059 952 3126; x_wconf 86' lang='lat' dir='ltr'><strong>iudicium</strong></span> <span class='ocrx_word' id='word_1_236' title='bbox 972 3060 1068 3124; x_wconf 85' lang='lat' dir='ltr'><strong>etiam</strong></span> <span class='ocrx_word' id='word_1_237' title='bbox 1088 3060 1226 3139; x_wconf 87' lang='lat' dir='ltr'><strong>operatio</strong></span> <span class='ocrx_word' id='word_1_238' title='bbox 1251 3069 1467 3141; x_wconf 78' lang='lat' dir='ltr'><strong>consequatur,</strong></span> 
     </span>
     <span class='ocr_line' id='line_1_28' title="bbox 319 3162 1466 3248; baseline 0 -19"><span class='ocrx_word' id='word_1_239' title='bbox 319 3165 401 3248; x_wconf 85' lang='lat' dir='ltr'><strong>quia,</strong></span> <span class='ocrx_word' id='word_1_240' title='bbox 418 3166 587 3229; x_wconf 80' lang='lat' dir='ltr'><strong>seeundum</strong></span> <span class='ocrx_word' id='word_1_241' title='bbox 604 3163 732 3244; x_wconf 82' lang='lat' dir='ltr'><strong>apostoli</strong></span> <span class='ocrx_word' id='word_1_242' title='bbox 757 3164 975 3241; x_wconf 88' lang='lat' dir='ltr'><strong>testimonium,</strong></span> <span class='ocrx_word' id='word_1_243' title='bbox 998 3168 1039 3227; x_wconf 90' lang='lat' dir='ltr'><strong>ut</strong></span> <span class='ocrx_word' id='word_1_244' title='bbox 1062 3163 1100 3226; x_wconf 91' lang='lat' dir='ltr'><strong>iu</strong></span> <span class='ocrx_word' id='word_1_245' title='bbox 1124 3162 1246 3228; x_wconf 83' lang='lat' dir='ltr'><strong>eorde</strong></span> <span class='ocrx_word' id='word_1_246' title='bbox 1268 3163 1466 3230; x_wconf 85' lang='lat' dir='ltr'><strong>ereditur.</strong></span> 
     </span>
     <span class='ocr_line' id='line_1_29' title="bbox 319 3264 1466 3352; baseline -0.002 -20"><span class='ocrx_word' id='word_1_247' title='bbox 319 3269 374 3332; x_wconf 91' lang='lat' dir='ltr'><strong>ita</strong></span> <span class='ocrx_word' id='word_1_248' title='bbox 397 3289 464 3332; x_wconf 89' lang='lat' dir='ltr'><strong>ore</strong></span> <span class='ocrx_word' id='word_1_249' title='bbox 480 3266 757 3333; x_wconf 81' lang='lat' dir='ltr'><strong>consessioiit</strong></span> <span class='ocrx_word' id='word_1_250' title='bbox 773 3269 820 3332; x_wconf 87' lang='lat' dir='ltr'><strong>ad</strong></span> <span class='ocrx_word' id='word_1_251' title='bbox 837 3264 1021 3331; x_wconf 85' lang='lat' dir='ltr'><strong>salutem.</strong></span> <span class='ocrx_word' id='word_1_252' title='bbox 1037 3265 1466 3352; x_wconf 85' lang='lat' dir='ltr'><strong>ergoutsitindeirequiem</strong></span> 
     </span>
    </p>
   </div>
   <div class='ocr_carea' id='block_1_3' title="bbox 363 3389 908 3456">
    <p class='ocr_par' dir='ltr' id='par_1_9' title="bbox 363 3389 908 3456">
     <span class='ocr_line' id='line_1_30' title="bbox 363 3389 908 3456; baseline -0.002 -13"><span class='ocrx_word' id='word_1_253' title='bbox 363 3394 379 3443; x_wconf 82' lang='lat' dir='ltr'><strong>r</strong></span> <span class='ocrx_word' id='word_1_254' title='bbox 398 3390 464 3444; x_wconf 71' lang='lat' dir='ltr'><strong>Luc.</strong></span> <span class='ocrx_word' id='word_1_255' title='bbox 483 3389 584 3454; x_wconf 72' lang='lat' dir='ltr'><strong>svm,</strong></span> <span class='ocrx_word' id='word_1_256' title='bbox 602 3392 626 3444; x_wconf 90' lang='lat' dir='ltr'><strong>s.</strong></span> <span class='ocrx_word' id='word_1_257' title='bbox 662 3392 697 3442; x_wconf 81' lang='lat'><strong>27</strong></span> <span class='ocrx_word' id='word_1_258' title='bbox 716 3389 795 3443; x_wconf 80' lang='lat' dir='ltr'><strong>nom.</strong></span> <span class='ocrx_word' id='word_1_259' title='bbox 814 3391 847 3456; x_wconf 83' lang='lat' dir='ltr'><strong>x,</strong></span> <span class='ocrx_word' id='word_1_260' title='bbox 868 3392 908 3443; x_wconf 88' lang='lat'><strong>10.</strong></span> 
     </span>
    </p>
   </div>
   <div class='ocr_carea' id='block_1_4' title="bbox 318 3527 1469 3772">
    <p class='ocr_par' dir='ltr' id='par_1_10' title="bbox 318 3527 1469 3772">
     <span class='ocr_line' id='line_1_31' title="bbox 361 3527 1469 3597; baseline -0.004 -13"><span class='ocrx_word' id='word_1_261' title='bbox 361 3527 550 3584; x_wconf 64' lang='lat' dir='ltr'><strong>dheretioisii</strong></span> <span class='ocrx_word' id='word_1_262' title='bbox 578 3527 837 3583; x_wconf 65' lang='lat' dir='ltr'><strong>suessanum</strong></span> <span class='ocrx_word' id='word_1_263' title='bbox 868 3527 1216 3597; x_wconf 73' lang='lat' dir='ltr'><strong>defetiganteudefitigant</strong></span> <span class='ocrx_word' id='word_1_264' title='bbox 1219 3528 1365 3596; x_wconf 72' lang='lat' dir='ltr'><strong>sortrecre</strong></span> <span class='ocrx_word' id='word_1_265' title='bbox 1374 3528 1436 3583; x_wconf 79' lang='lat' dir='ltr'><strong>m.1</strong></span> <span class='ocrx_word' id='word_1_266' title='bbox 1447 3529 1469 3581; x_wconf 65' lang='grc' dir='ltr'>Γ</span> 
     </span>
     <span class='ocr_line' id='line_1_32' title="bbox 318 3613 1468 3684; baseline -0.005 -13"><span class='ocrx_word' id='word_1_267' title='bbox 318 3615 448 3671; x_wconf 75' lang='lat' dir='ltr'><strong>deificant</strong></span> <span class='ocrx_word' id='word_1_268' title='bbox 471 3635 487 3670; x_wconf 86' lang='lat' dir='ltr'><strong>r</strong></span> <span class='ocrx_word' id='word_1_269' title='bbox 539 3617 556 3670; x_wconf 79' lang='grc' dir='ltr'>ὅ</span> <span class='ocrx_word' id='word_1_270' title='bbox 582 3615 775 3684; x_wconf 79' lang='lat' dir='ltr'><strong>uirginitatem</strong></span> <span class='ocrx_word' id='word_1_271' title='bbox 801 3634 832 3670; x_wconf 67' lang='lat' dir='ltr'><em>a</em></span> <span class='ocrx_word' id='word_1_272' title='bbox 857 3615 1021 3684; x_wconf 73' lang='lat' dir='ltr'><strong>uirginitate</strong></span> <span class='ocrx_word' id='word_1_273' title='bbox 1048 3633 1081 3670; x_wconf 89' lang='lat' dir='ltr'><strong>m.</strong></span> <span class='ocrx_word' id='word_1_274' title='bbox 1108 3613 1129 3668; x_wconf 76' lang='lat'><em>2</em></span> <span class='ocrx_word' id='word_1_275' title='bbox 1160 3614 1186 3669; x_wconf 88' lang='lat' dir='ltr'><strong><em>V</em></strong></span> <span class='ocrx_word' id='word_1_276' title='bbox 1234 3619 1404 3669; x_wconf 83' lang='lat' dir='ltr'><strong>eonsumant</strong></span> <span class='ocrx_word' id='word_1_277' title='bbox 1428 3617 1468 3668; x_wconf 79' lang='lat' dir='ltr'><strong>uei</strong></span> 
     </span>
     <span class='ocr_line' id='line_1_33' title="bbox 318 3699 1467 3772; baseline -0.001 -15"><span class='ocrx_word' id='word_1_278' title='bbox 318 3707 484 3757; x_wconf 77' lang='lat' dir='ltr'><strong>consumunt</strong></span> <span class='ocrx_word' id='word_1_279' title='bbox 511 3699 538 3768; x_wconf 88' lang='lat' dir='ltr'><strong>(a</strong></span> <span class='ocrx_word' id='word_1_280' title='bbox 561 3712 584 3758; x_wconf 82' lang='lat' dir='ltr'><strong>et</strong></span> <span class='ocrx_word' id='word_1_281' title='bbox 607 3721 625 3756; x_wconf 93' lang='lat' dir='ltr'><strong>u</strong></span> <span class='ocrx_word' id='word_1_282' title='bbox 648 3705 778 3756; x_wconf 70' lang='lat' dir='ltr'><strong>iirterdum</strong></span> <span class='ocrx_word' id='word_1_283' title='bbox 796 3704 920 3772; x_wconf 70' lang='lat' dir='ltr'><strong>distinqui</strong></span> <span class='ocrx_word' id='word_1_284' title='bbox 941 3719 994 3754; x_wconf 82' lang='lat' dir='ltr'><strong>aon</strong></span> <span class='ocrx_word' id='word_1_285' title='bbox 1007 3701 1128 3772; x_wconf 63' lang='lat' dir='ltr'><strong>meeum)</strong></span> <span class='ocrx_word' id='word_1_286' title='bbox 1147 3701 1174 3756; x_wconf 74' lang='lat' dir='ltr'><em>R</em></span> <span class='ocrx_word' id='word_1_287' title='bbox 1224 3700 1467 3756; x_wconf 82' lang='lat' dir='ltr'><strong>habundaturaR</strong></span> 
     </span>
    </p>
   </div>
   <div class='ocr_carea' id='block_1_5' title="bbox 318 3773 1470 3883">
    <p class='ocr_par' dir='ltr' id='par_1_11' title="bbox 318 3773 1470 3883">
     <span class='ocr_line' id='line_1_34' title="bbox 318 3773 1470 3883; baseline -0.001 -25"><span class='ocrx_word' id='word_1_288' title='bbox 318 3773 417 3861; x_wconf 52' lang='grc' dir='ltr'><strong>δέν</strong></span> <span class='ocrx_word' id='word_1_289' title='bbox 466 3805 600 3861; x_wconf 73' lang='lat' dir='ltr'><strong>seuiebat</strong></span> <span class='ocrx_word' id='word_1_290' title='bbox 612 3807 686 3862; x_wconf 89' lang='lat' dir='ltr'><strong>enim</strong></span> <span class='ocrx_word' id='word_1_291' title='bbox 698 3811 727 3861; x_wconf 87' lang='lat' dir='ltr'><strong>et</strong></span> <span class='ocrx_word' id='word_1_292' title='bbox 741 3807 766 3860; x_wconf 88' lang='lat' dir='ltr'><em>V</em></span> <span class='ocrx_word' id='word_1_293' title='bbox 815 3807 1043 3875; x_wconf 79' lang='lat' dir='ltr'><strong>9fort.eedquia</strong></span> <span class='ocrx_word' id='word_1_294' title='bbox 1096 3803 1302 3860; x_wconf 77' lang='lat' dir='ltr'><strong>loadialatem</strong></span> <span class='ocrx_word' id='word_1_295' title='bbox 1314 3805 1359 3883; x_wconf 73' lang='lat' dir='ltr'><strong>nia</strong></span> <span class='ocrx_word' id='word_1_296' title='bbox 1373 3804 1432 3860; x_wconf 82' lang='lat' dir='ltr'><strong>nisi</strong></span> <span class='ocrx_word' id='word_1_297' title='bbox 1446 3805 1470 3857; x_wconf 75' lang='lat' dir='ltr'><em>V</em></span> 
     </span>
    </p>
   </div>
   <div class='ocr_carea' id='block_1_6' title="bbox 318 3885 1470 4325">
    <p class='ocr_par' dir='ltr' id='par_1_12' title="bbox 318 3885 1470 4325">
     <span class='ocr_line' id='line_1_35' title="bbox 318 3885 1467 3966; baseline -0.003 -2"><span class='ocrx_word' id='word_1_298' title='bbox 318 3885 502 3964; x_wconf 64' lang='lat' dir='ltr'><strong>minoritatem</strong></span> <span class='ocrx_word' id='word_1_299' title='bbox 517 3927 583 3966; x_wconf 63' lang='lat' dir='ltr'><strong>cer.</strong></span> <span class='ocrx_word' id='word_1_300' title='bbox 596 3929 629 3964; x_wconf 74' lang='lat' dir='ltr'><strong>m.</strong></span> <span class='ocrx_word' id='word_1_301' title='bbox 643 3909 706 3966; x_wconf 75' lang='lat'><strong>211</strong></span> <span class='ocrx_word' id='word_1_302' title='bbox 738 3912 772 3966; x_wconf 83' lang='lat'><strong>15</strong></span> <span class='ocrx_word' id='word_1_303' title='bbox 785 3909 1114 3965; x_wconf 54' lang='lat' dir='ltr'><strong>auerruncandorum</strong></span> <span class='ocrx_word' id='word_1_304' title='bbox 1124 3908 1187 3963; x_wconf 64' lang='lat' dir='ltr'><strong>mo</strong></span> <span class='ocrx_word' id='word_1_305' title='bbox 1201 3909 1228 3963; x_wconf 86' lang='lat' dir='ltr'><em>V</em></span> <span class='ocrx_word' id='word_1_306' title='bbox 1260 3909 1467 3964; x_wconf 70' lang='lat' dir='ltr'><strong>runeaunrr</strong></span> 
     </span>
     <span class='ocr_line' id='line_1_36' title="bbox 320 3995 1470 4052; baseline -0.001 -2"><span class='ocrx_word' id='word_1_307' title='bbox 320 3999 351 4051; x_wconf 88' lang='grc'><strong>19</strong></span> <span class='ocrx_word' id='word_1_308' title='bbox 364 3995 515 4052; x_wconf 80' lang='lat' dir='ltr'><strong>iudiciisui</strong></span> <span class='ocrx_word' id='word_1_309' title='bbox 530 3997 556 4051; x_wconf 84' lang='lat' dir='ltr'><strong><em>V</em></strong></span> <span class='ocrx_word' id='word_1_310' title='bbox 604 3999 689 4052; x_wconf 84' lang='lat' dir='ltr'><strong>etiarn</strong></span> <span class='ocrx_word' id='word_1_311' title='bbox 706 3998 892 4052; x_wconf 81' lang='lat' dir='ltr'><strong>uerborumR</strong></span> <span class='ocrx_word' id='word_1_312' title='bbox 943 3999 979 4051; x_wconf 70' lang='lat'><strong>20</strong></span> <span class='ocrx_word' id='word_1_313' title='bbox 996 3997 1138 4051; x_wconf 81' lang='lat' dir='ltr'><strong>sentiatV</strong></span> <span class='ocrx_word' id='word_1_314' title='bbox 1186 3997 1220 4051; x_wconf 73' lang='lat'><strong>21</strong></span> <span class='ocrx_word' id='word_1_315' title='bbox 1233 3995 1432 4050; x_wconf 82' lang='lat' dir='ltr'><strong>adoensuiauo</strong></span> <span class='ocrx_word' id='word_1_316' title='bbox 1447 3996 1470 4048; x_wconf 88' lang='lat' dir='ltr'><em>V</em></span> 
     </span>
     <span class='ocr_line' id='line_1_37' title="bbox 318 4082 1467 4154; baseline -0.002 -16"><span class='ocrx_word' id='word_1_317' title='bbox 318 4082 511 4154; x_wconf 77' lang='lat' dir='ltr'><strong>eperib3mpr.</strong></span> <span class='ocrx_word' id='word_1_318' title='bbox 535 4103 586 4140; x_wconf 80' lang='lat' dir='ltr'><strong>scr.</strong></span> <span class='ocrx_word' id='word_1_319' title='bbox 610 4086 636 4138; x_wconf 86' lang='lat' dir='ltr'><em>R</em></span> <span class='ocrx_word' id='word_1_320' title='bbox 694 4085 729 4140; x_wconf 73' lang='lat'><strong>22</strong></span> <span class='ocrx_word' id='word_1_321' title='bbox 752 4085 905 4153; x_wconf 87' lang='lat' dir='ltr'><strong>loquuntur</strong></span> <span class='ocrx_word' id='word_1_322' title='bbox 929 4085 955 4138; x_wconf 86' lang='lat' dir='ltr'><em>R</em></span> <span class='ocrx_word' id='word_1_323' title='bbox 1014 4089 1043 4138; x_wconf 88' lang='lat' dir='ltr'><strong>et</strong></span> <span class='ocrx_word' id='word_1_324' title='bbox 1065 4083 1095 4136; x_wconf 87' lang='lat' dir='ltr'><strong>hi</strong></span> <span class='ocrx_word' id='word_1_325' title='bbox 1119 4100 1190 4152; x_wconf 80' lang='lat' dir='ltr'><strong>quae</strong></span> <span class='ocrx_word' id='word_1_326' title='bbox 1218 4082 1245 4137; x_wconf 88' lang='lat' dir='ltr'><strong><em>V</em></strong></span> <span class='ocrx_word' id='word_1_327' title='bbox 1292 4084 1330 4138; x_wconf 71' lang='lat'><strong>24</strong></span> <span class='ocrx_word' id='word_1_328' title='bbox 1346 4087 1376 4136; x_wconf 86' lang='lat' dir='ltr'><strong>et</strong></span> <span class='ocrx_word' id='word_1_329' title='bbox 1394 4083 1467 4138; x_wconf 81' lang='lat' dir='ltr'><strong>ueri·</strong></span> 
     </span>
     <span class='ocr_line' id='line_1_38' title="bbox 318 4167 1467 4239; baseline -0.004 -14"><span class='ocrx_word' id='word_1_330' title='bbox 318 4175 404 4225; x_wconf 90' lang='lat' dir='ltr'><strong>tatem</strong></span> <span class='ocrx_word' id='word_1_331' title='bbox 420 4171 468 4224; x_wconf 85' lang='lat' dir='ltr'><strong>VR</strong></span> <span class='ocrx_word' id='word_1_332' title='bbox 520 4171 739 4226; x_wconf 81' lang='lat' dir='ltr'><strong>2doatoiiaaeV</strong></span> <span class='ocrx_word' id='word_1_333' title='bbox 788 4170 888 4226; x_wconf 57' lang='lat' dir='ltr'><strong>ithae</strong></span> <span class='ocrx_word' id='word_1_334' title='bbox 899 4169 1159 4239; x_wconf 76' lang='lat' dir='ltr'><strong>praedioandiRae</strong></span> <span class='ocrx_word' id='word_1_335' title='bbox 1170 4167 1351 4238; x_wconf 74' lang='lat' dir='ltr'><strong>praedicandi</strong></span> <span class='ocrx_word' id='word_1_336' title='bbox 1368 4189 1403 4226; x_wconf 69' lang='grc' dir='ltr'><strong>ιε</strong></span> <span class='ocrx_word' id='word_1_337' title='bbox 1419 4177 1467 4224; x_wconf 83' lang='lat' dir='ltr'><strong>aut</strong></span> 
     </span>
     <span class='ocr_line' id='line_1_39' title="bbox 318 4253 1465 4325; baseline -0.001 -15"><span class='ocrx_word' id='word_1_338' title='bbox 318 4257 610 4325; x_wconf 76' lang='lat' dir='ltr'><strong>praedicandim.2V</strong></span> <span class='ocrx_word' id='word_1_339' title='bbox 659 4259 693 4311; x_wconf 75' lang='lat'><strong>28</strong></span> <span class='ocrx_word' id='word_1_340' title='bbox 705 4259 745 4312; x_wconf 89' lang='lat' dir='ltr'><strong>ita</strong></span> <span class='ocrx_word' id='word_1_341' title='bbox 754 4258 784 4312; x_wconf 91' lang='lat' dir='ltr'><strong>in</strong></span> <span class='ocrx_word' id='word_1_342' title='bbox 793 4274 842 4311; x_wconf 83' lang='lat' dir='ltr'><strong>ore</strong></span> <span class='ocrx_word' id='word_1_343' title='bbox 851 4258 892 4310; x_wconf 78' lang='lat' dir='ltr'><strong>Ro</strong></span> <span class='ocrx_word' id='word_1_344' title='bbox 947 4257 977 4310; x_wconf 89' lang='lat' dir='ltr'><strong>in</strong></span> <span class='ocrx_word' id='word_1_345' title='bbox 986 4253 1375 4325; x_wconf 79' lang='lat' dir='ltr'><strong>requiemditihuiuadignua</strong></span> <span class='ocrx_word' id='word_1_346' title='bbox 1392 4255 1465 4320; x_wconf 60' lang='grc' dir='ltr'><strong>νίν)</strong></span> 
     </span>
    </p>
   </div>
   <div class='ocr_carea' id='block_1_7' title="bbox 0 0 1550 4967">
    <p class='ocr_par' dir='ltr' id='par_1_13' title="bbox 0 0 1550 4967">
     <span class='ocr_line' id='line_1_40' title="bbox 0 0 1550 4967; baseline 0 0"><span class='ocrx_word' id='word_1_347' title='bbox 0 0 1550 4967; x_wconf 95' lang='lat' dir='ltr'><strong> </strong></span> 
     </span>
    </p>
   </div>
  </div>
 </body>
</html>
