3075 4967
589 294 786 363 Appendix.
1198 294 1261 361 875

111 483 249 548 iudicem
273 483 372 549 sciet?
416 485 487 568 quis
518 503 578 549 non
609 486 730 550 renasci
753 486 784 549 in
809 484 1017 551 innocentiam
1049 486 1160 565 cupiat,
1190 506 1262 551 cum

112 588 233 667 peccati
257 588 470 653 remissionem
495 608 552 670 per
574 608 684 655 nouam
701 588 896 653 natiuitatem
913 590 1067 670 accipiat?
1112 590 1181 673 quis
1197 590 1259 656 iam

111 700 239 757 renatus
273 711 402 773 peccare
435 712 496 757 uon
533 693 654 757 desinat
685 704 715 759 et
746 693 778 757 iu
800 694 976 758 innocentia
1009 693 1128 774 paruuli
1162 694 1261 778 [uelit]

112 814 308 876 permanere,
332 816 400 861 eum
426 796 532 861 talium
557 798 634 861 sciat
655 816 790 881 reguum
812 817 882 863 esse
904 796 1074 863 calorum?
1104 798 1172 863 lraec
1194 818 1262 879 pro·

111 898 209 965 fussio
231 902 553 969 nostrsscrntautinm
571 901 697 985 ingenia
713 901 864 979 debilitat,
889 901 956 967 huc
973 902 1121 968 doctrinae
1136 903 1262 983 spicula,
1301 928 1315 969 a

113 1023 182 1087 qum
205 1003 400 1084 pamolnrnm
433 1006 557 1089 ειςὶῖῖθ
590 1010 669 1083 sont
704 1005 813 1071 stultas
844 1006 1069 1087 disputationes
1091 1006 1262 1072 uoluerant.

111 1107 302 1173 adnuntiatis
325 1109 408 1177 enim
431 1109 574 1189 operibus
597 1110 647 1175 dci
671 1116 745 1175 tuuc
767 1110 917 1190 incipient
934 1110 1017 1175 facta
1030 1111 1099 1175 eins
1113 1109 1263 1195 intellegi,

112 1218 186 1276 tunc
210 1212 240 1276 io
265 1211 315 1277 his
338 1212 490 1278 laetabitur
512 1214 618 1290 iustus,
643 1223 715 1279 tuno
737 1234 809 1279 eum
833 1233 942 1279 omnes
971 1214 1050 1279 recti
1084 1216 1177 1279 cordo
1197 1214 1263 1281 lan-

111 1316 241 1381 dabunt.
287 1316 318 1380 in
342 1317 391 1382 his
415 1324 463 1384 θεῖ
486 1317 592 1383 latitia
616 1323 803 1395 sanctorum,
834 1318 866 1383 in
897 1316 948 1383 his
979 1338 1051 1401 spes
1073 1316 1261 1385 firmissima.

111 1419 153 1483 ob
183 1418 251 1485 haec
283 1422 385 1501 deum,
415 1422 467 1507 qui
497 1428 582 1488 recto
606 1428 679 1487 sunt
708 1423 812 1500 eorda,
834 1421 1007 1488 laudabunt
1038 1422 1171 1488 scientes
1194 1442 1263 1488 esse
1289 1448 1314 1485 ιο

111 1524 330 1591 remissionem
353 1532 560 1606 peccatomm
595 1528 703 1592 mortis
737 1533 976 1609 peremptorem,
1007 1525 1105 1591 zaboli
1129 1525 1263 1591 dobella-

112 1633 223 1705 torem,
258 1631 350 1695 doum
385 1636 417 1693 et
451 1631 612 1695 dominum
648 1638 788 1696 nostrum
812 1631 917 1697 Iesum
941 1629 1109 1710 Christum,
1140 1630 1192 1715 qui
1214 1637 1264 1695 est

112 1732 294 1799 benedictus
318 1734 348 1797 in
373 1732 485 1799 saecula
508 1734 698 1799 seculorum.

184 2011 365 2093 tractatus
384 2011 417 2093 in
437 2009 606 2113 psalmom
626 2010 769 2093 Cllllllll.
789 2032 833 2095 cu
852 2010 928 2093 cod.
947 2009 1142 2093 Veronensi
1161 2015 1198 2092 cl

555 2183 724 2267 Vaticano
744 2186 822 2267 tal.
1285 2234 1309 2273 θ
1377 2225 1385 2251 ⁴

160 2392 271 2471 Ecce,
310 2413 425 2477 quam
465 2393 607 2459 bonum
647 2400 708 2459 est
745 2401 784 2460 θῖ
818 2395 1034 2459 iucundum
1069 2391 1261 2458 habitare

113 2497 267 2563 fratres
290 2498 330 2562 in
354 2518 478 2563 unum.
524 2498 640 2563 bonum
664 2504 695 2563 θῖ
717 2498 884 2563 iucundum
908 2505 954 2563 est
976 2498 1007 2561 in
1030 2515 1127 2561 unum
1147 2495 1261 2560 fratres

114 2600 263 2679 habitare,
287 2602 367 2686 quia,
392 2622 461 2668 cum
487 2603 517 2666 in
542 2622 601 2667 nuo
626 2601 774 2680 habitant,
798 2607 950 2667 conuentu
973 2600 1112 2667 ecclesias
1132 2619 1260 2682 congre-

113 2713 241 2790 gnnlnr;
277 2726 348 2771 eum
382 2706 494 2772 fratres
528 2712 750 2788 nuncupantur,
786 2707 896 2772 unicae
934 2704 1100 2770 uoluntatis
1135 2704 1313 2774 caritatem

113 2812 282 2875 concordes
306 2818 386 2875 sunt.
431 2812 470 2875 ad
492 2810 625 2891 primum
655 2811 738 2876 enim
769 2809 978 2891 apostolomm
1009 2809 1261 2891 pradicationem

115 2914 174 2981 hoc
197 2934 347 2999 magnum
372 2922 561 2997 preceptum
591 2914 687 2981 fuisse
719 2916 861 3000 legimus,
896 2916 977 3000 quod
1012 2916 1139 2981 dicitur:
1174 2919 1260 2979 erat

113 3020 216 3085 euim
251 3021 424 3085 omnium
459 3020 718 3085 credentium
754 3040 821 3086 cor
852 3026 890 3085 et
920 3022 1157 3085 animanda.
1202 3017 1262 3081 hoc

112 3125 219 3209 itaquo
256 3123 366 3205 populo
405 3124 454 3190 dei
491 3124 649 3208 congrum
695 3126 752 3189 sub
794 3144 855 3189 nno
892 3132 980 3204 patre
1024 3125 1137 3188 fratres
1183 3140 1261 3192 esse,

113 3229 170 3293 sub
205 3248 266 3294 uno
300 3229 407 3310 spiritu
445 3247 540 3293 uuum
579 3249 656 3307 esse,
694 3229 751 3294 sub
786 3248 848 3293 una
882 3228 974 3292 domo
1008 3227 1181 3291 unianimes
1214 3226 1261 3289 in·
1288 3254 1312 3292 as

112 3333 233 3410 cedere,
267 3332 323 3397 snb
347 3353 407 3397 uno
430 3352 559 3413 corpore
582 3334 672 3398 nnius
696 3332 833 3412 corporis
861 3331 1006 3396 membro
1029 3351 1108 3396 osse.
1154 3330 1260 3394 iucun-

114 3439 190 3502 dum
232 3442 263 3501 et
299 3437 414 3503 bonum
453 3442 501 3503 θεῖ
538 3435 677 3502 habitare
723 3436 834 3500 fratres
871 3434 901 3498 iu
940 3454 1046 3500 unum.
1110 3453 1258 3513 conpara·

114 3541 229 3606 tionem
260 3561 334 3606 uero
364 3540 454 3607 huius
479 3541 549 3605 boni
572 3540 761 3624 iucundique
784 3538 935 3621 propheta
957 3537 1116 3604 constitnit
1138 3538 1260 3603 diceus:

1104 3774 1127 3803 m

159 3818 222 3872 lin
249 3818 452 3899 innnocentiam
472 3836 538 3872 corr.
559 3818 630 3871 m.?
683 3818 778 3887 cupiat
795 3844 830 3855 —
849 3824 877 3873 et
902 3818 930 3871 in
949 3818 1107 3872 innocentia
1152 3816 1214 3884 (cic)
1234 3818 1261 3870 in

112 3922 429 3993 morp.inser.odd.m.2
480 3922 586 3978 duelit
598 3924 689 3975 addidi
700 3923 735 3991 cf.
746 3942 773 3993 p.
788 3921 889 3987 2329
941 3922 1090 3991 dspecula
1142 3923 1261 3977 Scordo

112 4029 184 4082 supr.
212 4028 261 4063 scr.
289 4028 322 4062 m.
349 4007 369 4062 2
424 4011 456 4064 12
475 4014 503 4063 θῖ
530 4011 589 4062 odd.
617 4028 649 4063 m.
678 4008 698 4061 2
749 4012 848 4063 dudd.
875 4028 909 4063 m.
936 4008 957 4063 2
1009 4014 1076 4078 xpm
1100 4011 1160 4063 add.
1184 4028 1217 4061 an.
1240 4006 1261 4061 2

112 4096 238 4166 Explicit
256 4097 377 4166 psalmus
395 4096 485 4151 LXIII
512 4097 612 4165 incipit
639 4096 762 4165 psalmus
781 4097 884 4151 LXIIII
900 4109 991 4167 postea
1017 4096 1053 4151 do
1070 4096 1139 4165 gra?
1155 4114 1172 4149 a
1190 4113 1259 4149 maa.

112 4205 162 4241 rec.
219 4186 252 4239 19
270 4184 387 4237 eclesiae
406 4184 670 4253 congraegantan
720 4186 754 4239 26
772 4184 924 4238 iucundum
946 4183 1135 4237 Viocnndum
1153 4203 1168 4235 r
1185 4192 1208 4235 ct
1225 4185 1261 4236 aie

113 4275 178 4345 infr.
232 4274 266 4326 27
285 4272 481 4340 conparatione
506 4272 780 4339 Vcomparationem
798 4290 820 4323 r.
