<?xml version="1.0" encoding="UTF-8"?>
<!DOCTYPE html PUBLIC "-//W3C//DTD XHTML 1.0 Transitional//EN"
    "http://www.w3.org/TR/xhtml1/DTD/xhtml1-transitional.dtd">
<html xmlns="http://www.w3.org/1999/xhtml" xml:lang="en" lang="en">
 <head>
  <title>
</title>
<meta http-equiv="Content-Type" content="text/html;charset=utf-8" />
  <meta name='ocr-system' content='tesseract 3.04.00' />
  <meta name='ocr-capabilities' content='ocr_page ocr_carea ocr_par ocr_line ocrx_word'/>
</head>
<body>
  <div class='ocr_page' id='page_1' title='image "./corpusscriptoru23wiengoog_0870.png"; bbox 0 0 3075 4967; ppageno 0'>
   <div class='ocr_carea' id='block_1_1' title="bbox 317 308 1111 379">
    <p class='ocr_par' dir='ltr' id='par_1_1' title="bbox 317 308 1111 379">
     <span class='ocr_line' id='line_1_1' title="bbox 317 308 1111 379; baseline 0 -15"><span class='ocrx_word' id='word_1_1' title='bbox 317 308 380 371; x_wconf 80' lang='grc'><strong>830</strong></span> <span class='ocrx_word' id='word_1_2' title='bbox 661 310 1111 379; x_wconf 83' lang='lat' dir='ltr'><strong>sanctiHilariiepiscopi</strong></span> 
     </span>
    </p>
   </div>
   <div class='ocr_carea' id='block_1_2' title="bbox 318 498 1440 686">
    <p class='ocr_par' dir='ltr' id='par_1_2' title="bbox 318 498 1440 686">
     <span class='ocr_line' id='line_1_2' title="bbox 318 498 1440 585; baseline 0.001 -23"><span class='ocrx_word' id='word_1_3' title='bbox 318 499 401 563; x_wconf 90' lang='lat' dir='ltr'><strong>enirn</strong></span> <span class='ocrx_word' id='word_1_4' title='bbox 426 518 494 562; x_wconf 91' lang='lat' dir='ltr'><strong>eum</strong></span> <span class='ocrx_word' id='word_1_5' title='bbox 519 498 662 569; x_wconf 79' lang='lat' dir='ltr'><strong>maxime.</strong></span> <span class='ocrx_word' id='word_1_6' title='bbox 693 501 898 582; x_wconf 86' lang='lat' dir='ltr'><strong>quantumin</strong></span> <span class='ocrx_word' id='word_1_7' title='bbox 923 501 1012 565; x_wconf 88' lang='lat' dir='ltr'><strong>nobis</strong></span> <span class='ocrx_word' id='word_1_8' title='bbox 1042 508 1097 572; x_wconf 76' lang='lat' dir='ltr'><strong>est.</strong></span> <span class='ocrx_word' id='word_1_9' title='bbox 1117 501 1283 564; x_wconf 82' lang='lat' dir='ltr'><strong>admirari:</strong></span> <span class='ocrx_word' id='word_1_10' title='bbox 1313 501 1440 585; x_wconf 77' lang='lat' dir='ltr'><strong>cognosci</strong></span> 
     </span>
     <span class='ocr_line' id='line_1_3' title="bbox 318 602 1129 686; baseline 0.004 -21"><span class='ocrx_word' id='word_1_11' title='bbox 318 609 422 667; x_wconf 81' lang='lat' dir='ltr'><strong>sutem</strong></span> <span class='ocrx_word' id='word_1_12' title='bbox 446 602 583 681; x_wconf 84' lang='lat' dir='ltr'><strong>anobis,</strong></span> <span class='ocrx_word' id='word_1_13' title='bbox 608 610 742 686; x_wconf 80' lang='lat' dir='ltr'><strong>quantus</strong></span> <span class='ocrx_word' id='word_1_14' title='bbox 766 604 832 682; x_wconf 88' lang='lat' dir='ltr'><strong>ipse</strong></span> <span class='ocrx_word' id='word_1_15' title='bbox 856 611 913 683; x_wconf 85' lang='lat' dir='ltr'><strong>ost,</strong></span> <span class='ocrx_word' id='word_1_16' title='bbox 937 624 997 667; x_wconf 92' lang='lat' dir='ltr'><strong>non</strong></span> <span class='ocrx_word' id='word_1_17' title='bbox 1021 612 1129 685; x_wconf 88' lang='lat' dir='ltr'><strong>potest.</strong></span> 
     </span>
    </p>
   </div>
   <div class='ocr_carea' id='block_1_3' title="bbox 264 742 1522 1537">
    <p class='ocr_par' dir='ltr' id='par_1_3' title="bbox 317 742 1522 929">
     <span class='ocr_line' id='line_1_4' title="bbox 360 742 1522 832; baseline 0.001 -28"><span class='ocrx_word' id='word_1_18' title='bbox 360 742 387 804; x_wconf 85' lang='lat'><strong>3.</strong></span> <span class='ocrx_word' id='word_1_19' title='bbox 410 742 527 806; x_wconf 90' lang='lat' dir='ltr'><strong>Verum</strong></span> <span class='ocrx_word' id='word_1_20' title='bbox 561 762 631 806; x_wconf 89' lang='lat' dir='ltr'><strong>curn</strong></span> <span class='ocrx_word' id='word_1_21' title='bbox 666 743 696 806; x_wconf 94' lang='lat' dir='ltr'><strong>in</strong></span> <span class='ocrx_word' id='word_1_22' title='bbox 731 742 815 807; x_wconf 92' lang='lat' dir='ltr'><strong>omni</strong></span> <span class='ocrx_word' id='word_1_23' title='bbox 849 742 970 825; x_wconf 85' lang='lat' dir='ltr'><strong>psalmo</strong></span> <span class='ocrx_word' id='word_1_24' title='bbox 1009 744 1139 824; x_wconf 79' lang='lat' dir='ltr'><strong>simplex</strong></span> <span class='ocrx_word' id='word_1_25' title='bbox 1173 744 1221 808; x_wconf 92' lang='lat' dir='ltr'><strong>dei</strong></span> <span class='ocrx_word' id='word_1_26' title='bbox 1257 749 1288 808; x_wconf 89' lang='lat' dir='ltr'><strong>et</strong></span> <span class='ocrx_word' id='word_1_27' title='bbox 1319 742 1440 807; x_wconf 86' lang='lat' dir='ltr'><strong>absoluta</strong></span> <span class='ocrx_word' id='word_1_28' title='bbox 1521 819 1522 832; x_wconf 10' lang='grc' dir='ltr'>χ</span> 
     </span>
     <span class='ocr_line' id='line_1_5' title="bbox 317 844 1522 929; baseline -0.001 -20"><span class='ocrx_word' id='word_1_29' title='bbox 317 844 450 910; x_wconf 89' lang='lat' dir='ltr'><strong>laudatio</strong></span> <span class='ocrx_word' id='word_1_30' title='bbox 475 856 530 921; x_wconf 88' lang='lat' dir='ltr'><strong>est,</strong></span> <span class='ocrx_word' id='word_1_31' title='bbox 555 847 733 912; x_wconf 82' lang='lat' dir='ltr'><strong>meminisse</strong></span> <span class='ocrx_word' id='word_1_32' title='bbox 764 847 913 912; x_wconf 88' lang='lat' dir='ltr'><strong>debemus</strong></span> <span class='ocrx_word' id='word_1_33' title='bbox 943 858 1064 929; x_wconf 87' lang='lat' dir='ltr'><strong>patrem</strong></span> <span class='ocrx_word' id='word_1_34' title='bbox 1093 849 1125 912; x_wconf 93' lang='lat' dir='ltr'><strong>in</strong></span> <span class='ocrx_word' id='word_1_35' title='bbox 1155 847 1219 912; x_wconf 92' lang='lat' dir='ltr'><strong>lilio</strong></span> <span class='ocrx_word' id='word_1_36' title='bbox 1250 857 1281 912; x_wconf 91' lang='lat' dir='ltr'><strong>et</strong></span> <span class='ocrx_word' id='word_1_37' title='bbox 1305 847 1394 912; x_wconf 89' lang='lat' dir='ltr'><strong>lilium</strong></span> <span class='ocrx_word' id='word_1_38' title='bbox 1413 845 1439 908; x_wconf 89' lang='lat' dir='ltr'><strong>in</strong></span> <span class='ocrx_word' id='word_1_39' title='bbox 1521 861 1522 928; x_wconf 61' lang='lat' dir='ltr'><em>g</em></span> 
     </span>
    </p>

    <p class='ocr_par' dir='ltr' id='par_1_4' title="bbox 264 950 1522 1537">
     <span class='ocr_line' id='line_1_6' title="bbox 276 950 1522 1044; baseline 0.002 -33"><span class='ocrx_word' id='word_1_40' title='bbox 276 976 288 1011; x_wconf 79' lang='lat' dir='ltr'><strong>a</strong></span> <span class='ocrx_word' id='word_1_41' title='bbox 318 960 403 1029; x_wconf 87' lang='lat' dir='ltr'><strong>patre</strong></span> <span class='ocrx_word' id='word_1_42' title='bbox 426 950 546 1015; x_wconf 91' lang='lat' dir='ltr'><strong>laudari</strong></span> <span class='ocrx_word' id='word_1_43' title='bbox 569 960 605 1027; x_wconf 90' lang='lat' dir='ltr'><strong>et,</strong></span> <span class='ocrx_word' id='word_1_44' title='bbox 640 972 711 1015; x_wconf 86' lang='lat' dir='ltr'><strong>curn</strong></span> <span class='ocrx_word' id='word_1_45' title='bbox 735 973 772 1015; x_wconf 88' lang='lat' dir='ltr'><strong>ex</strong></span> <span class='ocrx_word' id='word_1_46' title='bbox 795 953 975 1016; x_wconf 72' lang='lat' dir='ltr'><strong>substantiae</strong></span> <span class='ocrx_word' id='word_1_47' title='bbox 991 952 1193 1017; x_wconf 81' lang='lat' dir='ltr'><strong>similitudine</strong></span> <span class='ocrx_word' id='word_1_48' title='bbox 1215 971 1251 1017; x_wconf 89' lang='lat' dir='ltr'><strong>ac</strong></span> <span class='ocrx_word' id='word_1_49' title='bbox 1274 952 1440 1033; x_wconf 72' lang='lat' dir='ltr'><strong>proprietate</strong></span> <span class='ocrx_word' id='word_1_50' title='bbox 1521 985 1522 1044; x_wconf 59' lang='lat'>3</span> 
     </span>
     <span class='ocr_line' id='line_1_7' title="bbox 316 1054 1440 1139; baseline -0.002 -22"><span class='ocrx_word' id='word_1_51' title='bbox 316 1068 432 1119; x_wconf 79' lang='lat' dir='ltr'><strong>naturae</strong></span> <span class='ocrx_word' id='word_1_52' title='bbox 468 1054 545 1119; x_wconf 49' lang='lat' dir='ltr'><strong>alter¹</strong></span> <span class='ocrx_word' id='word_1_53' title='bbox 577 1056 607 1120; x_wconf 93' lang='lat' dir='ltr'><strong>in</strong></span> <span class='ocrx_word' id='word_1_54' title='bbox 643 1055 736 1119; x_wconf 88' lang='lat' dir='ltr'><strong>altero</strong></span> <span class='ocrx_word' id='word_1_55' title='bbox 769 1056 808 1120; x_wconf 89' lang='lat' dir='ltr'><strong>sit</strong></span> <span class='ocrx_word' id='word_1_56' title='bbox 837 1063 869 1120; x_wconf 87' lang='lat' dir='ltr'><strong>el</strong></span> <span class='ocrx_word' id='word_1_57' title='bbox 899 1057 989 1121; x_wconf 90' lang='lat' dir='ltr'><strong>ambo</strong></span> <span class='ocrx_word' id='word_1_58' title='bbox 1019 1077 1115 1121; x_wconf 91' lang='lat' dir='ltr'><strong>unum</strong></span> <span class='ocrx_word' id='word_1_59' title='bbox 1138 1060 1200 1121; x_wconf 90' lang='lat' dir='ltr'><strong>sint</strong></span> <span class='ocrx_word' id='word_1_60' title='bbox 1230 1065 1267 1123; x_wconf 88' lang='lat' dir='ltr'><strong>et.</strong></span> <span class='ocrx_word' id='word_1_61' title='bbox 1299 1056 1348 1139; x_wconf 89' lang='lat' dir='ltr'><strong>qni</strong></span> <span class='ocrx_word' id='word_1_62' title='bbox 1371 1054 1440 1117; x_wconf 81' lang='lat' dir='ltr'><strong>uidet</strong></span> 
     </span>
     <span class='ocr_line' id='line_1_8' title="bbox 319 1153 1522 1245; baseline -0.001 -24"><span class='ocrx_word' id='word_1_63' title='bbox 319 1166 445 1238; x_wconf 61' lang='lat' dir='ltr'><strong>fratrem,</strong></span> <span class='ocrx_word' id='word_1_64' title='bbox 476 1158 579 1223; x_wconf 84' lang='lat' dir='ltr'><strong>uideat</strong></span> <span class='ocrx_word' id='word_1_65' title='bbox 610 1166 640 1224; x_wconf 90' lang='lat' dir='ltr'><strong>et</strong></span> <span class='ocrx_word' id='word_1_66' title='bbox 669 1160 775 1237; x_wconf 90' lang='lat' dir='ltr'><strong>filium,</strong></span> <span class='ocrx_word' id='word_1_67' title='bbox 807 1180 866 1223; x_wconf 91' lang='lat' dir='ltr'><strong>non</strong></span> <span class='ocrx_word' id='word_1_68' title='bbox 891 1160 1023 1238; x_wconf 84' lang='lat' dir='ltr'><strong>differre,</strong></span> <span class='ocrx_word' id='word_1_69' title='bbox 1048 1161 1177 1245; x_wconf 77' lang='lat' dir='ltr'><strong>quises</strong></span> <span class='ocrx_word' id='word_1_70' title='bbox 1201 1159 1440 1225; x_wconf 88' lang='lat' dir='ltr'><strong>duobnslaudari</strong></span> <span class='ocrx_word' id='word_1_71' title='bbox 1521 1153 1522 1156; x_wconf 63' lang='grc'>’</span> 
     </span>
     <span class='ocr_line' id='line_1_9' title="bbox 317 1263 1522 1347; baseline -0.004 -20"><span class='ocrx_word' id='word_1_72' title='bbox 317 1263 515 1340; x_wconf 77' lang='lat' dir='ltr'><strong>existimetur,</strong></span> <span class='ocrx_word' id='word_1_73' title='bbox 539 1283 608 1327; x_wconf 92' lang='lat' dir='ltr'><strong>euru</strong></span> <span class='ocrx_word' id='word_1_74' title='bbox 632 1270 797 1347; x_wconf 89' lang='lat' dir='ltr'><strong>utrumque</strong></span> <span class='ocrx_word' id='word_1_75' title='bbox 813 1264 872 1328; x_wconf 90' lang='lat' dir='ltr'><strong>sibi</strong></span> <span class='ocrx_word' id='word_1_76' title='bbox 889 1266 1022 1329; x_wconf 89' lang='lat' dir='ltr'><strong>inuicem</strong></span> <span class='ocrx_word' id='word_1_77' title='bbox 1038 1278 1068 1329; x_wconf 88' lang='lat' dir='ltr'><strong>et</strong></span> <span class='ocrx_word' id='word_1_78' title='bbox 1082 1266 1204 1329; x_wconf 86' lang='lat' dir='ltr'><strong>uirtutis</strong></span> <span class='ocrx_word' id='word_1_79' title='bbox 1220 1270 1314 1347; x_wconf 89' lang='lat' dir='ltr'><strong>atquo</strong></span> <span class='ocrx_word' id='word_1_80' title='bbox 1328 1282 1438 1343; x_wconf 89' lang='lat' dir='ltr'><strong>operum</strong></span> <span class='ocrx_word' id='word_1_81' title='bbox 1521 1301 1522 1304; x_wconf 56' lang='lat'><em>=</em></span> 
     </span>
     <span class='ocr_line' id='line_1_10' title="bbox 315 1364 1522 1451; baseline 0.001 -20"><span class='ocrx_word' id='word_1_82' title='bbox 315 1366 483 1431; x_wconf 84' lang='lat' dir='ltr'><strong>similitudo</strong></span> <span class='ocrx_word' id='word_1_83' title='bbox 515 1374 545 1432; x_wconf 87' lang='lat' dir='ltr'><strong>et</strong></span> <span class='ocrx_word' id='word_1_84' title='bbox 573 1368 778 1432; x_wconf 86' lang='lat' dir='ltr'><strong>indifferentis</strong></span> <span class='ocrx_word' id='word_1_85' title='bbox 807 1375 925 1432; x_wconf 84' lang='lat' dir='ltr'><strong>naturae</strong></span> <span class='ocrx_word' id='word_1_86' title='bbox 956 1389 995 1433; x_wconf 90' lang='lat' dir='ltr'><strong>ex</strong></span> <span class='ocrx_word' id='word_1_87' title='bbox 1024 1377 1112 1449; x_wconf 85' lang='lat' dir='ltr'><strong>patre</strong></span> <span class='ocrx_word' id='word_1_88' title='bbox 1135 1370 1192 1431; x_wconf 90' lang='lat' dir='ltr'><strong>deo</strong></span> <span class='ocrx_word' id='word_1_89' title='bbox 1216 1368 1320 1451; x_wconf 79' lang='lat' dir='ltr'><strong>genita</strong></span> <span class='ocrx_word' id='word_1_90' title='bbox 1341 1382 1368 1431; x_wconf 84' lang='lat' dir='ltr'><strong>et</strong></span> <span class='ocrx_word' id='word_1_91' title='bbox 1387 1364 1439 1428; x_wconf 88' lang='lat' dir='ltr'><strong>filio</strong></span> <span class='ocrx_word' id='word_1_92' title='bbox 1521 1401 1522 1432; x_wconf 52' lang='grc' dir='ltr'><em>π</em></span> 
     </span>
     <span class='ocr_line' id='line_1_11' title="bbox 264 1471 1084 1537; baseline 0.007 -6"><span class='ocrx_word' id='word_1_93' title='bbox 264 1492 288 1528; x_wconf 87' lang='lat' dir='ltr'><strong>ro</strong></span> <span class='ocrx_word' id='word_1_94' title='bbox 315 1471 372 1535; x_wconf 89' lang='lat' dir='ltr'><strong>deo</strong></span> <span class='ocrx_word' id='word_1_95' title='bbox 395 1477 468 1535; x_wconf 84' lang='lat' dir='ltr'><strong>nata</strong></span> <span class='ocrx_word' id='word_1_96' title='bbox 492 1472 637 1536; x_wconf 88' lang='lat' dir='ltr'><strong>diuinitas</strong></span> <span class='ocrx_word' id='word_1_97' title='bbox 660 1492 752 1535; x_wconf 90' lang='lat' dir='ltr'><strong>unum</strong></span> <span class='ocrx_word' id='word_1_98' title='bbox 777 1492 831 1537; x_wconf 91' lang='lat' dir='ltr'><strong>eos</strong></span> <span class='ocrx_word' id='word_1_99' title='bbox 853 1494 922 1537; x_wconf 90' lang='lat' dir='ltr'><strong>esse</strong></span> <span class='ocrx_word' id='word_1_100' title='bbox 946 1480 1084 1537; x_wconf 83' lang='lat' dir='ltr'><strong>testetur.</strong></span> 
     </span>
    </p>
   </div>
   <div class='ocr_carea' id='block_1_4' title="bbox 259 1608 1522 3965">
    <p class='ocr_par' dir='ltr' id='par_1_5' title="bbox 314 1608 1522 1988">
     <span class='ocr_line' id='line_1_12' title="bbox 358 1608 1522 1693; baseline -0.004 -20"><span class='ocrx_word' id='word_1_101' title='bbox 358 1610 387 1673; x_wconf 78' lang='lat'><strong>4.</strong></span> <span class='ocrx_word' id='word_1_102' title='bbox 412 1608 687 1693; x_wconf 80' lang='lat' dir='ltr'><strong>Ooeptusergoita</strong></span> <span class='ocrx_word' id='word_1_103' title='bbox 704 1610 841 1690; x_wconf 89' lang='lat' dir='ltr'><strong>psalmus</strong></span> <span class='ocrx_word' id='word_1_104' title='bbox 861 1619 922 1675; x_wconf 86' lang='lat' dir='ltr'><strong>est:</strong></span> <span class='ocrx_word' id='word_1_105' title='bbox 947 1611 1136 1675; x_wconf 89' lang='lat' dir='ltr'><strong>exaltabo</strong></span> <span class='ocrx_word' id='word_1_106' title='bbox 1159 1619 1203 1684; x_wconf 83' lang='lat' dir='ltr'><strong>te,</strong></span> <span class='ocrx_word' id='word_1_107' title='bbox 1228 1611 1324 1674; x_wconf 89' lang='lat' dir='ltr'><strong>deus</strong></span> <span class='ocrx_word' id='word_1_108' title='bbox 1346 1630 1438 1673; x_wconf 80' lang='lat' dir='ltr'><strong>meus</strong></span> <span class='ocrx_word' id='word_1_109' title='bbox 1521 1681 1522 1686; x_wconf 8' lang='grc' dir='ltr'>γ</span> 
     </span>
     <span class='ocr_line' id='line_1_13' title="bbox 314 1712 1436 1789; baseline -0.006 -10"><span class='ocrx_word' id='word_1_110' title='bbox 314 1720 567 1789; x_wconf 86' lang='lat' dir='ltr'><strong>etrexmeus,</strong></span> <span class='ocrx_word' id='word_1_111' title='bbox 585 1722 622 1779; x_wconf 91' lang='lat' dir='ltr'><strong>et</strong></span> <span class='ocrx_word' id='word_1_112' title='bbox 645 1715 884 1779; x_wconf 87' lang='lat' dir='ltr'><strong>benedicam</strong></span> <span class='ocrx_word' id='word_1_113' title='bbox 910 1735 1051 1781; x_wconf 90' lang='lat' dir='ltr'><strong>nomen</strong></span> <span class='ocrx_word' id='word_1_114' title='bbox 1074 1722 1182 1779; x_wconf 89' lang='lat' dir='ltr'><strong>tuum</strong></span> <span class='ocrx_word' id='word_1_115' title='bbox 1205 1714 1244 1777; x_wconf 92' lang='lat' dir='ltr'><strong>in</strong></span> <span class='ocrx_word' id='word_1_116' title='bbox 1268 1712 1436 1778; x_wconf 80' lang='lat' dir='ltr'><strong>saeculuur</strong></span> 
     </span>
     <span class='ocr_line' id='line_1_14' title="bbox 314 1818 1436 1903; baseline -0.004 -21"><span class='ocrx_word' id='word_1_117' title='bbox 314 1825 352 1882; x_wconf 89' lang='lat' dir='ltr'><strong>et</strong></span> <span class='ocrx_word' id='word_1_118' title='bbox 373 1818 412 1882; x_wconf 90' lang='lat' dir='ltr'><strong>in</strong></span> <span class='ocrx_word' id='word_1_119' title='bbox 437 1820 625 1883; x_wconf 77' lang='lat' dir='ltr'><strong>saeculnm</strong></span> <span class='ocrx_word' id='word_1_120' title='bbox 650 1818 798 1882; x_wconf 62' lang='lat' dir='ltr'><strong>saeculi.</strong></span> <span class='ocrx_word' id='word_1_121' title='bbox 822 1818 1436 1903; x_wconf 85' lang='lat' dir='ltr'><strong>persingulasdiesbenodicam</strong></span> 
     </span>
     <span class='ocr_line' id='line_1_15' title="bbox 314 1922 1437 1988; baseline -0.003 -1"><span class='ocrx_word' id='word_1_122' title='bbox 314 1930 351 1987; x_wconf 85' lang='lat' dir='ltr'><strong>te</strong></span> <span class='ocrx_word' id='word_1_123' title='bbox 375 1930 412 1987; x_wconf 85' lang='lat' dir='ltr'><strong>et</strong></span> <span class='ocrx_word' id='word_1_124' title='bbox 434 1922 608 1987; x_wconf 81' lang='lat' dir='ltr'><strong>laudabo</strong></span> <span class='ocrx_word' id='word_1_125' title='bbox 630 1942 773 1986; x_wconf 90' lang='lat' dir='ltr'><strong>nornen</strong></span> <span class='ocrx_word' id='word_1_126' title='bbox 797 1932 904 1987; x_wconf 93' lang='lat' dir='ltr'><strong>tunm</strong></span> <span class='ocrx_word' id='word_1_127' title='bbox 928 1923 966 1987; x_wconf 95' lang='lat' dir='ltr'><strong>in</strong></span> <span class='ocrx_word' id='word_1_128' title='bbox 990 1924 1179 1988; x_wconf 81' lang='lat' dir='ltr'><strong>saeculum</strong></span> <span class='ocrx_word' id='word_1_129' title='bbox 1210 1928 1247 1985; x_wconf 89' lang='lat' dir='ltr'><strong>et</strong></span> <span class='ocrx_word' id='word_1_130' title='bbox 1276 1922 1315 1985; x_wconf 93' lang='lat' dir='ltr'><strong>in</strong></span> <span class='ocrx_word' id='word_1_131' title='bbox 1336 1940 1437 1985; x_wconf 74' lang='lat' dir='ltr'><strong>sacu-</strong></span> 
     </span>
    </p>

    <p class='ocr_par' dir='ltr' id='par_1_6' title="bbox 262 2026 1438 2527">
     <span class='ocr_line' id='line_1_16' title="bbox 262 2026 1438 2110; baseline -0.006 -20"><span class='ocrx_word' id='word_1_132' title='bbox 262 2046 286 2081; x_wconf 85' lang='lat'><strong>1⁶</strong></span> <span class='ocrx_word' id='word_1_133' title='bbox 315 2027 392 2091; x_wconf 89' lang='lat' dir='ltr'><strong>lum</strong></span> <span class='ocrx_word' id='word_1_134' title='bbox 424 2026 571 2092; x_wconf 79' lang='lat' dir='ltr'><strong>saeculi.</strong></span> <span class='ocrx_word' id='word_1_135' title='bbox 616 2028 694 2090; x_wconf 86' lang='lat' dir='ltr'><strong>ratio</strong></span> <span class='ocrx_word' id='word_1_136' title='bbox 718 2032 748 2091; x_wconf 88' lang='lat' dir='ltr'><strong>et</strong></span> <span class='ocrx_word' id='word_1_137' title='bbox 770 2028 868 2092; x_wconf 88' lang='lat' dir='ltr'><strong>uirtus</strong></span> <span class='ocrx_word' id='word_1_138' title='bbox 891 2027 1079 2107; x_wconf 78' lang='lat' dir='ltr'><strong>prophetiam</strong></span> <span class='ocrx_word' id='word_1_139' title='bbox 1103 2026 1372 2110; x_wconf 79' lang='lat' dir='ltr'><strong>magniloquentiae</strong></span> <span class='ocrx_word' id='word_1_140' title='bbox 1392 2041 1438 2105; x_wconf 87' lang='lat' dir='ltr'><strong>per</strong></span> 
     </span>
     <span class='ocr_line' id='line_1_17' title="bbox 313 2125 1436 2215; baseline -0.004 -22"><span class='ocrx_word' id='word_1_141' title='bbox 313 2132 461 2195; x_wconf 85' lang='lat' dir='ltr'><strong>intentam</strong></span> <span class='ocrx_word' id='word_1_142' title='bbox 486 2131 630 2195; x_wconf 84' lang='lat' dir='ltr'><strong>audiendi</strong></span> <span class='ocrx_word' id='word_1_143' title='bbox 654 2130 847 2215; x_wconf 79' lang='lat' dir='ltr'><strong>diligentiam</strong></span> <span class='ocrx_word' id='word_1_144' title='bbox 870 2132 1026 2196; x_wconf 82' lang='lat' dir='ltr'><strong>noscenda</strong></span> <span class='ocrx_word' id='word_1_145' title='bbox 1048 2139 1101 2195; x_wconf 86' lang='lat' dir='ltr'><strong>est.</strong></span> <span class='ocrx_word' id='word_1_146' title='bbox 1146 2131 1190 2194; x_wconf 85' lang='lat' dir='ltr'><strong>ait</strong></span> <span class='ocrx_word' id='word_1_147' title='bbox 1218 2130 1318 2195; x_wconf 91' lang='lat' dir='ltr'><strong>enirn:</strong></span> <span class='ocrx_word' id='word_1_148' title='bbox 1350 2125 1436 2193; x_wconf 86' lang='lat' dir='ltr'><strong>exal·</strong></span> 
     </span>
     <span class='ocr_line' id='line_1_18' title="bbox 313 2234 1436 2313; baseline -0.005 -14"><span class='ocrx_word' id='word_1_149' title='bbox 313 2236 405 2299; x_wconf 88' lang='lat' dir='ltr'><strong>tabo</strong></span> <span class='ocrx_word' id='word_1_150' title='bbox 440 2243 485 2309; x_wconf 76' lang='lat' dir='ltr'><strong>te,</strong></span> <span class='ocrx_word' id='word_1_151' title='bbox 521 2235 619 2299; x_wconf 90' lang='lat' dir='ltr'><strong>dous</strong></span> <span class='ocrx_word' id='word_1_152' title='bbox 643 2255 751 2300; x_wconf 90' lang='lat' dir='ltr'><strong>meus</strong></span> <span class='ocrx_word' id='word_1_153' title='bbox 783 2242 820 2300; x_wconf 87' lang='lat' dir='ltr'><strong>et</strong></span> <span class='ocrx_word' id='word_1_154' title='bbox 849 2256 917 2300; x_wconf 91' lang='lat' dir='ltr'><strong>rex</strong></span> <span class='ocrx_word' id='word_1_155' title='bbox 940 2255 1059 2299; x_wconf 87' lang='lat' dir='ltr'><strong>mens.</strong></span> <span class='ocrx_word' id='word_1_156' title='bbox 1106 2234 1192 2299; x_wconf 88' lang='lat' dir='ltr'><strong>multi</strong></span> <span class='ocrx_word' id='word_1_157' title='bbox 1217 2234 1309 2300; x_wconf 89' lang='lat' dir='ltr'><strong>deum</strong></span> <span class='ocrx_word' id='word_1_158' title='bbox 1330 2253 1381 2313; x_wconf 93' lang='lat' dir='ltr'><strong>per</strong></span> <span class='ocrx_word' id='word_1_159' title='bbox 1400 2250 1436 2293; x_wconf 85' lang='lat' dir='ltr'><strong>ea.</strong></span> 
     </span>
     <span class='ocr_line' id='line_1_19' title="bbox 314 2338 1437 2423; baseline -0.009 -19"><span class='ocrx_word' id='word_1_160' title='bbox 314 2360 383 2423; x_wconf 75' lang='lat' dir='ltr'><strong>quae</strong></span> <span class='ocrx_word' id='word_1_161' title='bbox 406 2338 438 2402; x_wconf 93' lang='lat' dir='ltr'><strong>in</strong></span> <span class='ocrx_word' id='word_1_162' title='bbox 461 2340 606 2419; x_wconf 83' lang='lat' dir='ltr'><strong>oporibus</strong></span> <span class='ocrx_word' id='word_1_163' title='bbox 629 2340 736 2403; x_wconf 90' lang='lat' dir='ltr'><strong>mundi</strong></span> <span class='ocrx_word' id='word_1_164' title='bbox 763 2339 801 2403; x_wconf 87' lang='lat' dir='ltr'><strong>ab</strong></span> <span class='ocrx_word' id='word_1_165' title='bbox 825 2360 860 2403; x_wconf 91' lang='lat' dir='ltr'><strong>eo</strong></span> <span class='ocrx_word' id='word_1_166' title='bbox 882 2339 1013 2404; x_wconf 86' lang='lat' dir='ltr'><strong>instituti</strong></span> <span class='ocrx_word' id='word_1_167' title='bbox 1043 2338 1209 2419; x_wconf 74' lang='lat' dir='ltr'><strong>cognitioni</strong></span> <span class='ocrx_word' id='word_1_168' title='bbox 1238 2347 1347 2403; x_wconf 77' lang='lat' dir='ltr'><strong>nostra</strong></span> <span class='ocrx_word' id='word_1_169' title='bbox 1378 2347 1437 2400; x_wconf 85' lang='lat' dir='ltr'><strong>sum</strong></span> 
     </span>
     <span class='ocr_line' id='line_1_20' title="bbox 313 2442 1435 2527; baseline -0.005 -20"><span class='ocrx_word' id='word_1_170' title='bbox 313 2444 459 2519; x_wconf 73' lang='lat' dir='ltr'><strong>subiecta,</strong></span> <span class='ocrx_word' id='word_1_171' title='bbox 484 2442 700 2527; x_wconf 84' lang='lat' dir='ltr'><strong>magnificant;</strong></span> <span class='ocrx_word' id='word_1_172' title='bbox 731 2445 787 2507; x_wconf 89' lang='lat' dir='ltr'><strong>sed</strong></span> <span class='ocrx_word' id='word_1_173' title='bbox 809 2443 899 2524; x_wconf 87' lang='lat' dir='ltr'><strong>pauci</strong></span> <span class='ocrx_word' id='word_1_174' title='bbox 923 2452 1001 2518; x_wconf 73' lang='lat' dir='ltr'><strong>sunt,</strong></span> <span class='ocrx_word' id='word_1_175' title='bbox 1026 2444 1078 2526; x_wconf 89' lang='lat' dir='ltr'><strong>qui</strong></span> <span class='ocrx_word' id='word_1_176' title='bbox 1102 2462 1212 2525; x_wconf 83' lang='lat' dir='ltr'><strong>rogem</strong></span> <span class='ocrx_word' id='word_1_177' title='bbox 1235 2442 1295 2506; x_wconf 92' lang='lat' dir='ltr'><strong>sibi</strong></span> <span class='ocrx_word' id='word_1_178' title='bbox 1318 2442 1435 2505; x_wconf 81' lang='lat' dir='ltr'><strong>futurum</strong></span> 
     </span>
    </p>

    <p class='ocr_par' dir='ltr' id='par_1_7' title="bbox 262 2546 1434 3046">
     <span class='ocr_line' id='line_1_21' title="bbox 262 2546 1434 2631; baseline -0.01 -16"><span class='ocrx_word' id='word_1_179' title='bbox 262 2580 286 2617; x_wconf 80' lang='lat'><strong>20</strong></span> <span class='ocrx_word' id='word_1_180' title='bbox 314 2547 418 2611; x_wconf 87' lang='lat' dir='ltr'><strong>uolunt</strong></span> <span class='ocrx_word' id='word_1_181' title='bbox 441 2548 575 2625; x_wconf 88' lang='lat' dir='ltr'><strong>credere,</strong></span> <span class='ocrx_word' id='word_1_182' title='bbox 610 2549 684 2612; x_wconf 91' lang='lat' dir='ltr'><strong>dum</strong></span> <span class='ocrx_word' id='word_1_183' title='bbox 719 2554 773 2613; x_wconf 88' lang='lat' dir='ltr'><strong>aut</strong></span> <span class='ocrx_word' id='word_1_184' title='bbox 806 2566 912 2611; x_wconf 90' lang='lat' dir='ltr'><strong>curam</strong></span> <span class='ocrx_word' id='word_1_185' title='bbox 945 2554 1061 2631; x_wconf 83' lang='lat' dir='ltr'><strong>negant</strong></span> <span class='ocrx_word' id='word_1_186' title='bbox 1091 2546 1296 2610; x_wconf 89' lang='lat' dir='ltr'><strong>humanorum</strong></span> <span class='ocrx_word' id='word_1_187' title='bbox 1327 2561 1434 2625; x_wconf 90' lang='lat' dir='ltr'><strong>operum</strong></span> 
     </span>
     <span class='ocr_line' id='line_1_22' title="bbox 314 2651 1434 2734; baseline -0.006 -19"><span class='ocrx_word' id='word_1_188' title='bbox 314 2654 370 2715; x_wconf 87' lang='lat' dir='ltr'><strong>deo</strong></span> <span class='ocrx_word' id='word_1_189' title='bbox 405 2671 473 2717; x_wconf 86' lang='lat' dir='ltr'><strong>esso</strong></span> <span class='ocrx_word' id='word_1_190' title='bbox 507 2657 559 2715; x_wconf 85' lang='lat' dir='ltr'><strong>out</strong></span> <span class='ocrx_word' id='word_1_191' title='bbox 592 2652 630 2715; x_wconf 88' lang='lat' dir='ltr'><strong>ad</strong></span> <span class='ocrx_word' id='word_1_192' title='bbox 665 2651 885 2716; x_wconf 88' lang='lat' dir='ltr'><strong>consolandam</strong></span> <span class='ocrx_word' id='word_1_193' title='bbox 921 2672 1033 2728; x_wconf 76' lang='lat' dir='ltr'><strong>eornm,</strong></span> <span class='ocrx_word' id='word_1_194' title='bbox 1079 2671 1149 2734; x_wconf 78' lang='lat' dir='ltr'><strong>qum</strong></span> <span class='ocrx_word' id='word_1_195' title='bbox 1185 2651 1281 2733; x_wconf 89' lang='lat' dir='ltr'><strong>impie</strong></span> <span class='ocrx_word' id='word_1_196' title='bbox 1315 2653 1434 2731; x_wconf 82' lang='lat' dir='ltr'><strong>egerunt</strong></span> 
     </span>
     <span class='ocr_line' id='line_1_23' title="bbox 313 2750 1433 2836; baseline -0.007 -18"><span class='ocrx_word' id='word_1_197' title='bbox 313 2755 533 2820; x_wconf 83' lang='lat' dir='ltr'><strong>conscientiam</strong></span> <span class='ocrx_word' id='word_1_198' title='bbox 568 2766 757 2836; x_wconf 67' lang='lat' dir='ltr'><strong>presumpta</strong></span> <span class='ocrx_word' id='word_1_199' title='bbox 791 2755 901 2821; x_wconf 73' lang='lat' dir='ltr'><strong>animae</strong></span> <span class='ocrx_word' id='word_1_200' title='bbox 932 2761 963 2819; x_wconf 89' lang='lat' dir='ltr'><strong>et</strong></span> <span class='ocrx_word' id='word_1_201' title='bbox 993 2756 1129 2836; x_wconf 89' lang='lat' dir='ltr'><strong>corporis</strong></span> <span class='ocrx_word' id='word_1_202' title='bbox 1159 2754 1321 2819; x_wconf 88' lang='lat' dir='ltr'><strong>abolitione</strong></span> <span class='ocrx_word' id='word_1_203' title='bbox 1343 2750 1433 2816; x_wconf 88' lang='lat' dir='ltr'><strong>nolunt</strong></span> 
     </span>
     <span class='ocr_line' id='line_1_24' title="bbox 313 2853 1434 2925; baseline -0.008 -1"><span class='ocrx_word' id='word_1_204' title='bbox 313 2859 451 2924; x_wconf 91' lang='lat' dir='ltr'><strong>diuinum</strong></span> <span class='ocrx_word' id='word_1_205' title='bbox 483 2861 513 2924; x_wconf 90' lang='lat' dir='ltr'><strong>in</strong></span> <span class='ocrx_word' id='word_1_206' title='bbox 544 2861 641 2925; x_wconf 89' lang='lat' dir='ltr'><strong>bonos</strong></span> <span class='ocrx_word' id='word_1_207' title='bbox 672 2867 701 2925; x_wconf 91' lang='lat' dir='ltr'><strong>et</strong></span> <span class='ocrx_word' id='word_1_208' title='bbox 730 2860 830 2925; x_wconf 87' lang='lat' dir='ltr'><strong>malos</strong></span> <span class='ocrx_word' id='word_1_209' title='bbox 864 2860 1060 2925; x_wconf 87' lang='lat' dir='ltr'><strong>constitutum</strong></span> <span class='ocrx_word' id='word_1_210' title='bbox 1096 2879 1165 2924; x_wconf 91' lang='lat' dir='ltr'><strong>esse</strong></span> <span class='ocrx_word' id='word_1_211' title='bbox 1196 2858 1349 2923; x_wconf 86' lang='lat' dir='ltr'><strong>iudicium.</strong></span> <span class='ocrx_word' id='word_1_212' title='bbox 1388 2853 1434 2918; x_wconf 87' lang='lat' dir='ltr'><strong>sed</strong></span> 
     </span>
     <span class='ocr_line' id='line_1_25' title="bbox 313 2960 1434 3046; baseline -0.008 -19"><span class='ocrx_word' id='word_1_213' title='bbox 313 2963 464 3044; x_wconf 89' lang='lat' dir='ltr'><strong>propheta</strong></span> <span class='ocrx_word' id='word_1_214' title='bbox 487 2963 559 3029; x_wconf 88' lang='lat' dir='ltr'><strong>binc</strong></span> <span class='ocrx_word' id='word_1_215' title='bbox 583 2964 772 3044; x_wconf 70' lang='lat' dir='ltr'><strong>predicandi</strong></span> <span class='ocrx_word' id='word_1_216' title='bbox 805 2964 855 3028; x_wconf 89' lang='lat' dir='ltr'><strong>dei</strong></span> <span class='ocrx_word' id='word_1_217' title='bbox 878 2963 972 3028; x_wconf 88' lang='lat' dir='ltr'><strong>sumit</strong></span> <span class='ocrx_word' id='word_1_218' title='bbox 1001 2964 1170 3039; x_wconf 79' lang='lat' dir='ltr'><strong>exordium,</strong></span> <span class='ocrx_word' id='word_1_219' title='bbox 1200 2964 1283 3046; x_wconf 90' lang='lat' dir='ltr'><strong>qnod</strong></span> <span class='ocrx_word' id='word_1_220' title='bbox 1312 2960 1365 3025; x_wconf 88' lang='lat' dir='ltr'><strong>sibi</strong></span> <span class='ocrx_word' id='word_1_221' title='bbox 1390 2975 1434 3021; x_wconf 84' lang='lat' dir='ltr'><strong>rex</strong></span> 
     </span>
    </p>

    <p class='ocr_par' dir='ltr' id='par_1_8' title="bbox 260 3064 1433 3569">
     <span class='ocr_line' id='line_1_26' title="bbox 260 3064 1433 3150; baseline -0.008 -18"><span class='ocrx_word' id='word_1_222' title='bbox 260 3095 286 3133; x_wconf 74' lang='lat' dir='ltr'><strong>aa</strong></span> <span class='ocrx_word' id='word_1_223' title='bbox 312 3067 360 3131; x_wconf 90' lang='lat' dir='ltr'><strong>sit.</strong></span> <span class='ocrx_word' id='word_1_224' title='bbox 406 3069 462 3132; x_wconf 91' lang='lat' dir='ltr'><strong>sed</strong></span> <span class='ocrx_word' id='word_1_225' title='bbox 485 3074 515 3133; x_wconf 87' lang='lat' dir='ltr'><strong>el</strong></span> <span class='ocrx_word' id='word_1_226' title='bbox 536 3088 618 3132; x_wconf 89' lang='lat' dir='ltr'><strong>nunc</strong></span> <span class='ocrx_word' id='word_1_227' title='bbox 642 3066 768 3150; x_wconf 90' lang='lat' dir='ltr'><strong>quidem</strong></span> <span class='ocrx_word' id='word_1_228' title='bbox 792 3087 905 3131; x_wconf 88' lang='lat' dir='ltr'><strong>nomen</strong></span> <span class='ocrx_word' id='word_1_229' title='bbox 929 3068 1005 3147; x_wconf 85' lang='lat' dir='ltr'><strong>eius,</strong></span> <span class='ocrx_word' id='word_1_230' title='bbox 1029 3068 1082 3150; x_wconf 90' lang='lat' dir='ltr'><strong>qui</strong></span> <span class='ocrx_word' id='word_1_231' title='bbox 1105 3067 1163 3131; x_wconf 84' lang='lat' dir='ltr'><strong>sibi</strong></span> <span class='ocrx_word' id='word_1_232' title='bbox 1187 3087 1240 3129; x_wconf 83' lang='lat' dir='ltr'><strong>rex</strong></span> <span class='ocrx_word' id='word_1_233' title='bbox 1264 3074 1351 3149; x_wconf 89' lang='lat' dir='ltr'><strong>atque</strong></span> <span class='ocrx_word' id='word_1_234' title='bbox 1370 3064 1433 3125; x_wconf 88' lang='lat' dir='ltr'><strong>deus</strong></span> 
     </span>
     <span class='ocr_line' id='line_1_27' title="bbox 313 3168 1432 3255; baseline -0.01 -19"><span class='ocrx_word' id='word_1_235' title='bbox 313 3173 359 3249; x_wconf 80' lang='lat' dir='ltr'><strong>sit,</strong></span> <span class='ocrx_word' id='word_1_236' title='bbox 383 3172 421 3235; x_wconf 92' lang='lat' dir='ltr'><strong>ob</strong></span> <span class='ocrx_word' id='word_1_237' title='bbox 446 3172 690 3252; x_wconf 78' lang='lat' dir='ltr'><strong>expectationem</strong></span> <span class='ocrx_word' id='word_1_238' title='bbox 711 3172 799 3255; x_wconf 83' lang='lat' dir='ltr'><strong>regni</strong></span> <span class='ocrx_word' id='word_1_239' title='bbox 824 3170 987 3248; x_wconf 80' lang='lat' dir='ltr'><strong>benedicit,</strong></span> <span class='ocrx_word' id='word_1_240' title='bbox 1021 3190 1091 3235; x_wconf 83' lang='lat' dir='ltr'><strong>eum</strong></span> <span class='ocrx_word' id='word_1_241' title='bbox 1122 3172 1178 3235; x_wconf 89' lang='lat' dir='ltr'><strong>ait:</strong></span> <span class='ocrx_word' id='word_1_242' title='bbox 1214 3168 1432 3235; x_wconf 88' lang='lat' dir='ltr'><strong>benedicam</strong></span> 
     </span>
     <span class='ocr_line' id='line_1_28' title="bbox 312 3270 1431 3358; baseline -0.01 -19"><span class='ocrx_word' id='word_1_243' title='bbox 312 3297 450 3340; x_wconf 89' lang='lat' dir='ltr'><strong>nornen</strong></span> <span class='ocrx_word' id='word_1_244' title='bbox 477 3281 584 3341; x_wconf 87' lang='lat' dir='ltr'><strong>tuum</strong></span> <span class='ocrx_word' id='word_1_245' title='bbox 615 3276 651 3338; x_wconf 92' lang='lat' dir='ltr'><strong>in</strong></span> <span class='ocrx_word' id='word_1_246' title='bbox 684 3275 884 3339; x_wconf 73' lang='lat' dir='ltr'><strong>saeculum.</strong></span> <span class='ocrx_word' id='word_1_247' title='bbox 929 3278 985 3339; x_wconf 90' lang='lat' dir='ltr'><strong>sed</strong></span> <span class='ocrx_word' id='word_1_248' title='bbox 1008 3275 1083 3358; x_wconf 87' lang='lat' dir='ltr'><strong>quia</strong></span> <span class='ocrx_word' id='word_1_249' title='bbox 1105 3275 1163 3339; x_wconf 86' lang='lat' dir='ltr'><strong>scit</strong></span> <span class='ocrx_word' id='word_1_250' title='bbox 1185 3294 1218 3339; x_wconf 94' lang='lat' dir='ltr'><strong>se</strong></span> <span class='ocrx_word' id='word_1_251' title='bbox 1241 3272 1364 3358; x_wconf 80' lang='lat' dir='ltr'><strong>gratiam</strong></span> <span class='ocrx_word' id='word_1_252' title='bbox 1386 3270 1431 3331; x_wconf 82' lang='lat' dir='ltr'><strong>deo</strong></span> 
     </span>
     <span class='ocr_line' id='line_1_29' title="bbox 312 3374 1431 3463; baseline -0.012 -19"><span class='ocrx_word' id='word_1_253' title='bbox 312 3386 403 3463; x_wconf 88' lang='lat' dir='ltr'><strong>atque</strong></span> <span class='ocrx_word' id='word_1_254' title='bbox 427 3381 494 3463; x_wconf 85' lang='lat' dir='ltr'><strong>regi</strong></span> <span class='ocrx_word' id='word_1_255' title='bbox 517 3400 571 3443; x_wconf 89' lang='lat' dir='ltr'><strong>suo</strong></span> <span class='ocrx_word' id='word_1_256' title='bbox 595 3380 686 3443; x_wconf 88' lang='lat' dir='ltr'><strong>etiarn</strong></span> <span class='ocrx_word' id='word_1_257' title='bbox 710 3392 785 3455; x_wconf 90' lang='lat' dir='ltr'><strong>turn,</strong></span> <span class='ocrx_word' id='word_1_258' title='bbox 809 3400 876 3443; x_wconf 81' lang='lat' dir='ltr'><strong>cunr</strong></span> <span class='ocrx_word' id='word_1_259' title='bbox 901 3380 933 3442; x_wconf 93' lang='lat' dir='ltr'><strong>in</strong></span> <span class='ocrx_word' id='word_1_260' title='bbox 956 3398 1053 3462; x_wconf 85' lang='lat' dir='ltr'><strong>regno</strong></span> <span class='ocrx_word' id='word_1_261' title='bbox 1076 3378 1142 3443; x_wconf 89' lang='lat' dir='ltr'><strong>eius</strong></span> <span class='ocrx_word' id='word_1_262' title='bbox 1163 3386 1303 3454; x_wconf 78' lang='lat' dir='ltr'><strong>maneat,</strong></span> <span class='ocrx_word' id='word_1_263' title='bbox 1326 3374 1431 3439; x_wconf 85' lang='lat' dir='ltr'><strong>debere.</strong></span> 
     </span>
     <span class='ocr_line' id='line_1_30' title="bbox 312 3474 1430 3569; baseline -0.012 -21"><span class='ocrx_word' id='word_1_264' title='bbox 312 3486 385 3569; x_wconf 89' lang='lat' dir='ltr'><strong>quia</strong></span> <span class='ocrx_word' id='word_1_265' title='bbox 408 3486 564 3548; x_wconf 85' lang='lat' dir='ltr'><strong>demutata</strong></span> <span class='ocrx_word' id='word_1_266' title='bbox 587 3484 694 3547; x_wconf 90' lang='lat' dir='ltr'><strong>caduci</strong></span> <span class='ocrx_word' id='word_1_267' title='bbox 719 3483 855 3563; x_wconf 89' lang='lat' dir='ltr'><strong>corporis</strong></span> <span class='ocrx_word' id='word_1_268' title='bbox 890 3482 937 3547; x_wconf 90' lang='lat' dir='ltr'><strong>sui</strong></span> <span class='ocrx_word' id='word_1_269' title='bbox 969 3481 1148 3547; x_wconf 87' lang='lat' dir='ltr'><strong>infirmita-te</strong></span> <span class='ocrx_word' id='word_1_270' title='bbox 1178 3481 1359 3563; x_wconf 89' lang='lat' dir='ltr'><strong>depulsoque</strong></span> <span class='ocrx_word' id='word_1_271' title='bbox 1382 3474 1430 3538; x_wconf 93' lang='lat' dir='ltr'><strong>ini·</strong></span> 
     </span>
    </p>

    <p class='ocr_par' dir='ltr' id='par_1_9' title="bbox 259 3581 1430 3965">
     <span class='ocr_line' id='line_1_31' title="bbox 259 3581 1430 3670; baseline -0.013 -17"><span class='ocrx_word' id='word_1_272' title='bbox 259 3626 283 3661; x_wconf 82' lang='lat' dir='ltr'><strong>ao</strong></span> <span class='ocrx_word' id='word_1_273' title='bbox 312 3589 400 3653; x_wconf 79' lang='lat' dir='ltr'><strong>micae</strong></span> <span class='ocrx_word' id='word_1_274' title='bbox 425 3588 532 3653; x_wconf 89' lang='lat' dir='ltr'><strong>mortis</strong></span> <span class='ocrx_word' id='word_1_275' title='bbox 555 3588 684 3667; x_wconf 89' lang='lat' dir='ltr'><strong>imperio</strong></span> <span class='ocrx_word' id='word_1_276' title='bbox 708 3587 775 3670; x_wconf 86' lang='lat' dir='ltr'><strong>regi</strong></span> <span class='ocrx_word' id='word_1_277' title='bbox 798 3607 852 3651; x_wconf 89' lang='lat' dir='ltr'><strong>suo</strong></span> <span class='ocrx_word' id='word_1_278' title='bbox 876 3586 1045 3651; x_wconf 85' lang='lat' dir='ltr'><strong>conformis</strong></span> <span class='ocrx_word' id='word_1_279' title='bbox 1069 3594 1099 3651; x_wconf 88' lang='lat' dir='ltr'><strong>et</strong></span> <span class='ocrx_word' id='word_1_280' title='bbox 1121 3593 1292 3650; x_wconf 83' lang='lat' dir='ltr'><strong>coaeternus</strong></span> <span class='ocrx_word' id='word_1_281' title='bbox 1310 3581 1430 3647; x_wconf 87' lang='lat' dir='ltr'><strong>adsistat.</strong></span> 
     </span>
     <span class='ocr_line' id='line_1_32' title="bbox 311 3680 1430 3765; baseline -0.013 -8"><span class='ocrx_word' id='word_1_282' title='bbox 311 3692 435 3757; x_wconf 83' lang='lat' dir='ltr'><strong>adiecit:</strong></span> <span class='ocrx_word' id='word_1_283' title='bbox 467 3699 505 3757; x_wconf 88' lang='lat' dir='ltr'><strong>et</strong></span> <span class='ocrx_word' id='word_1_284' title='bbox 528 3680 564 3755; x_wconf 80' lang='lat' dir='ltr'><strong>in</strong></span> <span class='ocrx_word' id='word_1_285' title='bbox 601 3690 792 3755; x_wconf 81' lang='lat' dir='ltr'><strong>saeculum</strong></span> <span class='ocrx_word' id='word_1_286' title='bbox 823 3690 972 3765; x_wconf 83' lang='lat' dir='ltr'><strong>saeeuli,</strong></span> <span class='ocrx_word' id='word_1_287' title='bbox 996 3691 1027 3755; x_wconf 93' lang='lat' dir='ltr'><strong>id</strong></span> <span class='ocrx_word' id='word_1_288' title='bbox 1050 3691 1148 3754; x_wconf 89' lang='lat' dir='ltr'><strong>estin</strong></span> <span class='ocrx_word' id='word_1_289' title='bbox 1171 3689 1224 3753; x_wconf 93' lang='lat' dir='ltr'><strong>illo</strong></span> <span class='ocrx_word' id='word_1_290' title='bbox 1247 3686 1359 3754; x_wconf 76' lang='lat' dir='ltr'><strong>seculo.</strong></span> <span class='ocrx_word' id='word_1_291' title='bbox 1379 3701 1430 3764; x_wconf 74' lang='lat' dir='ltr'><strong>qur»</strong></span> 
     </span>
     <span class='ocr_line' id='line_1_33' title="bbox 310 3784 1428 3875; baseline -0.013 -16"><span class='ocrx_word' id='word_1_292' title='bbox 310 3796 415 3861; x_wconf 86' lang='lat' dir='ltr'><strong>babitu</strong></span> <span class='ocrx_word' id='word_1_293' title='bbox 440 3796 543 3861; x_wconf 80' lang='lat' dir='ltr'><strong>saeculi</strong></span> <span class='ocrx_word' id='word_1_294' title='bbox 570 3795 659 3859; x_wconf 87' lang='lat' dir='ltr'><strong>huius</strong></span> <span class='ocrx_word' id='word_1_295' title='bbox 683 3803 822 3875; x_wconf 88' lang='lat' dir='ltr'><strong>exempto</strong></span> <span class='ocrx_word' id='word_1_296' title='bbox 846 3795 908 3858; x_wconf 89' lang='lat' dir='ltr'><strong>iarn</strong></span> <span class='ocrx_word' id='word_1_297' title='bbox 930 3801 963 3859; x_wconf 90' lang='lat' dir='ltr'><strong>ut</strong></span> <span class='ocrx_word' id='word_1_298' title='bbox 985 3793 1129 3859; x_wconf 85' lang='lat' dir='ltr'><strong>saeoulurn</strong></span> <span class='ocrx_word' id='word_1_299' title='bbox 1152 3792 1257 3858; x_wconf 80' lang='lat' dir='ltr'><strong>saecnli</strong></span> <span class='ocrx_word' id='word_1_300' title='bbox 1273 3784 1428 3856; x_wconf 78' lang='lat' dir='ltr'><strong>aeternitatis</strong></span> 
     </span>
     <span class='ocr_line' id='line_1_34' title="bbox 311 3900 733 3965; baseline -0.002 0"><span class='ocrx_word' id='word_1_301' title='bbox 311 3900 505 3965; x_wconf 88' lang='lat' dir='ltr'><strong>successione</strong></span> <span class='ocrx_word' id='word_1_302' title='bbox 528 3900 733 3964; x_wconf 88' lang='lat' dir='ltr'><strong>renouabitur.</strong></span> 
     </span>
    </p>
   </div>
   <div class='ocr_carea' id='block_1_5' title="bbox 310 4094 1427 4355">
    <p class='ocr_par' dir='ltr' id='par_1_10' title="bbox 310 4094 1427 4355">
     <span class='ocr_line' id='line_1_35' title="bbox 354 4094 1426 4181; baseline -0.011 -20"><span class='ocrx_word' id='word_1_303' title='bbox 354 4094 1426 4181; x_wconf 39' lang='lat' dir='ltr'><strong>mmfflbmmmffldffldemfflffl</strong></span> 
     </span>
     <span class='ocr_line' id='line_1_36' title="bbox 311 4178 1427 4263; baseline -0.013 -14"><span class='ocrx_word' id='word_1_304' title='bbox 311 4178 1427 4263; x_wconf 54' lang='lat' dir='ltr'><strong>mfflw7fflmmmmssffifflfflafflwmmME</strong></span> 
     </span>
     <span class='ocr_line' id='line_1_37' title="bbox 310 4271 1425 4355; baseline -0.016 -20"><span class='ocrx_word' id='word_1_305' title='bbox 310 4271 1425 4355; x_wconf 45' lang='lat' dir='ltr'><strong>mmfflwmffssfflmmRfflmmfflmm</strong></span> 
     </span>
    </p>
   </div>
   <div class='ocr_carea' id='block_1_6' title="bbox 0 0 1542 4967">
    <p class='ocr_par' dir='ltr' id='par_1_11' title="bbox 0 0 1542 4967">
     <span class='ocr_line' id='line_1_38' title="bbox 0 0 1542 4967; baseline 0 3"><span class='ocrx_word' id='word_1_306' title='bbox 0 0 1542 4967; x_wconf 95' lang='lat' dir='ltr'><strong> </strong></span> 
     </span>
    </p>
   </div>
  </div>
 </body>
</html>
