3075 4967
568 307 763 361 Praetutia.
1162 306 1237 371 XIX

98 518 236 580 rnernque
259 499 488 563 emendationes
511 498 683 562 accuratius
700 498 846 577 expositae
862 503 942 568 sunt,
966 499 1148 579 inspiciant:
1173 504 1238 561 tum

97 603 125 666 id
156 600 235 665 milri
266 621 464 667 concessuros
494 620 564 666 esse
595 599 696 681 spero,
732 600 942 665 fundamentis
966 601 995 664 in
1020 607 1126 665 nostro
1150 599 1239 678 libro,

96 706 202 787 quire
235 726 307 769 nera
330 726 445 770 nonum
482 705 677 786 premebatur
710 706 739 767 in
775 724 898 779 annum,
932 704 1097 789 diligenter
1130 705 1239 785 positis

95 814 208 873 textum
234 808 325 874 buius
348 811 450 889 operis
474 808 624 873 Hilariani
648 816 692 872 tot
714 808 944 875 difficultatibus
961 810 1079 873 onerati
1096 808 1238 889 plurimis

96 912 165 977 lais
199 934 220 976 a
256 911 347 979 loedis
381 914 535 978 erro1ibus
570 932 640 977 esse
679 912 843 977 liberatum
882 913 1045 996 ipsumque
1079 913 1237 993 scriptoris

95 1017 215 1081 dicendi
241 1017 368 1081 modurn
400 1038 480 1081 nunc
510 1018 635 1081 demum
667 1036 704 1082 er
735 1016 823 1080 libris
846 1037 940 1080 manu
963 1017 1087 1096 scriptis
1111 1018 1237 1097 optimis

95 1119 202 1185 melius
226 1120 433 1185 inlustratum.
478 1122 598 1186 indices
622 1126 778 1200 postremo
802 1118 895 1185 huius
918 1121 1064 1185 editionis
1087 1120 1244 1187 uolumini.

93 1226 313 1309 adiungentur.

133 1328 306 1411 Postquam
331 1330 401 1394 aliis
423 1330 497 1394 uiris
528 1329 633 1403 doctis
658 1330 708 1413 qui
733 1329 763 1391 in
790 1328 846 1392 hoc
870 1328 964 1412 longo
983 1329 1086 1393 labore
1103 1330 1237 1412 quodam

94 1432 179 1496 nitido
204 1452 258 1497 me
280 1433 432 1505 iuuerunt,
456 1434 518 1497 ianr
543 1434 616 1497 alibi
639 1434 756 1517 gratias
780 1435 840 1516 egi,
865 1432 923 1497 boc
946 1432 1010 1497 loco
1029 1439 1118 1516 grato
1134 1432 1238 1495 animo

93 1536 165 1601 milri
197 1538 384 1601 nominandi
414 1544 499 1601 sunt:
534 1535 716 1601 Guilelmus
746 1536 785 1600 dc
814 1536 942 1612 Harrei,
960 1533 1025 1620 'qui
1055 1536 1175 1615 primus
1198 1537 1238 1599 ad

92 1640 144 1703 troc
167 1661 247 1721 opus
273 1640 483 1705 incohandum
508 1662 558 1705 me
584 1641 729 1706 excitauit
751 1660 796 1716 ac,
827 1660 890 1724 qna
904 1646 953 1705 est
967 1639 1184 1715 beniuolentia,
1206 1640 1236 1703 in

92 1764 124 1807 eo
146 1745 367 1827 persequendo
391 1764 516 1825 semper
539 1766 589 1809 me
605 1744 730 1820 adiuuit,
746 1741 884 1809 Carolus
899 1743 1047 1823 Schenkl,
1070 1751 1239 1823 praeeeptor

91 1850 231 1927 optimus,
258 1849 314 1932 qni
338 1869 462 1914 summa
484 1849 668 1914 liberalitate
690 1849 793 1912 uarias
823 1850 1056 1913 obseruationes
1089 1848 1238 1913 emenda-

92 1952 250 2035 tionesque
277 1972 403 2017 meeum
427 1953 671 2025 communicauit,
696 1951 927 2017 Hartmaaoos
948 1950 1079 2032 cosor,
1110 1950 1237 2034 conlega

92 2057 196 2121 doctus
220 2076 259 2122 ac
284 2058 393 2132 cornis,
428 2058 480 2140 qni
509 2058 654 2140 quadam
685 2078 722 2121 err
753 2057 912 2121 codicibus
948 2056 1106 2121 Vaticanis
1131 2074 1239 2120 recen·

93 2162 215 2226 rioribus
239 2162 347 2226 denuo
370 2160 478 2225 Rcmae
502 2181 607 2226 meum
632 2161 662 2225 in
686 2182 777 2227 usum
801 2160 936 2236 contulit,
959 2160 1111 2247 Iosephus
1126 2160 1240 2244 frater

93 2286 183 2343 orcos,
219 2264 367 2329 ecelesia
401 2264 590 2330 cathedralis
621 2264 810 2331 Tridentinae
845 2265 1018 2341 canonicus,
1052 2266 1104 2347 qui
1128 2264 1240 2328 mullas

91 2365 226 2451 plagulas
260 2368 398 2453 perlegit
427 2388 463 2435 ac
493 2370 665 2449 prasertim
697 2370 736 2433 ad
766 2369 974 2448 ascriptores
1008 2368 1102 2444 locos,
1133 2369 1239 2452 quiin

93 2470 145 2537 boc
166 2492 265 2553 opere
290 2473 404 2538 totiens
428 2473 483 2538 sed
506 2494 567 2537 non
590 2473 705 2556 ubique
726 2473 801 2537 satis
817 2471 949 2538 dilucide
966 2474 1135 2547 laudantur,
1159 2492 1240 2537 nune

92 2578 260 2642 accuratius
277 2577 516 2661 inuestigandos
532 2578 627 2643 multa
643 2578 816 2643 contribuit.
853 2578 885 2640 in
902 2576 1034 2661 plagulis
1050 2578 1240 2662 corrigendis

91 2678 239 2760 losepbus
264 2681 353 2745 filius
376 2681 542 2765 diligenter
564 2702 615 2746 me
638 2683 763 2746 adiuuit.

132 2869 251 2936 Dabam
278 2871 455 2951 Oeniponte
479 2892 585 2938 mense
609 2872 785 2955 Septembri
808 2894 834 2936 a.
851 2894 879 2953 p.
897 2872 969 2936 (lbr.
987 2894 1015 2936 n.
1032 2870 1240 2937 Modoura.

674 3082 911 3155 ANTONIVS
939 3082 1187 3157 ZINGERLE.
