3075 4967
276 295 338 359 552
610 296 728 350 sancti
752 295 887 350 Hilarii
911 297 1074 365 episcopi

275 485 550 566 utaddiscipulos:
575 506 691 570 quem
714 506 772 551 me
795 487 935 551 dicunt
958 484 1168 552 homines?
1190 506 1261 550 uos
1284 492 1402 550 autern

276 591 370 673 quid
394 590 559 656 dicitis?
604 610 662 654 non
695 590 746 656 ille
777 592 880 657 doceri
913 590 986 668 uult,
1021 593 1075 675 qui
1106 597 1247 656 scmtans
1269 589 1358 655 corde
1378 595 1403 652 et
1519 612 1522 627 ·

274 712 365 758 renes
389 696 466 759 deus
490 700 544 771 eet,
576 695 796 776 cogitationum
820 702 992 761 nostrarum
1015 697 1171 775 inspector
1194 700 1251 772 est,
1281 695 1336 758 sed
1358 711 1404 773 per

274 798 500 863 consessionem
542 799 799 882 interrogatorum
834 806 886 864 eut
918 800 1053 879 pcccatis
1088 799 1212 865 ueniam
1251 805 1305 862 aut
1340 795 1404 861 fidei

235 929 247 965 s
276 901 425 967 honorem
448 903 624 968 redditums
647 904 827 988 interroget.
872 904 1006 987 denique
1023 904 1126 968 Adam
1142 903 1301 968 consessus
1316 899 1404 966 ueuiae

275 1012 449 1072 reseruatus
473 1012 504 1071 et
526 1006 715 1091 glorificatus
730 1007 761 1071 in
778 1005 902 1073 Christo
926 1015 987 1072 est:
1023 1007 1097 1071 cain
1115 1027 1234 1091 negans
1250 1005 1404 1071 meledicto
1519 1076 1523 1087 Ι

275 1109 388 1174 diaboli
421 1114 601 1194 adaequatus
636 1119 697 1189 est;
733 1117 781 1177 est
814 1112 898 1176 enim
931 1114 994 1175 iam
1017 1133 1036 1176 a
1059 1111 1209 1192 print-ipio
1233 1112 1404 1194 designatus

275 1211 439 1279 homicida·
484 1214 625 1280 confessu
660 1215 771 1280 mulier
804 1216 865 1280 fide
900 1221 1008 1280 senata
1031 1221 1095 1295 est;
1129 1217 1321 1296 respondens
1349 1213 1404 1277 ride

276 1317 384 1382 Petrus
408 1317 512 1383 claues
535 1318 601 1384 crrli
625 1320 749 1384 sortitus
780 1325 834 1384 rst.
881 1325 973 1403 etque
1006 1321 1049 1383 ita
1082 1339 1172 1384 omne
1206 1319 1272 1400 spei
1302 1325 1404 1382 nostre

223 1447 248 1484 10
275 1422 437 1501 praemium
464 1423 494 1487 in
526 1423 718 1488 confessione
752 1424 900 1501 consistit,
933 1431 968 1488 ut
1000 1443 1046 1500 ea,
1081 1443 1149 1507 quae
1180 1422 1325 1506 consequi
1353 1440 1404 1484 nos

274 1547 365 1607 posse
389 1527 583 1604 credidimus
607 1535 824 1592 consecuturos
848 1547 917 1593 esse
941 1533 1101 1592 testemur.

320 1632 368 1697 12.
397 1631 434 1696 lit
456 1633 572 1698 idcirco
596 1635 740 1715 quaedam
765 1654 784 1697 u
806 1632 957 1713 propheta
990 1633 1242 1716 interrogationis
1263 1638 1310 1696 est
1330 1631 1405 1695 secta

274 1737 448 1815 conuersi0;
471 1738 526 1801 sed
550 1737 622 1801 fidei
645 1738 741 1820 digne
763 1744 928 1802 consecute
942 1739 1102 1818 responsio
1119 1743 1176 1802 est.
1221 1737 1260 1800 nd
1276 1737 1306 1800 id
1321 1735 1403 1804 enim,

274 1843 356 1922 quod
373 1841 537 1924 quesitum
558 1849 620 1906 est:
644 1843 741 1925 quid
764 1844 885 1907 detur
907 1841 983 1906 tibi
1007 1849 1044 1906 et
1067 1842 1163 1925 quid
1187 1842 1404 1921 adponatur

223 1965 247 2003 ιε
275 1944 350 2010 tibi
384 1949 430 2011 ad
463 1945 646 2030 linguam
682 1946 888 2012 dolosam?
922 1947 954 2011 id
989 1951 1050 2011 est:
1086 1947 1162 2029 quid
1186 1945 1241 2009 tibi
1264 1945 1403 2009 aduersus

276 2047 441 2113 falsitatem
465 2051 530 2114 eius
561 2050 696 2134 praesidii
726 2047 908 2115 adseratur?
942 2068 1125 2130 responsum
1155 2053 1219 2114 est:
1250 2049 1402 2132 sagitte

275 2158 462 2233 potentes
485 2160 609 2220 ecuteu
632 2175 715 2220 cum
740 2155 989 2220 carbonibus
1013 2153 1293 2219 desolatoriis.
1336 2151 1402 2216 sole

274 2258 357 2322 euim
391 2268 463 2322 sunt
497 2259 612 2322 domini
648 2265 788 2342 potentes
822 2265 854 2324 et
875 2266 973 2324 acute
1007 2262 1137 2342 sagit-ta,
1170 2278 1241 2340 quse
1274 2257 1402 2340 linguam

274 2361 411 2426 dolosam
441 2361 545 2427 ualent
575 2362 730 2447 conligere
761 2363 912 2428 habentes
946 2364 976 2427 in
1000 2383 1034 2428 se
1057 2363 1203 2428 uirtutem
1232 2361 1402 2442 perurendae

222 2483 246 2522 ao
275 2465 486 2530 fraudulentiae
509 2474 603 2550 atque
626 2470 799 2545 uastandae;
823 2469 862 2532 de
886 2467 998 2550 quibus
1014 2467 1045 2530 in
1062 2467 1193 2547 septimo
1215 2465 1333 2546 psalmo
1354 2464 1401 2528 eit:

274 2571 452 2652 sagittas
474 2589 566 2635 sues
596 2572 752 2636 arsuris
783 2583 977 2651 operatus
1008 2580 1086 2647 est3
1111 2589 1179 2652 quae
1203 2570 1262 2634 sibi
1286 2577 1402 2652 utreque

273 2674 466 2738 conueniunt.
513 2675 561 2739 dei
592 2676 672 2740 eninr
702 2676 833 2740 uerbum
864 2694 986 2741 omnem
1021 2675 1189 2759 nequitiam
1221 2673 1347 2756 conligit
1376 2677 1402 2736 et

273 2797 396 2842 omnem
420 2798 547 2844 sensum
570 2779 746 2859 petulantiae
762 2778 961 2844 conuulnemt
976 2785 1007 2844 et
1021 2780 1123 2859 ipsum
1139 2777 1227 2843 illum
1243 2777 1401 2843 uehemen-

274 2883 428 2946 tissimum
458 2883 566 2947 mortis
595 2882 734 2948 eculeum
768 2883 945 2966 conpungit.
991 2901 1124 2964 namque
1161 2887 1304 2961 peccetur
1340 2898 1400 2944 cunr

223 3003 248 3042 ee
274 2987 379 3052 audiet
401 2987 495 3051 deum
517 2992 675 3064 aeternum,
699 2990 792 3052 deum
816 2987 924 3051 mundi
940 2987 1137 3063 conditorem,
1161 2988 1256 3050 deum
1271 2985 1400 3079 iudicem.

318 3138 327 3186 1
349 3135 448 3190 Matth.
467 3135 538 3204 XVI,
559 3137 591 3188 13
609 3153 649 3203 sq.
684 3138 716 3190 21
737 3136 779 3190 Ps.
799 3135 859 3202 VII,
879 3137 920 3189 14.

317 3253 329 3304 l
349 3247 474 3303 homines
492 3250 544 3302 RT
562 3247 603 3316 (G
610 3247 634 3314 t)
653 3248 778 3302 homines
796 3248 885 3301 filium
904 3247 1023 3301 hominis
1042 3248 1070 3299 E
1119 3248 1224 3314 dquid
1236 3248 1314 3300 Gur·
1329 3260 1400 3312 quem

272 3351 316 3388 me
340 3336 368 3386 E
418 3336 654 3405 Bcogitationum
683 3336 760 3390 Get
786 3335 987 3404 cogitationum
1015 3334 1093 3386 RTE
1143 3334 1401 3402 4interrogatorum

274 3422 350 3476 GTR
405 3420 445 3488 (iri
463 3423 489 3476 R
506 3427 570 3476 torst
593 3425 621 3475 in
643 3441 721 3476 aerea
747 3432 851 3476 amere
877 3424 937 3476 add
964 3420 1030 3487 m.?)
1083 3423 1216 3475 Beanata
1234 3421 1290 3476 RE
1304 3415 1402 3473 sauaT

271 3509 439 3578 respondens
466 3536 500 3546 -
526 3509 641 3562 sortitus
667 3514 709 3563 est
736 3525 785 3561 om.
813 3509 839 3560 Τ
897 3507 1021 3575 seuque
1048 3507 1075 3560 R
1138 3510 1170 3562 13
1189 3507 1332 3561 conuersio
1356 3502 1403 3558 RE

332 3595 366 3634 sce

271 3648 414 3738 conuereio
434 3649 459 3700 T
512 3649 544 3702 15
562 3648 590 3701 id
608 3650 651 3701 est
674 3647 751 3700 VRE
768 3665 816 3700 om.
836 3647 861 3698 Τ
914 3649 946 3701 16
963 3646 1023 3699 eius
1040 3645 1115 3700 VRT
1131 3645 1215 3700 huius
1234 3647 1263 3698 Ε
1313 3647 1343 3699 17
1358 3658 1402 3711 pu·

271 3826 361 3875 tentes
386 3821 448 3875 'Vnt
474 3778 596 3902 potentis
616 3821 811 3890 Tpotentise
863 3826 897 3874 cii
925 3821 1006 3874 RTE
1030 3821 1063 3886 cs.
1091 3821 1212 3874 Sobatier
1239 3821 1279 3890 Il,
1304 3816 1358 3872 919
1381 3824 1401 3868 et

272 3925 347 3978 Lxx
365 3923 422 3991 (ubi
439 3925 498 3992 σὺν)
516 3927 546 3979 in
569 3926 593 3979 V
643 3924 815 3979 desolatoriis
840 3925 916 3978 VRE
940 3922 1119 3977 desolationis
1145 3924 1170 3975 Τ
1225 3925 1258 3978 18
1281 3928 1342 3978 sunt
1357 3914 1405 3972 un

271 4017 398 4080 potentes
417 4019 445 4066 et
464 4015 489 4066 R
507 4018 571 4066 sunt
597 4012 701 4067 domini
728 4017 855 4081 potentes
882 4016 946 4065 sunt
973 4015 1002 4064 et
1021 4011 1047 4062 Τ
1062 4010 1170 4064 domini
1197 4016 1321 4080 potentes
1343 4011 1399 4061 eunt

272 4103 300 4152 et
318 4100 346 4151 E
397 4101 430 4153 19
448 4099 761 4154 ualentliualeantTE
811 4097 983 4167 perurendae
993 4097 1074 4150 RTE
1088 4097 1268 4165 perimendae
1285 4098 1320 4150 ed.
1337 4095 1397 4147 rec?

272 4183 320 4254 (cs.
338 4188 398 4238 adn.
417 4187 527 4252 Bened.)
581 4188 616 4241 20
633 4185 836 4240 fraudulentiae
856 4185 947 4238 Gnr'e
970 4183 1172 4238 fraudolentiae
1196 4185 1211 4235 l»
1263 4185 1297 4237 25
1312 4177 1396 4235 mnndi

271 4273 442 4326 conditorem
461 4274 516 4325 RE
531 4273 628 4327 mundi
646 4273 782 4327 editorem
800 4290 830 4325 ex
848 4272 1034 4326 munditorem
1053 4272 1085 4324 T.
