3075 4967
287 231 350 296 840
629 234 745 289 sancti
768 234 904 289 Hilarii
923 236 1086 303 episcopi

689 422 875 506 l'SllHUS
902 422 1023 505 cxlv.

319 544 506 611 Psalmus
528 546 666 611 Dauid.
710 545 905 613 Alleluia
951 550 1094 634 Aggaei
1118 557 1157 615 ct
1179 547 1393 614 Zacharia.

329 667 473 745 Lauda,
506 668 752 745 animemed,
784 669 995 747 dominum,
1020 665 1195 736 laudabo
1225 672 1423 736 dominum

286 772 323 836 in
347 772 432 836 uita
454 791 553 836 mea:
578 771 750 852 psallam
775 773 846 838 deo
869 793 962 850 meo,
986 775 1178 858 quamdiu
1201 796 1276 840 ero.

247 900 259 937 a
333 878 361 940 1.
384 874 489 940 Etiam
523 874 595 941 huic
628 875 749 957 psalmo
783 878 897 942 addere
927 877 1042 962 aliquid
1072 877 1306 945 translatoribus
1328 880 1424 945 uisum

286 986 341 1043 est.
387 998 460 1044 nem
483 999 552 1044 curu
576 978 718 1045 Hebraeis
741 979 806 1045 sola
835 981 1008 1047 alleluia
1037 983 1077 1047 sit
1107 982 1236 1063 praeiata
1266 983 1423 1059 confessio,

285 1083 346 1149 illis
368 1083 484 1167 placuit
504 1081 662 1167 Aggaeum
686 1093 717 1149 et
739 1082 920 1149 Zachariam
942 1086 975 1150 in
998 1086 1085 1153 titulo
1109 1087 1278 1153 anteferre:
1302 1086 1361 1153 hoc
1382 1108 1423 1160 eo,

284 1194 317 1251 ut
340 1185 494 1269 psalmum
525 1206 594 1252 esse
628 1186 841 1268 propheticum
872 1209 1082 1269 nosceremus,
1107 1192 1181 1275 quia
1201 1212 1258 1273 per
1279 1190 1339 1256 hos
1361 1212 1424 1273 pro

285 1290 404 1373 phetas,
428 1291 485 1357 sub
509 1291 619 1375 quibus
643 1291 797 1357 aedificata
818 1312 942 1358 rursum
972 1294 1168 1362 Hierusalem
1199 1302 1254 1372 est
1289 1296 1356 1377 ipsc
1377 1295 1424 1361 illo

233 1417 259 1453 lu
287 1406 350 1461 tum
375 1402 515 1479 ternpore
545 1400 667 1460 acternae
691 1394 886 1462 Hierusalem
917 1397 1081 1464 aedificatio
1110 1400 1304 1480 praedicatur,
1335 1400 1423 1464 etiam

286 1498 447 1584 euangelio
469 1506 611 1577 testante,
635 1519 704 1564 cum
727 1502 906 1585 ingressuro
928 1501 1079 1583 templum
1100 1503 1224 1567 domino
1239 1510 1273 1568 et
1286 1522 1424 1569 nummu·

287 1604 430 1669 lariorum
453 1623 579 1668 menses
595 1610 625 1669 et
641 1604 808 1669 ementium
824 1626 861 1670 ac
884 1607 1084 1671 uendentium
1103 1608 1229 1692 negotia
1243 1606 1423 1673 subuersum

284 1708 327 1772 ita
349 1708 497 1789 scriptum
521 1716 583 1773 est:
619 1708 677 1773 hoc
711 1714 812 1773 autem
847 1710 965 1775 factum
994 1718 1049 1788 eat,
1079 1718 1112 1775 ut
1135 1711 1318 1794 impleretur
1347 1712 1422 1796 quod

287 1810 401 1877 dictum
426 1818 474 1877 est
497 1832 553 1892 per
567 1810 747 1877 Zachariam
771 1812 956 1893 prophetam
979 1814 1152 1880 dicentem:
1176 1815 1305 1881 dieite
1328 1814 1422 1880 iilia

234 1944 258 1980 ιθ
287 1914 397 1980 Sion:
429 1936 523 1981 ecce
546 1936 614 1981 rer
645 1922 734 1981 tuus
764 1918 879 1982 uenit
901 1919 976 1983 tibi
1001 1925 1245 1997 mansuetus,
1281 1920 1421 1985 sedens

286 2040 407 2101 super
429 2021 586 2085 asinam
610 2028 648 2085 ct
671 2019 824 2101 pullum
846 2021 1053 2088 nouellum
1076 2022 1344 2106 subiugalem.

329 2124 358 2189 2.
382 2124 431 2201 ut,
461 2131 494 2188 nt
528 2123 667 2200 arbitror,
699 2124 788 2189 huius
811 2124 1009 2192 Hierusalem
1044 2127 1144 2207 potius
1168 2133 1201 2193 et
1222 2126 1297 2191 Sion
1320 2147 1419 2212 regem

285 2228 426 2313 psalmus
449 2228 592 2305 ostendit,
612 2229 664 2311 qui
687 2229 730 2293 ita
753 2230 861 2310 coepit:
885 2228 1012 2306 lauda,
1037 2232 1169 2295 anima
1191 2251 1284 2305 mea,
1308 2233 1421 2297 domi-

284 2353 384 2413 num,
419 2332 593 2397 laudabo
617 2333 821 2399 dominum
850 2334 889 2398 in
919 2335 1003 2399 uita
1025 2355 1126 2400 mee:
1156 2334 1333 2416 psallam
1356 2338 1420 2402 deo

141 2436 147 2461 ⁹
233 2457 377 2513 acmen,
424 2437 612 2521 quamdiu
651 2455 724 2501 ero.
781 2437 915 2503 scienter
949 2445 979 2503 ct
1014 2440 1052 2503 de
1092 2438 1250 2524 prophetas
1289 2440 1421 2505 doctrina

286 2542 436 2607 dictorum
460 2542 598 2605 ordinem
621 2540 726 2606 tenuit.
771 2542 905 2623 primum
937 2544 1020 2608 enim
1052 2542 1187 2608 animam
1219 2543 1359 2608 hortatur
1384 2541 1419 2606 ad

285 2645 417 2723 laudem,
442 2665 510 2729 quac
534 2646 564 2709 in
588 2643 669 2709 hanc
693 2651 740 2711 est
762 2646 931 2711 constituta
945 2652 1095 2725 naturam,
1117 2654 1150 2712 ut
1164 2654 1289 2712 maneat
1302 2654 1415 2712 aeterna

285 2758 350 2814 tum
374 2750 495 2827 deinde,
518 2750 591 2832 quia
613 2769 669 2832 per
692 2751 808 2815 donum
831 2752 1066 2816 resurrectionis
1097 2750 1267 2836 glorificato
1300 2770 1419 2832 corpore

286 2860 386 2919 totum
409 2874 442 2918 se
465 2854 493 2918 ei
510 2854 686 2919 meminerit
701 2861 900 2932 coaeternum,
922 2863 1079 2939 tamquam
1097 2857 1135 2921 dc
1151 2856 1254 2922 intrrro
1270 2855 1418 2921 confidens

232 2979 256 3016 aa
285 2957 341 3022 ait:
364 2957 538 3022 landabo
572 2958 776 3023 dominum
799 2959 837 3022 in
861 2959 946 3024 uita
970 2980 1062 3024 mea
1106 2980 1169 3025 non
1192 2959 1275 3025 enim
1297 2980 1334 3025 sa
1353 2959 1417 3031 uita,

173 3140 174 3143 Ἴ
285 3082 352 3145 quae
387 3082 468 3127 nunc
502 3068 550 3127 est
583 3083 638 3144 per
671 3063 868 3128 infirmitates
903 3066 1048 3144 eorporis,
1082 3084 1138 3130 sua
1168 3071 1230 3143 est3
1261 3063 1301 3129 ab
1323 3065 1415 3129 Adam

285 3186 420 3249 nemque
443 3166 504 3231 ista
537 3166 635 3250 caepit,
669 3186 731 3231 non
765 3187 834 3232 cum
860 3168 961 3233 Adam
986 3168 1130 3233 inchoata
1160 3174 1216 3246 est,
1251 3188 1342 3252 quarn
1363 3186 1414 3231 non

285 3271 388 3348 uitam,
423 3272 479 3336 sod
502 3276 632 3336 mortem
656 3290 726 3336 esse
748 3271 903 3353 apostolus
934 3274 1019 3337 nouit
1049 3273 1171 3337 dicens:
1203 3272 1325 3338 miser
1352 3290 1416 3354 ego

284 3374 407 3453 homo,
431 3376 522 3459 quis
552 3395 611 3440 me
641 3374 843 3441 liberabit
865 3398 884 3441 a
905 3396 1076 3457 corpore
1107 3378 1254 3442 mortis
1284 3373 1416 3441 huiusi

231 3502 256 3535 ³⁰
284 3480 315 3543 in
339 3478 398 3544 hac
432 3500 507 3565 ergo
542 3480 604 3545 uita
637 3500 692 3545 sua
727 3481 828 3558 deum,
862 3480 962 3564 qualis
996 3481 1131 3565 primum
1161 3482 1192 3544 in
1225 3479 1349 3546 bomine
1376 3485 1416 3544 est

283 3583 430 3661 instituta,
454 3582 600 3648 laudabit.
646 3589 712 3649 tum
743 3584 841 3660 tertio
864 3604 904 3649 ne
927 3585 958 3648 in
982 3583 1040 3650 boc
1063 3587 1175 3650 ecdem
1197 3605 1280 3651 nunc
1301 3602 1415 3664 corpore

284 3686 481 3771 inreligiosus
498 3688 732 3765 existimaretur,
749 3687 874 3753 adiecit:
901 3687 1075 3769 psallam
1098 3690 1170 3753 deo
1193 3708 1287 3765 meo¹
1311 3705 1414 3772 quam

328 3846 360 3899 15
378 3845 476 3899 Matth.
495 3846 568 3913 XXI,
586 3849 611 3899 4.
651 3847 682 3898 14
700 3844 783 3898 Zach.
802 3846 848 3911 IX,
868 3848 892 3898 9.
928 3844 1138 3912 usnemun,
1157 3846 1198 3898 24.

326 4035 496 4103 baiiquitli
549 4036 747 4104 'laggeumlt
803 3989 1262 4101 lombee(isnpr.scr.m.1)1t
1317 4037 1348 4088 18
1363 4047 1416 4087 cac

282 4124 364 4192 pitR
417 4125 449 4176 21
469 4123 589 4177 animam
606 4122 782 4176 coui.Beaed.
800 4140 861 4175 eam
876 4123 931 4175 RE
947 4122 1076 4191 cf.pruaf.
1129 4122 1163 4174 29
1181 4137 1198 4174 a
1215 4138 1331 4190 corpore
1349 4116 1415 4181 aet

282 4229 308 4275 p.
327 4208 391 4270 609,
411 4208 450 4263 26
468 4210 503 4277 de
521 4226 636 4277 corpore
652 4210 677 4261 E
728 4209 809 4263 huius
826 4212 849 4262 b.
869 4211 886 4262 l.
905 4226 953 4261 cnr.
970 4209 995 4261 R
1047 4210 1082 4262 32
1099 4206 1155 4261 dr‘ro
1172 4208 1224 4261 deo
1241 4225 1305 4261 meo
1323 4208 1355 4260 R.
