3075 4967
263 309 325 372 170
603 312 722 363 sancti
746 308 880 363 Hilarii
905 309 1066 378 episcopi

262 505 393 564 terrenae
418 498 601 564 humilitatis
624 497 847 576 infirmitatem,
871 499 944 563 dum
968 496 1048 562 hanc
1062 497 1163 578 ipsam
1180 495 1269 580 quasi
1282 495 1412 579 spelun-

263 622 331 668 cam
354 601 520 669 habitaculi
555 610 586 668 et
619 603 754 687 corporis
778 603 824 668 sui
848 602 959 679 Dauid,
993 621 1054 686 qna
1086 621 1169 666 nunc
1199 608 1248 666 est
1276 599 1411 677 clausus,

263 707 374 772 euadit

306 811 335 876 4.
359 811 421 876 Sed
443 829 572 891 sperans
596 810 654 876 sub
678 810 789 876 umbra
811 809 929 875 alarum
946 810 996 875 dei
1011 809 1113 875 officio
1129 809 1196 895 spei
1210 829 1274 874 sura
1285 829 1417 890 semper

223 917 399 981 aintcntus
433 921 482 980 est
525 915 649 980 dicens:
688 915 873 980 clamabo
909 916 957 979 ad
996 915 1109 979 deum
1148 914 1416 987 altissimum,

263 1019 385 1097 deum,
409 1019 474 1102 qui
498 1018 707 1085 benefecit
737 1017 844 1084 mihi.
890 1017 1414 1102 clamatfidepotiusquamnoce.

262 1124 314 1209 qui
337 1123 459 1208 fugiens
483 1129 513 1188 et
534 1123 633 1188 latens
657 1122 778 1189 clamat.
823 1143 914 1206 porro
937 1129 1038 1188 autem
1062 1143 1125 1187 uon
1148 1131 1196 1188 est
1217 1123 1247 1188 in
1264 1141 1417 1188 sermone

263 1228 416 1314 sperantis
439 1227 604 1311 gratulatio
627 1229 823 1309 adeptorum;
846 1229 903 1292 aed
930 1226 1118 1309 propheticae
1132 1227 1269 1293 scientia
1284 1247 1323 1292 ac
1337 1227 1419 1293 fidei

263 1345 317 1410 eat,
351 1332 500 1416 gerendis
530 1351 592 1396 non
616 1331 704 1396 aliter
726 1333 865 1416 gaudere
898 1351 992 1416 quam
1026 1331 1131 1416 gestis
1156 1340 1188 1397 et
1219 1332 1336 1397 idcirce
1373 1333 1418 1395 ad

211 1462 237 1498 ιο
264 1456 344 1512 eum,
369 1436 420 1520 qui
444 1436 501 1500 sub
524 1435 736 1501 indemutabili
760 1435 977 1501 constitutione
1000 1436 1145 1500 bonitatis
1159 1435 1222 1500 iam
1238 1436 1299 1500 sibi
1315 1435 1419 1500 bene·

263 1541 378 1618 lecerit
402 1540 528 1618 clamat;
552 1545 583 1606 et
603 1548 754 1624 quatenus
770 1539 959 1605 benefecerit
973 1540 1125 1615 dominns,
1150 1540 1421 1624 consequentibns

264 1647 353 1711 docet
375 1645 498 1712 dicans:
534 1645 645 1709 misit
668 1645 714 1710 de
737 1644 832 1710 caelo
856 1655 894 1709 et
915 1644 1114 1708 liberauit
1137 1664 1202 1721 mc,
1229 1644 1417 1709 deditio

263 1750 525 1832 obprobrium
549 1748 839 1814 conculcantes
860 1767 928 1814 me.
973 1748 1090 1813 misit
1119 1749 1216 1813 dans
1256 1748 1423 1814 miseri·

264 1855 445 1919 cordiam
468 1860 637 1919 suamet
670 1853 888 1918 ueritatem
922 1871 1039 1930 suam,
1074 1853 1248 1917 animam
1282 1872 1421 1918 meam

212 1981 236 2018 ru
263 1959 419 2040 eripuit
441 1958 487 2024 de
511 1959 641 2023 medio
663 1957 889 2022 catulorum
912 1955 1088 2035 leonum;
1122 1957 1298 2022 dormini
1323 1978 1421 2023 con-

264 2063 459 2128 turbatus.
516 2062 644 2146 dignum
679 2062 744 2139 fuit,
783 2061 905 2127 etiamsi
943 2058 1026 2125 nulla
1063 2061 1231 2126 demutatio
1270 2080 1423 2142 persona

264 2175 345 2233 esset
367 2187 403 2232 ac
426 2187 543 2244 sensus,
567 2165 739 2248 diapsalma
768 2165 963 2244 interuenire,
994 2165 1066 2249 quia
1095 2166 1134 2229 sd
1164 2164 1422 2248 intellegentiam

264 2272 415 2337 dictorum
445 2290 555 2338 sensus
585 2284 668 2337 esset
700 2270 890 2336 credentium
926 2270 1103 2354 erigendus.
1148 2268 1302 2334 benefecit
1332 2271 1423 2336 deus

264 2382 372 2442 sancto
396 2396 458 2454 suo,
482 2377 633 2442 mittendo
656 2377 696 2440 de
719 2374 802 2451 caelo,
826 2382 860 2439 ut
882 2374 1010 2440 liberato
1034 2395 1070 2440 eo
1092 2375 1124 2438 iu
1147 2374 1350 2458 obprobrium
1374 2375 1424 2455 hi,

211 2499 237 2536 2⁰
265 2481 316 2564 qui
340 2500 410 2544 eum
434 2480 662 2558 conculcabant,
694 2483 849 2545 darentur.
895 2485 927 2544 et
948 2479 1032 2543 misit
1055 2478 1297 2545 miscricordiam
1321 2498 1424 2545 suam

264 2583 481 2650 seueritatem
506 2585 546 2648 ad
568 2584 759 2668 eripiendam
782 2585 822 2649 de
844 2583 1011 2648 cubilorum
1029 2583 1132 2648 medio
1147 2583 1283 2647 animam
1303 2584 1425 2664 ipsius,

265 2694 328 2752 tum
352 2708 424 2752 cnm
447 2689 643 2753 conturbatus
667 2689 840 2754 dormisset.
885 2688 912 2751 si
934 2706 1019 2751 mors
1037 2686 1229 2772 significatur
1243 2687 1273 2751 in
1291 2707 1427 2768 somno,

263 2791 313 2857 uel
335 2811 405 2856 cnm
429 2793 615 2858 dormiturus
629 2791 728 2857 Dauid
751 2792 984 2873 compatribus
1007 2792 1070 2856 suis
1093 2799 1148 2870 est,
1170 2790 1221 2856 uel
1242 2811 1316 2856 curn
1340 2792 1426 2858 dor·

264 2897 365 2961 miens
389 2895 523 2962 Lazarus
546 2897 725 2962 excitandus
759 2907 815 2973 cst,
848 2895 898 2961 uel
932 2915 999 2961 cum
1031 2895 1218 2960 centurionis
1240 2893 1325 2960 illins
1350 2918 1424 2963 non

212 3016 237 3055 2⁶
265 3009 312 3066 est
334 3006 454 3066 mortua
475 3000 576 3084 puella
598 3002 655 3066 sed
678 3001 800 3078 dormit„
816 3000 866 3066 uel
888 3019 958 3065 cum
982 3020 1043 3076 eoa,
1063 3001 1115 3084 qui
1131 2999 1332 3078 dormierunt
1350 3021 1426 3068 non

264 3106 489 3186 praeueniemus
512 3105 545 3170 in
575 3105 807 3182 resurrectione,
842 3105 868 3170 si
892 3104 1084 3170 conturbatio
1106 3105 1287 3170 dormientis
1311 3104 1424 3190 signi-

264 3209 365 3274 ficatio
380 3217 429 3275 est
444 3210 604 3291 passionis,
620 3229 690 3275 curn
710 3210 836 3275 dicitur:
860 3229 963 3274 nnnc
984 3208 1117 3274 anima
1138 3229 1224 3274 mea
1245 3209 1428 3277 turbata

265 3320 326 3380 est
359 3311 485 3401 ualida,
519 3334 612 3398 quarn
648 3321 751 3379 tamen
786 3314 861 3394 eripi
886 3315 924 3379 dc
948 3333 1041 3378 mauu
1063 3313 1149 3378 cauis
1172 3314 1217 3378 ita
1239 3319 1331 3378 antea
1369 3327 1430 3383 est

308 3475 342 3526 97
362 3473 419 3526 loh.
439 3472 499 3536 XII,
518 3475 559 3526 27.

310 3632 322 3683 l
343 3633 470 3682 terrenae
489 3629 549 3692 (cm.
569 3628 627 3692 aut)
646 3629 716 3682 RPc
770 3627 963 3681 infirmitatem
980 3646 1011 3681 ex
1027 3627 1227 3681 intermitatem
1245 3629 1271 3679 Τ
1286 3646 1319 3681 et
1336 3629 1430 3686 infin

265 3715 371 3770 mitatis
389 3715 580 3770 infirmitatem
598 3716 624 3768 R
677 3715 829 3769 inabitali
856 3720 885 3768 et
911 3715 1037 3782 corporis
1065 3715 1091 3767 P
1114 3712 1275 3768 habitacnlfi
1303 3716 1430 3775 scilicet

266 3801 391 3872 corporis
411 3803 436 3855 Τ
487 3819 542 3870 qua
560 3802 673 3870 asquia
692 3801 838 3870 uniaa
891 3801 1026 3856 Beuadat
1044 3801 1070 3853 Τ
1120 3805 1184 3854 det
1208 3817 1323 3870 sperans
1351 3803 1429 3860 PT«

266 3891 414 3958 sperauab
467 3889 536 3944 bad
564 3887 631 3943 dnm
659 3889 709 3942 PT
760 3889 987 3956 Bademptorum
1012 3889 1039 3941 P
1088 3887 1241 3956 profeticae
1265 3888 1291 3941 R
1349 3893 1391 3946 12
1409 3913 1428 3948 e

266 3977 343 4030 caelo
363 3975 442 4028 PTE
493 3978 526 4030 15
545 3977 648 4046 eripuit
666 3976 787 4031 animam
804 3993 895 4029 meam
909 3975 962 4028 PE
978 3982 1007 4029 et
1025 3974 1128 4044 eripuit
1145 3974 1266 4029 animam
1284 3991 1386 4032 meam
1401 3982 1432 4034 T

267 4065 300 4117 17
318 4068 391 4116 esset
417 4081 447 4116 ex
474 4069 563 4118 cessat
589 4064 615 4118 R
668 4069 716 4118 eut
743 4079 840 4118 sensns
868 4063 893 4114 Τ
910 4078 1039 4118 ascensus
1067 4063 1110 4114 Pa
1174 4064 1207 4116 18
1223 4062 1372 4118 benefacit
1399 4068 1431 4121 R

267 4204 302 4257 ds
319 4221 390 4273 supr.
408 4221 456 4256 scr.
477 4205 502 4256 T
555 4207 587 4260 19
604 4204 644 4257 hii
663 4204 714 4257 ΒΤ
766 4205 801 4258 20
819 4156 1001 4256 conculcabit
1018 4203 1044 4256 R
1095 4209 1125 4257 et
1150 4200 1228 4255 misit
1252 4200 1428 4260 misericor-

268 4289 342 4343 diam
360 4305 392 4342 ac
409 4289 557 4344 ueritatem
568 4291 605 4343 Pe
615 4297 643 4343 et
661 4290 880 4343 misericordiam
898 4288 976 4343 misit
987 4306 1020 4342 ac
1032 4288 1215 4342 ueritatemT
1266 4289 1301 4340 26
1321 4290 1368 4345 sic
1390 4295 1429 4348 R.
