<?xml version="1.0" encoding="UTF-8"?>
<!DOCTYPE html PUBLIC "-//W3C//DTD XHTML 1.0 Transitional//EN"
    "http://www.w3.org/TR/xhtml1/DTD/xhtml1-transitional.dtd">
<html xmlns="http://www.w3.org/1999/xhtml" xml:lang="en" lang="en">
 <head>
  <title>
</title>
<meta http-equiv="Content-Type" content="text/html;charset=utf-8" />
  <meta name='ocr-system' content='tesseract 3.04.00' />
  <meta name='ocr-capabilities' content='ocr_page ocr_carea ocr_par ocr_line ocrx_word'/>
</head>
<body>
  <div class='ocr_page' id='page_1' title='image "./corpusscriptoru23wiengoog_0142.png"; bbox 0 0 3075 4967; ppageno 0'>
   <div class='ocr_carea' id='block_1_1' title="bbox 316 297 1112 365">
    <p class='ocr_par' dir='ltr' id='par_1_1' title="bbox 316 297 1112 365">
     <span class='ocr_line' id='line_1_1' title="bbox 316 297 1112 365; baseline -0.006 -11"><span class='ocrx_word' id='word_1_1' title='bbox 316 297 376 360; x_wconf 76' lang='grc'>112</span> <span class='ocrx_word' id='word_1_2' title='bbox 657 298 775 350; x_wconf 87' lang='lat' dir='ltr'>sancti</span> <span class='ocrx_word' id='word_1_3' title='bbox 794 298 930 351; x_wconf 90' lang='lat' dir='ltr'>Hilarii</span> <span class='ocrx_word' id='word_1_4' title='bbox 948 297 1112 365; x_wconf 81' lang='lat' dir='ltr'><strong>episcopi</strong></span> 
     </span>
    </p>
   </div>
   <div class='ocr_carea' id='block_1_2' title="bbox 262 486 1455 2960">
    <p class='ocr_par' dir='ltr' id='par_1_2' title="bbox 262 486 1455 2960">
     <span class='ocr_line' id='line_1_2' title="bbox 314 486 1449 572; baseline -0.002 -22"><span class='ocrx_word' id='word_1_5' title='bbox 314 487 422 572; x_wconf 88' lang='lat' dir='ltr'>erigat,</span> <span class='ocrx_word' id='word_1_6' title='bbox 447 488 485 552; x_wconf 89' lang='lat' dir='ltr'>de</span> <span class='ocrx_word' id='word_1_7' title='bbox 508 487 623 570; x_wconf 89' lang='lat' dir='ltr'>quibus</span> <span class='ocrx_word' id='word_1_8' title='bbox 647 488 792 552; x_wconf 92' lang='lat' dir='ltr'>dominus</span> <span class='ocrx_word' id='word_1_9' title='bbox 815 489 872 553; x_wconf 87' lang='lat' dir='ltr'>ait:</span> <span class='ocrx_word' id='word_1_10' title='bbox 896 487 1058 552; x_wconf 87' lang='lat' dir='ltr'>eleuata</span> <span class='ocrx_word' id='word_1_11' title='bbox 1081 486 1221 551; x_wconf 88' lang='lat' dir='ltr'>oculos</span> <span class='ocrx_word' id='word_1_12' title='bbox 1243 493 1449 550; x_wconf 85' lang='lat' dir='ltr'>uestroset</span> 
     </span>
     <span class='ocr_line' id='line_1_3' title="bbox 314 590 1447 676; baseline -0.003 -21"><span class='ocrx_word' id='word_1_13' title='bbox 314 592 452 657; x_wconf 88' lang='lat' dir='ltr'>uidete</span> <span class='ocrx_word' id='word_1_14' title='bbox 487 592 687 676; x_wconf 81' lang='lat' dir='ltr'>regiones,</span> <span class='ocrx_word' id='word_1_15' title='bbox 722 592 819 676; x_wconf 89' lang='lat' dir='ltr'>quia</span> <span class='ocrx_word' id='word_1_16' title='bbox 853 590 952 656; x_wconf 85' lang='lat' dir='ltr'>albae</span> <span class='ocrx_word' id='word_1_17' title='bbox 986 601 1081 655; x_wconf 88' lang='lat' dir='ltr'>sunt</span> <span class='ocrx_word' id='word_1_18' title='bbox 1110 590 1157 654; x_wconf 90' lang='lat' dir='ltr'>ad</span> <span class='ocrx_word' id='word_1_19' title='bbox 1186 597 1447 667; x_wconf 89' lang='lat' dir='ltr'>messem‚tum</span> 
     </span>
     <span class='ocr_line' id='line_1_4' title="bbox 315 693 1448 776; baseline -0.002 -17"><span class='ocrx_word' id='word_1_20' title='bbox 315 695 392 760; x_wconf 87' lang='lat' dir='ltr'>sciat</span> <span class='ocrx_word' id='word_1_21' title='bbox 415 694 539 760; x_wconf 89' lang='lat' dir='ltr'>auulsos</span> <span class='ocrx_word' id='word_1_22' title='bbox 562 715 631 761; x_wconf 90' lang='lat' dir='ltr'>esse</span> <span class='ocrx_word' id='word_1_23' title='bbox 655 717 692 761; x_wconf 84' lang='lat' dir='ltr'>ex</span> <span class='ocrx_word' id='word_1_24' title='bbox 715 696 868 760; x_wconf 90' lang='lat' dir='ltr'>consortio</span> <span class='ocrx_word' id='word_1_25' title='bbox 892 695 1027 776; x_wconf 89' lang='lat' dir='ltr'>corporis</span> <span class='ocrx_word' id='word_1_26' title='bbox 1050 695 1108 772; x_wconf 88' lang='lat' dir='ltr'>dei,</span> <span class='ocrx_word' id='word_1_27' title='bbox 1132 714 1169 759; x_wconf 86' lang='lat' dir='ltr'>er</span> <span class='ocrx_word' id='word_1_28' title='bbox 1189 693 1240 758; x_wconf 93' lang='lat' dir='ltr'>illo</span> <span class='ocrx_word' id='word_1_29' title='bbox 1255 693 1448 758; x_wconf 87' lang='lat' dir='ltr'>beatitudinis</span> 
     </span>
     <span class='ocr_line' id='line_1_5' title="bbox 316 798 1450 882; baseline -0.001 -20"><span class='ocrx_word' id='word_1_30' title='bbox 316 799 557 882; x_wconf 81' lang='lat' dir='ltr'>1·eg·no,enillo</span> <span class='ocrx_word' id='word_1_31' title='bbox 587 801 823 866; x_wconf 89' lang='lat' dir='ltr'>resurrectionis</span> <span class='ocrx_word' id='word_1_32' title='bbox 853 799 970 864; x_wconf 90' lang='lat' dir='ltr'>honore</span> <span class='ocrx_word' id='word_1_33' title='bbox 1000 807 1031 864; x_wconf 92' lang='lat' dir='ltr'>et</span> <span class='ocrx_word' id='word_1_34' title='bbox 1059 820 1129 864; x_wconf 89' lang='lat' dir='ltr'>esse</span> <span class='ocrx_word' id='word_1_35' title='bbox 1159 799 1227 863; x_wconf 89' lang='lat' dir='ltr'>sine</span> <span class='ocrx_word' id='word_1_36' title='bbox 1257 799 1306 862; x_wconf 90' lang='lat' dir='ltr'>dei</span> <span class='ocrx_word' id='word_1_37' title='bbox 1337 798 1450 878; x_wconf 87' lang='lat' dir='ltr'>spiritu,</span> 
     </span>
     <span class='ocr_line' id='line_1_6' title="bbox 277 901 1451 988; baseline 0.003 -22"><span class='ocrx_word' id='word_1_38' title='bbox 277 932 289 966; x_wconf 69' lang='lat' dir='ltr'>a</span> <span class='ocrx_word' id='word_1_39' title='bbox 316 904 383 968; x_wconf 87' lang='lat' dir='ltr'>sine</span> <span class='ocrx_word' id='word_1_40' title='bbox 404 903 616 988; x_wconf 77' lang='lat' dir='ltr'>intellegentia</span> <span class='ocrx_word' id='word_1_41' title='bbox 639 903 808 985; x_wconf 73' lang='lat' dir='ltr'>prophetiae</span> <span class='ocrx_word' id='word_1_42' title='bbox 839 905 1082 988; x_wconf 87' lang='lat' dir='ltr'>constitutosque</span> <span class='ocrx_word' id='word_1_43' title='bbox 1117 902 1268 985; x_wconf 77' lang='lat' dir='ltr'>gehenna</span> <span class='ocrx_word' id='word_1_44' title='bbox 1300 901 1451 983; x_wconf 68' lang='lat' dir='ltr'>pabulum,</span> 
     </span>
     <span class='ocr_line' id='line_1_7' title="bbox 315 1005 1451 1090; baseline -0.002 -18"><span class='ocrx_word' id='word_1_45' title='bbox 315 1027 392 1090; x_wconf 86' lang='lat' dir='ltr'>quos</span> <span class='ocrx_word' id='word_1_46' title='bbox 414 1008 588 1072; x_wconf 86' lang='lat' dir='ltr'>inmortalis</span> <span class='ocrx_word' id='word_1_47' title='bbox 604 1009 719 1073; x_wconf 90' lang='lat' dir='ltr'>uermis</span> <span class='ocrx_word' id='word_1_48' title='bbox 741 1027 889 1073; x_wconf 79' lang='lat' dir='ltr'>exesurus</span> <span class='ocrx_word' id='word_1_49' title='bbox 905 1008 947 1073; x_wconf 85' lang='lat' dir='ltr'>sit</span> <span class='ocrx_word' id='word_1_50' title='bbox 967 1013 1000 1072; x_wconf 88' lang='lat' dir='ltr'>et</span> <span class='ocrx_word' id='word_1_51' title='bbox 1020 1006 1267 1089; x_wconf 81' lang='lat' dir='ltr'>inextinguibilis</span> <span class='ocrx_word' id='word_1_52' title='bbox 1286 1005 1371 1090; x_wconf 88' lang='lat' dir='ltr'>ignis</span> <span class='ocrx_word' id='word_1_53' title='bbox 1391 1024 1451 1070; x_wconf 82' lang='lat' dir='ltr'>cre</span> 
     </span>
     <span class='ocr_line' id='line_1_8' title="bbox 315 1111 1448 1197; baseline 0 -23"><span class='ocrx_word' id='word_1_54' title='bbox 315 1119 463 1189; x_wconf 85' lang='lat' dir='ltr'>maturus,</span> <span class='ocrx_word' id='word_1_55' title='bbox 480 1131 610 1196; x_wconf 88' lang='lat' dir='ltr'>quorum</span> <span class='ocrx_word' id='word_1_56' title='bbox 627 1113 705 1177; x_wconf 86' lang='lat' dir='ltr'>sciat</span> <span class='ocrx_word' id='word_1_57' title='bbox 721 1111 957 1197; x_wconf 78' lang='lat' dir='ltr'>legislationem,</span> <span class='ocrx_word' id='word_1_58' title='bbox 970 1131 1100 1194; x_wconf 86' lang='lat' dir='ltr'>quorum</span> <span class='ocrx_word' id='word_1_59' title='bbox 1117 1118 1311 1184; x_wconf 82' lang='lat' dir='ltr'>testamenta</span> <span class='ocrx_word' id='word_1_60' title='bbox 1324 1129 1448 1193; x_wconf 91' lang='lat' dir='ltr'>quoram</span> 
     </span>
     <span class='ocr_line' id='line_1_9' title="bbox 318 1215 1450 1300; baseline -0.001 -21"><span class='ocrx_word' id='word_1_61' title='bbox 318 1227 428 1296; x_wconf 86' lang='lat' dir='ltr'>patres,</span> <span class='ocrx_word' id='word_1_62' title='bbox 463 1217 634 1300; x_wconf 80' lang='lat' dir='ltr'>exquibus</span> <span class='ocrx_word' id='word_1_63' title='bbox 658 1215 801 1281; x_wconf 77' lang='lat' dir='ltr'>Christus</span> <span class='ocrx_word' id='word_1_64' title='bbox 836 1217 1004 1281; x_wconf 91' lang='lat' dir='ltr'>secundum</span> <span class='ocrx_word' id='word_1_65' title='bbox 1035 1235 1169 1293; x_wconf 86' lang='lat' dir='ltr'>carnem,</span> <span class='ocrx_word' id='word_1_66' title='bbox 1204 1216 1254 1298; x_wconf 89' lang='lat' dir='ltr'>qui</span> <span class='ocrx_word' id='word_1_67' title='bbox 1287 1226 1335 1278; x_wconf 88' lang='lat' dir='ltr'>est</span> <span class='ocrx_word' id='word_1_68' title='bbox 1364 1234 1450 1296; x_wconf 90' lang='lat' dir='ltr'>super</span> 
     </span>
     <span class='ocr_line' id='line_1_10' title="bbox 314 1321 1449 1405; baseline -0.002 -21"><span class='ocrx_word' id='word_1_69' title='bbox 314 1321 418 1385; x_wconf 86' lang='lat' dir='ltr'>orunia</span> <span class='ocrx_word' id='word_1_70' title='bbox 434 1322 519 1385; x_wconf 82' lang='lat' dir='ltr'>deus</span> <span class='ocrx_word' id='word_1_71' title='bbox 565 1329 679 1405; x_wconf 87' lang='lat' dir='ltr'>quanto</span> <span class='ocrx_word' id='word_1_72' title='bbox 696 1341 772 1404; x_wconf 89' lang='lat' dir='ltr'>ergo</span> <span class='ocrx_word' id='word_1_73' title='bbox 792 1321 851 1387; x_wconf 87' lang='lat' dir='ltr'>has</span> <span class='ocrx_word' id='word_1_74' title='bbox 867 1321 1094 1386; x_wconf 81' lang='lat' dir='ltr'>demutationes</span> <span class='ocrx_word' id='word_1_75' title='bbox 1109 1339 1217 1385; x_wconf 90' lang='lat' dir='ltr'>eorum</span> <span class='ocrx_word' id='word_1_76' title='bbox 1239 1325 1270 1384; x_wconf 91' lang='lat' dir='ltr'>et</span> <span class='ocrx_word' id='word_1_77' title='bbox 1283 1325 1449 1400; x_wconf 70' lang='lat' dir='ltr'>praesentes</span> 
     </span>
     <span class='ocr_line' id='line_1_11' title="bbox 264 1423 1449 1508; baseline 0 -23"><span class='ocrx_word' id='word_1_78' title='bbox 264 1450 288 1486; x_wconf 71' lang='grc' dir='ltr'>ιο</span> <span class='ocrx_word' id='word_1_79' title='bbox 315 1431 346 1488; x_wconf 91' lang='lat' dir='ltr'>et</span> <span class='ocrx_word' id='word_1_80' title='bbox 376 1431 509 1489; x_wconf 87' lang='lat' dir='ltr'>aeternas</span> <span class='ocrx_word' id='word_1_81' title='bbox 531 1424 723 1490; x_wconf 84' lang='lat' dir='ltr'>calamitates</span> <span class='ocrx_word' id='word_1_82' title='bbox 753 1426 851 1490; x_wconf 88' lang='lat' dir='ltr'>sancti</span> <span class='ocrx_word' id='word_1_83' title='bbox 876 1425 989 1508; x_wconf 87' lang='lat' dir='ltr'>quique</span> <span class='ocrx_word' id='word_1_84' title='bbox 1011 1429 1095 1489; x_wconf 92' lang='lat' dir='ltr'>metu</span> <span class='ocrx_word' id='word_1_85' title='bbox 1119 1423 1354 1499; x_wconf 85' lang='lat' dir='ltr'>contuebuntur,</span> <span class='ocrx_word' id='word_1_86' title='bbox 1383 1423 1449 1506; x_wconf 88' lang='lat' dir='ltr'>quia</span> 
     </span>
     <span class='ocr_line' id='line_1_12' title="bbox 314 1525 1452 1610; baseline -0.003 -18"><span class='ocrx_word' id='word_1_87' title='bbox 314 1529 487 1608; x_wconf 81' lang='lat' dir='ltr'>punitorum</span> <span class='ocrx_word' id='word_1_88' title='bbox 526 1528 745 1610; x_wconf 88' lang='lat' dir='ltr'>contemplatio</span> <span class='ocrx_word' id='word_1_89' title='bbox 784 1530 824 1593; x_wconf 87' lang='lat' dir='ltr'>sit</span> <span class='ocrx_word' id='word_1_90' title='bbox 860 1528 1006 1594; x_wconf 90' lang='lat' dir='ltr'>terribilis</span> <span class='ocrx_word' id='word_1_91' title='bbox 1045 1525 1211 1608; x_wconf 81' lang='lat' dir='ltr'>exemplo?</span> <span class='ocrx_word' id='word_1_92' title='bbox 1256 1528 1452 1592; x_wconf 88' lang='lat' dir='ltr'>uidebunt</span> 
     </span>
     <span class='ocr_line' id='line_1_13' title="bbox 314 1632 1453 1716; baseline -0.002 -20"><span class='ocrx_word' id='word_1_93' title='bbox 314 1651 389 1716; x_wconf 86' lang='lat' dir='ltr'>ergo</span> <span class='ocrx_word' id='word_1_94' title='bbox 413 1633 509 1697; x_wconf 90' lang='lat' dir='ltr'>iusti</span> <span class='ocrx_word' id='word_1_95' title='bbox 534 1639 572 1698; x_wconf 92' lang='lat' dir='ltr'>et</span> <span class='ocrx_word' id='word_1_96' title='bbox 596 1633 803 1709; x_wconf 86' lang='lat' dir='ltr'>timebunt,</span> <span class='ocrx_word' id='word_1_97' title='bbox 835 1632 912 1697; x_wconf 88' lang='lat' dir='ltr'>nihil</span> <span class='ocrx_word' id='word_1_98' title='bbox 935 1652 996 1696; x_wconf 90' lang='lat' dir='ltr'>non</span> <span class='ocrx_word' id='word_1_99' title='bbox 1019 1633 1079 1696; x_wconf 88' lang='lat' dir='ltr'>sibi</span> <span class='ocrx_word' id='word_1_100' title='bbox 1103 1633 1353 1697; x_wconf 88' lang='lat' dir='ltr'>metuendnmin</span> <span class='ocrx_word' id='word_1_101' title='bbox 1373 1640 1453 1695; x_wconf 87' lang='lat' dir='ltr'>tanta</span> 
     </span>
     <span class='ocr_line' id='line_1_14' title="bbox 314 1734 1452 1822; baseline -0.002 -22"><span class='ocrx_word' id='word_1_102' title='bbox 314 1736 424 1800; x_wconf 89' lang='lat' dir='ltr'>horum</span> <span class='ocrx_word' id='word_1_103' title='bbox 463 1736 639 1802; x_wconf 85' lang='lat' dir='ltr'>calamitate</span> <span class='ocrx_word' id='word_1_104' title='bbox 677 1736 900 1822; x_wconf 88' lang='lat' dir='ltr'>intellegentes.</span> <span class='ocrx_word' id='word_1_105' title='bbox 954 1738 1009 1801; x_wconf 90' lang='lat' dir='ltr'>sed</span> <span class='ocrx_word' id='word_1_106' title='bbox 1048 1737 1118 1820; x_wconf 89' lang='lat' dir='ltr'>quia</span> <span class='ocrx_word' id='word_1_107' title='bbox 1159 1736 1230 1799; x_wconf 91' lang='lat' dir='ltr'>iusti</span> <span class='ocrx_word' id='word_1_108' title='bbox 1268 1742 1350 1817; x_wconf 90' lang='lat' dir='ltr'>suut,</span> <span class='ocrx_word' id='word_1_109' title='bbox 1388 1734 1452 1800; x_wconf 87' lang='lat' dir='ltr'>licet</span> 
     </span>
     <span class='ocr_line' id='line_1_15' title="bbox 315 1839 1451 1925; baseline 0 -22"><span class='ocrx_word' id='word_1_110' title='bbox 315 1841 444 1904; x_wconf 78' lang='lat' dir='ltr'>timeant</span> <span class='ocrx_word' id='word_1_111' title='bbox 467 1843 506 1906; x_wconf 91' lang='lat' dir='ltr'>de</span> <span class='ocrx_word' id='word_1_112' title='bbox 528 1839 677 1925; x_wconf 79' lang='lat' dir='ltr'>exemplo,</span> <span class='ocrx_word' id='word_1_113' title='bbox 702 1849 805 1906; x_wconf 90' lang='lat' dir='ltr'>tamen</span> <span class='ocrx_word' id='word_1_114' title='bbox 828 1841 867 1906; x_wconf 90' lang='lat' dir='ltr'>de</span> <span class='ocrx_word' id='word_1_115' title='bbox 889 1841 991 1905; x_wconf 80' lang='lat' dir='ltr'>fructu</span> <span class='ocrx_word' id='word_1_116' title='bbox 1022 1841 1154 1924; x_wconf 67' lang='lat' dir='ltr'>propriae</span> <span class='ocrx_word' id='word_1_117' title='bbox 1184 1840 1308 1904; x_wconf 81' lang='lat' dir='ltr'>iustitiae</span> <span class='ocrx_word' id='word_1_118' title='bbox 1339 1841 1451 1923; x_wconf 86' lang='lat' dir='ltr'>gunde-</span> 
     </span>
     <span class='ocr_line' id='line_1_16' title="bbox 262 1943 1452 2028; baseline -0.001 -21"><span class='ocrx_word' id='word_1_119' title='bbox 262 1969 287 2007; x_wconf 86' lang='lat'>15</span> <span class='ocrx_word' id='word_1_120' title='bbox 317 1944 399 2008; x_wconf 88' lang='lat' dir='ltr'>bunt.</span> <span class='ocrx_word' id='word_1_121' title='bbox 422 1945 617 2010; x_wconf 90' lang='lat' dir='ltr'>ridebunt</span> <span class='ocrx_word' id='word_1_122' title='bbox 632 1947 717 2009; x_wconf 93' lang='lat' dir='ltr'>enim</span> <span class='ocrx_word' id='word_1_123' title='bbox 733 1965 854 2025; x_wconf 84' lang='lat' dir='ltr'>snper</span> <span class='ocrx_word' id='word_1_124' title='bbox 876 1963 975 2009; x_wconf 91' lang='lat' dir='ltr'>eum:</span> <span class='ocrx_word' id='word_1_125' title='bbox 998 1945 1134 2008; x_wconf 85' lang='lat' dir='ltr'>ridentes</span> <span class='ocrx_word' id='word_1_126' title='bbox 1146 1944 1242 2028; x_wconf 90' lang='lat' dir='ltr'>igitur</span> <span class='ocrx_word' id='word_1_127' title='bbox 1257 1953 1289 2008; x_wconf 89' lang='lat' dir='ltr'>et</span> <span class='ocrx_word' id='word_1_128' title='bbox 1304 1943 1452 2008; x_wconf 89' lang='lat' dir='ltr'>timentes.</span> 
     </span>
     <span class='ocr_line' id='line_1_17' title="bbox 314 2046 1454 2132; baseline 0 -22"><span class='ocrx_word' id='word_1_129' title='bbox 314 2049 386 2132; x_wconf 88' lang='lat' dir='ltr'>quia</span> <span class='ocrx_word' id='word_1_130' title='bbox 408 2051 465 2114; x_wconf 94' lang='lat' dir='ltr'>deo</span> <span class='ocrx_word' id='word_1_131' title='bbox 488 2049 602 2113; x_wconf 87' lang='lat' dir='ltr'>subditi</span> <span class='ocrx_word' id='word_1_132' title='bbox 626 2063 707 2130; x_wconf 76' lang='lat' dir='ltr'>stunt,</span> <span class='ocrx_word' id='word_1_133' title='bbox 732 2050 908 2132; x_wconf 88' lang='lat' dir='ltr'>punitorum</span> <span class='ocrx_word' id='word_1_134' title='bbox 933 2049 1099 2113; x_wconf 89' lang='lat' dir='ltr'>seueritate</span> <span class='ocrx_word' id='word_1_135' title='bbox 1121 2046 1260 2113; x_wconf 90' lang='lat' dir='ltr'>terribili.</span> <span class='ocrx_word' id='word_1_136' title='bbox 1306 2056 1454 2128; x_wconf 90' lang='lat' dir='ltr'>temperat</span> 
     </span>
     <span class='ocr_line' id='line_1_18' title="bbox 314 2150 1452 2236; baseline -0.002 -20"><span class='ocrx_word' id='word_1_137' title='bbox 314 2172 389 2236; x_wconf 90' lang='lat' dir='ltr'>ergo</span> <span class='ocrx_word' id='word_1_138' title='bbox 413 2160 527 2218; x_wconf 89' lang='lat' dir='ltr'>metum</span> <span class='ocrx_word' id='word_1_139' title='bbox 551 2154 639 2226; x_wconf 76' lang='lat' dir='ltr'>risus,</span> <span class='ocrx_word' id='word_1_140' title='bbox 664 2154 739 2218; x_wconf 90' lang='lat' dir='ltr'>dum</span> <span class='ocrx_word' id='word_1_141' title='bbox 762 2164 793 2219; x_wconf 90' lang='lat' dir='ltr'>et</span> <span class='ocrx_word' id='word_1_142' title='bbox 815 2163 916 2218; x_wconf 90' lang='lat' dir='ltr'>metus</span> <span class='ocrx_word' id='word_1_143' title='bbox 939 2154 978 2217; x_wconf 90' lang='lat' dir='ltr'>de</span> <span class='ocrx_word' id='word_1_144' title='bbox 1000 2150 1141 2232; x_wconf 81' lang='lat' dir='ltr'>exemplo</span> <span class='ocrx_word' id='word_1_145' title='bbox 1157 2166 1187 2216; x_wconf 89' lang='lat' dir='ltr'>et</span> <span class='ocrx_word' id='word_1_146' title='bbox 1202 2153 1333 2216; x_wconf 81' lang='lat' dir='ltr'>risusex</span> <span class='ocrx_word' id='word_1_147' title='bbox 1348 2151 1452 2216; x_wconf 77' lang='lat' dir='ltr'>mento</span> 
     </span>
     <span class='ocr_line' id='line_1_19' title="bbox 314 2256 1455 2340; baseline -0.002 -20"><span class='ocrx_word' id='word_1_148' title='bbox 314 2268 368 2320; x_wconf 90' lang='lat' dir='ltr'>est.</span> <span class='ocrx_word' id='word_1_149' title='bbox 412 2259 590 2322; x_wconf 87' lang='lat' dir='ltr'>moderatur</span> <span class='ocrx_word' id='word_1_150' title='bbox 611 2269 715 2323; x_wconf 88' lang='lat' dir='ltr'>autern</span> <span class='ocrx_word' id='word_1_151' title='bbox 737 2277 859 2322; x_wconf 91' lang='lat' dir='ltr'>rursum</span> <span class='ocrx_word' id='word_1_152' title='bbox 884 2262 983 2321; x_wconf 86' lang='lat' dir='ltr'>ructus</span> <span class='ocrx_word' id='word_1_153' title='bbox 998 2257 1104 2334; x_wconf 87' lang='lat' dir='ltr'>risum,</span> <span class='ocrx_word' id='word_1_154' title='bbox 1129 2257 1202 2321; x_wconf 91' lang='lat' dir='ltr'>dum</span> <span class='ocrx_word' id='word_1_155' title='bbox 1219 2257 1263 2320; x_wconf 91' lang='lat' dir='ltr'>ita</span> <span class='ocrx_word' id='word_1_156' title='bbox 1277 2256 1455 2340; x_wconf 87' lang='lat' dir='ltr'>gaudebunt</span> 
     </span>
     <span class='ocr_line' id='line_1_20' title="bbox 313 2359 1453 2443; baseline -0.001 -20"><span class='ocrx_word' id='word_1_157' title='bbox 313 2361 344 2423; x_wconf 92' lang='lat' dir='ltr'>in</span> <span class='ocrx_word' id='word_1_158' title='bbox 367 2360 468 2438; x_wconf 92' lang='lat' dir='ltr'>bonis,</span> <span class='ocrx_word' id='word_1_159' title='bbox 491 2381 530 2425; x_wconf 90' lang='lat' dir='ltr'>ne</span> <span class='ocrx_word' id='word_1_160' title='bbox 554 2362 633 2426; x_wconf 86' lang='lat' dir='ltr'>desit</span> <span class='ocrx_word' id='word_1_161' title='bbox 655 2367 754 2426; x_wconf 91' lang='lat' dir='ltr'>terror</span> <span class='ocrx_word' id='word_1_162' title='bbox 777 2360 926 2441; x_wconf 81' lang='lat' dir='ltr'>exempli:</span> <span class='ocrx_word' id='word_1_163' title='bbox 952 2361 1024 2443; x_wconf 89' lang='lat' dir='ltr'>quia</span> <span class='ocrx_word' id='word_1_164' title='bbox 1045 2361 1149 2440; x_wconf 75' lang='lat' dir='ltr'>impiae</span> <span class='ocrx_word' id='word_1_165' title='bbox 1171 2373 1202 2425; x_wconf 90' lang='lat' dir='ltr'>et</span> <span class='ocrx_word' id='word_1_166' title='bbox 1224 2359 1394 2424; x_wconf 83' lang='lat' dir='ltr'>diffidentis</span> <span class='ocrx_word' id='word_1_167' title='bbox 1416 2359 1453 2422; x_wconf 88' lang='lat' dir='ltr'>de</span> 
     </span>
     <span class='ocr_line' id='line_1_21' title="bbox 262 2464 1451 2549; baseline 0.001 -24"><span class='ocrx_word' id='word_1_168' title='bbox 262 2487 287 2525; x_wconf 79' lang='lat' dir='ltr'>a&gt;</span> <span class='ocrx_word' id='word_1_169' title='bbox 315 2483 348 2528; x_wconf 88' lang='lat' dir='ltr'>sc</span> <span class='ocrx_word' id='word_1_170' title='bbox 371 2465 566 2529; x_wconf 72' lang='lat' dir='ltr'>conscientie</span> <span class='ocrx_word' id='word_1_171' title='bbox 589 2476 644 2548; x_wconf 88' lang='lat' dir='ltr'>est,</span> <span class='ocrx_word' id='word_1_172' title='bbox 669 2467 778 2530; x_wconf 90' lang='lat' dir='ltr'>timere</span> <span class='ocrx_word' id='word_1_173' title='bbox 800 2466 867 2529; x_wconf 91' lang='lat' dir='ltr'>sine</span> <span class='ocrx_word' id='word_1_174' title='bbox 891 2465 1005 2549; x_wconf 86' lang='lat' dir='ltr'>gaudio</span> <span class='ocrx_word' id='word_1_175' title='bbox 1028 2475 1059 2529; x_wconf 90' lang='lat' dir='ltr'>et</span> <span class='ocrx_word' id='word_1_176' title='bbox 1081 2464 1243 2528; x_wconf 88' lang='lat' dir='ltr'>insolentis</span> <span class='ocrx_word' id='word_1_177' title='bbox 1266 2477 1381 2527; x_wconf 83' lang='lat' dir='ltr'>naturae</span> <span class='ocrx_word' id='word_1_178' title='bbox 1397 2479 1451 2538; x_wconf 75' lang='lat' dir='ltr'>est,</span> 
     </span>
     <span class='ocr_line' id='line_1_22' title="bbox 314 2568 683 2653; baseline 0 -22"><span class='ocrx_word' id='word_1_179' title='bbox 314 2569 381 2632; x_wconf 89' lang='lat' dir='ltr'>sine</span> <span class='ocrx_word' id='word_1_180' title='bbox 405 2568 513 2632; x_wconf 90' lang='lat' dir='ltr'>timore</span> <span class='ocrx_word' id='word_1_181' title='bbox 537 2571 683 2653; x_wconf 86' lang='lat' dir='ltr'>gaudere.</span> 
     </span>
     <span class='ocr_line' id='line_1_23' title="bbox 359 2668 1453 2756; baseline -0.002 -21"><span class='ocrx_word' id='word_1_182' title='bbox 359 2672 408 2736; x_wconf 76' lang='lat'>20.</span> <span class='ocrx_word' id='word_1_183' title='bbox 434 2671 496 2736; x_wconf 85' lang='lat' dir='ltr'>Sed</span> <span class='ocrx_word' id='word_1_184' title='bbox 520 2673 569 2756; x_wconf 90' lang='lat' dir='ltr'>qui</span> <span class='ocrx_word' id='word_1_185' title='bbox 593 2674 738 2738; x_wconf 89' lang='lat' dir='ltr'>timentes</span> <span class='ocrx_word' id='word_1_186' title='bbox 761 2673 914 2748; x_wconf 86' lang='lat' dir='ltr'>ridebunt,</span> <span class='ocrx_word' id='word_1_187' title='bbox 938 2673 970 2737; x_wconf 92' lang='lat' dir='ltr'>id</span> <span class='ocrx_word' id='word_1_188' title='bbox 993 2690 1115 2755; x_wconf 89' lang='lat' dir='ltr'>quoque</span> <span class='ocrx_word' id='word_1_189' title='bbox 1138 2671 1273 2736; x_wconf 90' lang='lat' dir='ltr'>adicient</span> <span class='ocrx_word' id='word_1_190' title='bbox 1303 2670 1343 2734; x_wconf 87' lang='lat' dir='ltr'>ad</span> <span class='ocrx_word' id='word_1_191' title='bbox 1372 2668 1453 2734; x_wconf 89' lang='lat' dir='ltr'>hunc</span> 
     </span>
     <span class='ocr_line' id='line_1_24' title="bbox 314 2775 1451 2858; baseline -0.002 -19"><span class='ocrx_word' id='word_1_192' title='bbox 314 2777 505 2840; x_wconf 87' lang='lat' dir='ltr'>moderatum</span> <span class='ocrx_word' id='word_1_193' title='bbox 529 2776 558 2840; x_wconf 94' lang='lat' dir='ltr'>in</span> <span class='ocrx_word' id='word_1_194' title='bbox 577 2778 687 2842; x_wconf 89' lang='lat' dir='ltr'>timore</span> <span class='ocrx_word' id='word_1_195' title='bbox 702 2779 809 2854; x_wconf 90' lang='lat' dir='ltr'>risum,</span> <span class='ocrx_word' id='word_1_196' title='bbox 832 2783 866 2840; x_wconf 92' lang='lat' dir='ltr'>ut</span> <span class='ocrx_word' id='word_1_197' title='bbox 882 2776 1002 2842; x_wconf 91' lang='lat' dir='ltr'>dicant:</span> <span class='ocrx_word' id='word_1_198' title='bbox 1026 2796 1118 2841; x_wconf 88' lang='lat' dir='ltr'>ecce</span> <span class='ocrx_word' id='word_1_199' title='bbox 1141 2775 1265 2852; x_wconf 81' lang='lat' dir='ltr'>homo,</span> <span class='ocrx_word' id='word_1_200' title='bbox 1289 2775 1356 2858; x_wconf 93' lang='lat' dir='ltr'>qui</span> <span class='ocrx_word' id='word_1_201' title='bbox 1379 2793 1451 2838; x_wconf 93' lang='lat' dir='ltr'>non</span> 
     </span>
     <span class='ocr_line' id='line_1_25' title="bbox 314 2878 1452 2960; baseline -0.004 -15"><span class='ocrx_word' id='word_1_202' title='bbox 314 2879 449 2958; x_wconf 79' lang='lat' dir='ltr'>posuit</span> <span class='ocrx_word' id='word_1_203' title='bbox 473 2881 585 2945; x_wconf 90' lang='lat' dir='ltr'>deum</span> <span class='ocrx_word' id='word_1_204' title='bbox 610 2883 838 2946; x_wconf 85' lang='lat' dir='ltr'>adiutorem</span> <span class='ocrx_word' id='word_1_205' title='bbox 862 2899 983 2945; x_wconf 90' lang='lat' dir='ltr'>suum.</span> <span class='ocrx_word' id='word_1_206' title='bbox 1028 2880 1268 2960; x_wconf 83' lang='lat' dir='ltr'>stultitiaeatque</span> <span class='ocrx_word' id='word_1_207' title='bbox 1287 2878 1452 2959; x_wconf 84' lang='lat' dir='ltr'>impietatis</span> 
     </span>
    </p>
   </div>
   <div class='ocr_carea' id='block_1_3' title="bbox 262 2982 1452 3157">
    <p class='ocr_par' dir='ltr' id='par_1_3' title="bbox 262 2982 1452 3157">
     <span class='ocr_line' id='line_1_26' title="bbox 262 2982 1452 3070; baseline 0.001 -26"><span class='ocrx_word' id='word_1_208' title='bbox 262 3009 287 3044; x_wconf 71' lang='lat' dir='ltr'>aa</span> <span class='ocrx_word' id='word_1_209' title='bbox 315 2992 461 3048; x_wconf 83' lang='lat' dir='ltr'>extremae</span> <span class='ocrx_word' id='word_1_210' title='bbox 483 2991 540 3066; x_wconf 83' lang='lat' dir='ltr'>est,</span> <span class='ocrx_word' id='word_1_211' title='bbox 566 3005 626 3050; x_wconf 91' lang='lat' dir='ltr'>non</span> <span class='ocrx_word' id='word_1_212' title='bbox 650 2984 832 3070; x_wconf 85' lang='lat' dir='ltr'>intellegere</span> <span class='ocrx_word' id='word_1_213' title='bbox 855 2984 912 3048; x_wconf 88' lang='lat' dir='ltr'>snb</span> <span class='ocrx_word' id='word_1_214' title='bbox 936 2984 994 3048; x_wconf 90' lang='lat' dir='ltr'>deo</span> <span class='ocrx_word' id='word_1_215' title='bbox 1016 2992 1047 3049; x_wconf 91' lang='lat' dir='ltr'>et</span> <span class='ocrx_word' id='word_1_216' title='bbox 1069 3005 1105 3048; x_wconf 82' lang='lat' dir='ltr'>ex</span> <span class='ocrx_word' id='word_1_217' title='bbox 1129 2985 1187 3049; x_wconf 91' lang='lat' dir='ltr'>deo</span> <span class='ocrx_word' id='word_1_218' title='bbox 1208 2982 1322 3059; x_wconf 88' lang='lat' dir='ltr'>uiuere,</span> <span class='ocrx_word' id='word_1_219' title='bbox 1346 2982 1401 3047; x_wconf 90' lang='lat' dir='ltr'>sed</span> <span class='ocrx_word' id='word_1_220' title='bbox 1424 2983 1452 3044; x_wconf 86' lang='lat' dir='ltr'>ia</span> 
     </span>
     <span class='ocr_line' id='line_1_27' title="bbox 358 3087 570 3157; baseline 0.019 -17"><span class='ocrx_word' id='word_1_221' title='bbox 358 3087 371 3140; x_wconf 88' lang='lat'><em>1</em></span> <span class='ocrx_word' id='word_1_222' title='bbox 390 3088 447 3142; x_wconf 80' lang='lat' dir='ltr'>ron.</span> <span class='ocrx_word' id='word_1_223' title='bbox 465 3088 511 3157; x_wconf 85' lang='lat' dir='ltr'>rv,</span> <span class='ocrx_word' id='word_1_224' title='bbox 528 3091 570 3144; x_wconf 76' lang='lat' dir='ltr'>as.</span> 
     </span>
    </p>
   </div>
   <div class='ocr_carea' id='block_1_4' title="bbox 313 3189 1456 3466">
    <p class='ocr_par' dir='ltr' id='par_1_4' title="bbox 313 3189 1456 3466">
     <span class='ocr_line' id='line_1_28' title="bbox 356 3189 1454 3262; baseline -0.001 -17"><span class='ocrx_word' id='word_1_225' title='bbox 356 3196 464 3260; x_wconf 58' lang='lat' dir='ltr'>‘dquam</span> <span class='ocrx_word' id='word_1_226' title='bbox 475 3194 554 3246; x_wconf 88' lang='lat' dir='ltr'>albae</span> <span class='ocrx_word' id='word_1_227' title='bbox 567 3213 596 3246; x_wconf 78' lang='lat' dir='ltr'>ex</span> <span class='ocrx_word' id='word_1_228' title='bbox 606 3211 659 3262; x_wconf 88' lang='lat' dir='ltr'>qua</span> <span class='ocrx_word' id='word_1_229' title='bbox 672 3195 751 3248; x_wconf 84' lang='lat' dir='ltr'>albae</span> <span class='ocrx_word' id='word_1_230' title='bbox 763 3194 857 3246; x_wconf 81' lang='lat' dir='ltr'>na2V</span> <span class='ocrx_word' id='word_1_231' title='bbox 889 3195 923 3246; x_wconf 88' lang='lat' dir='ltr'>ad</span> <span class='ocrx_word' id='word_1_232' title='bbox 937 3211 1038 3247; x_wconf 85' lang='lat' dir='ltr'>messes</span> <span class='ocrx_word' id='word_1_233' title='bbox 1055 3191 1102 3245; x_wconf 99' lang='grc' dir='ltr'>ΡΤ</span> <span class='ocrx_word' id='word_1_234' title='bbox 1137 3211 1200 3246; x_wconf 91' lang='lat' dir='ltr'>cum</span> <span class='ocrx_word' id='word_1_235' title='bbox 1216 3189 1314 3245; x_wconf 74' lang='lat' dir='ltr'><em>VRPT</em></span> <span class='ocrx_word' id='word_1_236' title='bbox 1348 3193 1454 3246; x_wconf 72' lang='lat' dir='ltr'>{latex</span> 
     </span>
     <span class='ocr_line' id='line_1_29' title="bbox 314 3276 1456 3348; baseline -0.001 -16"><span class='ocrx_word' id='word_1_237' title='bbox 314 3279 362 3332; x_wconf 93' lang='lat' dir='ltr'>illo</span> <span class='ocrx_word' id='word_1_238' title='bbox 374 3277 421 3332; x_wconf 87' lang='grc' dir='ltr'>ΡΤ</span> <span class='ocrx_word' id='word_1_239' title='bbox 455 3281 541 3334; x_wconf 73' lang='lat' dir='ltr'>desse</span> <span class='ocrx_word' id='word_1_240' title='bbox 551 3281 609 3334; x_wconf 87' lang='lat' dir='ltr'>sine</span> <span class='ocrx_word' id='word_1_241' title='bbox 619 3279 723 3348; x_wconf 74' lang='lat' dir='ltr'>(uuiaet)</span> <span class='ocrx_word' id='word_1_242' title='bbox 732 3283 756 3334; x_wconf 62' lang='lat' dir='ltr'>l*</span> <span class='ocrx_word' id='word_1_243' title='bbox 765 3287 793 3335; x_wconf 89' lang='lat' dir='ltr'>et</span> <span class='ocrx_word' id='word_1_244' title='bbox 805 3298 864 3334; x_wconf 83' lang='lat' dir='ltr'>esse</span> <span class='ocrx_word' id='word_1_245' title='bbox 877 3298 905 3334; x_wconf 83' lang='lat' dir='ltr'>se</span> <span class='ocrx_word' id='word_1_246' title='bbox 919 3281 977 3334; x_wconf 90' lang='lat' dir='ltr'>sine</span> <span class='ocrx_word' id='word_1_247' title='bbox 990 3279 1013 3328; x_wconf 86' lang='lat' dir='ltr'><em>P</em></span> <span class='ocrx_word' id='word_1_248' title='bbox 1045 3284 1062 3336; x_wconf 84' lang='lat'>6</span> <span class='ocrx_word' id='word_1_249' title='bbox 1074 3280 1338 3334; x_wconf 77' lang='lat' dir='ltr'>exaesurusl&#39;ex:</span> <span class='ocrx_word' id='word_1_250' title='bbox 1348 3276 1456 3331; x_wconf 83' lang='lat' dir='ltr'>suntsP</span> 
     </span>
     <span class='ocr_line' id='line_1_30' title="bbox 313 3367 1453 3466; baseline -0.001 -46"><span class='ocrx_word' id='word_1_251' title='bbox 313 3369 328 3420; x_wconf 88' lang='grc'><strong>7</strong></span> <span class='ocrx_word' id='word_1_252' title='bbox 348 3367 418 3420; x_wconf 82' lang='lat' dir='ltr'>sciat</span> <span class='ocrx_word' id='word_1_253' title='bbox 431 3383 594 3434; x_wconf 89' lang='lat' dir='ltr'>-quorum</span> <span class='ocrx_word' id='word_1_254' title='bbox 612 3387 668 3438; x_wconf 85' lang='lat' dir='ltr'>sup.</span> <span class='ocrx_word' id='word_1_255' title='bbox 688 3370 731 3420; x_wconf 85' lang='lat' dir='ltr'>lin.</span> <span class='ocrx_word' id='word_1_256' title='bbox 751 3387 768 3420; x_wconf 87' lang='lat' dir='ltr'>o</span> <span class='ocrx_word' id='word_1_257' title='bbox 785 3367 849 3421; x_wconf 75' lang='lat' dir='ltr'>m.2</span> <span class='ocrx_word' id='word_1_258' title='bbox 866 3369 888 3420; x_wconf 82' lang='lat' dir='ltr'>l&#39;</span> <span class='ocrx_word' id='word_1_259' title='bbox 937 3370 955 3420; x_wconf 88' lang='grc'>9</span> <span class='ocrx_word' id='word_1_260' title='bbox 973 3367 1163 3420; x_wconf 85' lang='lat' dir='ltr'>damnationes</span> <span class='ocrx_word' id='word_1_261' title='bbox 1179 3367 1279 3419; x_wconf 77' lang='lat' dir='ltr'>t&#39;rn&#39;E</span> <span class='ocrx_word' id='word_1_262' title='bbox 1330 3372 1360 3419; x_wconf 90' lang='lat' dir='ltr'>et</span> <span class='ocrx_word' id='word_1_263' title='bbox 1377 3382 1453 3466; x_wconf 48' lang='lat' dir='ltr'>proc:¹</span> 
     </span>
    </p>
   </div>
   <div class='ocr_carea' id='block_1_5' title="bbox 309 3487 1455 4324">
    <p class='ocr_par' dir='ltr' id='par_1_5' title="bbox 309 3487 1455 4324">
     <span class='ocr_line' id='line_1_31' title="bbox 314 3487 1446 3559; baseline -0.001 -18"><span class='ocrx_word' id='word_1_264' title='bbox 314 3495 403 3543; x_wconf 86' lang='lat' dir='ltr'>sentes</span> <span class='ocrx_word' id='word_1_265' title='bbox 413 3495 441 3543; x_wconf 87' lang='lat' dir='ltr'>ct</span> <span class='ocrx_word' id='word_1_266' title='bbox 450 3495 576 3542; x_wconf 84' lang='lat' dir='ltr'>aeternas</span> <span class='ocrx_word' id='word_1_267' title='bbox 588 3489 759 3543; x_wconf 84' lang='lat' dir='ltr'>calamitates</span> <span class='ocrx_word' id='word_1_268' title='bbox 768 3491 861 3559; x_wconf 76' lang='lat' dir='ltr'>scripsi</span> <span class='ocrx_word' id='word_1_269' title='bbox 869 3491 903 3558; x_wconf 76' lang='lat' dir='ltr'>cs.</span> <span class='ocrx_word' id='word_1_270' title='bbox 912 3490 974 3541; x_wconf 77' lang='lat' dir='ltr'>Aut.</span> <span class='ocrx_word' id='word_1_271' title='bbox 982 3487 1077 3549; x_wconf 53' lang='lat'>1146]</span> <span class='ocrx_word' id='word_1_272' title='bbox 1100 3496 1128 3542; x_wconf 87' lang='lat' dir='ltr'>et</span> <span class='ocrx_word' id='word_1_273' title='bbox 1137 3487 1288 3556; x_wconf 85' lang='lat' dir='ltr'>praesentis</span> <span class='ocrx_word' id='word_1_274' title='bbox 1297 3493 1327 3541; x_wconf 91' lang='lat' dir='ltr'>et</span> <span class='ocrx_word' id='word_1_275' title='bbox 1336 3494 1446 3541; x_wconf 82' lang='lat' dir='ltr'>aeterna</span> 
     </span>
     <span class='ocr_line' id='line_1_32' title="bbox 313 3573 1453 3645; baseline -0.003 -17"><span class='ocrx_word' id='word_1_276' title='bbox 313 3576 484 3630; x_wconf 82' lang='lat' dir='ltr'>calamitates</span> <span class='ocrx_word' id='word_1_277' title='bbox 500 3575 537 3628; x_wconf 84' lang='lat' dir='ltr'>R¹</span> <span class='ocrx_word' id='word_1_278' title='bbox 556 3585 584 3630; x_wconf 90' lang='lat' dir='ltr'>et</span> <span class='ocrx_word' id='word_1_279' title='bbox 605 3583 762 3645; x_wconf 80' lang='lat' dir='ltr'>praesentes</span> <span class='ocrx_word' id='word_1_280' title='bbox 784 3583 812 3630; x_wconf 88' lang='lat' dir='ltr'>et</span> <span class='ocrx_word' id='word_1_281' title='bbox 832 3583 960 3630; x_wconf 87' lang='lat' dir='ltr'>aeternae</span> <span class='ocrx_word' id='word_1_282' title='bbox 981 3575 1153 3628; x_wconf 77' lang='lat' dir='ltr'>calamitates</span> <span class='ocrx_word' id='word_1_283' title='bbox 1165 3575 1188 3627; x_wconf 87' lang='lat' dir='ltr'>l&#39;</span> <span class='ocrx_word' id='word_1_284' title='bbox 1207 3581 1236 3627; x_wconf 89' lang='lat' dir='ltr'>et</span> <span class='ocrx_word' id='word_1_285' title='bbox 1252 3573 1405 3642; x_wconf 86' lang='lat' dir='ltr'>praesentis</span> <span class='ocrx_word' id='word_1_286' title='bbox 1426 3579 1453 3625; x_wconf 88' lang='lat' dir='ltr'>et</span> 
     </span>
     <span class='ocr_line' id='line_1_33' title="bbox 313 3656 1452 3717; baseline -0.002 -3"><span class='ocrx_word' id='word_1_287' title='bbox 313 3668 440 3716; x_wconf 83' lang='lat' dir='ltr'>aeternae</span> <span class='ocrx_word' id='word_1_288' title='bbox 458 3663 624 3716; x_wconf 82' lang='lat' dir='ltr'>calamitatis</span> <span class='ocrx_word' id='word_1_289' title='bbox 637 3661 753 3716; x_wconf 78' lang='lat' dir='ltr'><em>R&#39;PTE</em></span> <span class='ocrx_word' id='word_1_290' title='bbox 806 3665 838 3717; x_wconf 89' lang='lat' dir='ltr'>ll</span> <span class='ocrx_word' id='word_1_291' title='bbox 848 3668 890 3716; x_wconf 84' lang='lat' dir='ltr'>est</span> <span class='ocrx_word' id='word_1_292' title='bbox 907 3662 1042 3716; x_wconf 84' lang='lat' dir='ltr'>terribilis</span> <span class='ocrx_word' id='word_1_293' title='bbox 1062 3659 1112 3713; x_wconf 91' lang='grc' dir='ltr'>ΡΤ</span> <span class='ocrx_word' id='word_1_294' title='bbox 1127 3661 1165 3714; x_wconf 87' lang='lat' dir='ltr'>sit</span> <span class='ocrx_word' id='word_1_295' title='bbox 1181 3660 1233 3713; x_wconf 92' lang='lat' dir='ltr'>hoc</span> <span class='ocrx_word' id='word_1_296' title='bbox 1252 3660 1389 3714; x_wconf 85' lang='lat' dir='ltr'>terribilis</span> <span class='ocrx_word' id='word_1_297' title='bbox 1401 3656 1452 3712; x_wconf 67' lang='lat' dir='ltr'>Ru</span> 
     </span>
     <span class='ocr_line' id='line_1_34' title="bbox 309 3746 1450 3822; baseline -0.002 -22"><span class='ocrx_word' id='word_1_298' title='bbox 309 3761 368 3819; x_wconf 84' lang='lat' dir='ltr'>post</span> <span class='ocrx_word' id='word_1_299' title='bbox 387 3749 548 3803; x_wconf 77' lang='lat' dir='ltr'>terribilis]</span> <span class='ocrx_word' id='word_1_300' title='bbox 560 3752 639 3803; x_wconf 76' lang='lat' dir='ltr'>litter</span> <span class='ocrx_word' id='word_1_301' title='bbox 654 3761 714 3822; x_wconf 79' lang='lat' dir='ltr'>post</span> <span class='ocrx_word' id='word_1_302' title='bbox 733 3747 1050 3819; x_wconf 53' lang='lat' dir='ltr'>mememoratur?</span> <span class='ocrx_word' id='word_1_303' title='bbox 1096 3751 1128 3802; x_wconf 77' lang='lat'>12</span> <span class='ocrx_word' id='word_1_304' title='bbox 1137 3763 1191 3800; x_wconf 90' lang='lat' dir='ltr'>non</span> <span class='ocrx_word' id='word_1_305' title='bbox 1211 3746 1281 3800; x_wconf 89' lang='lat' dir='ltr'>nihil</span> <span class='ocrx_word' id='word_1_306' title='bbox 1295 3748 1321 3799; x_wconf 89' lang='grc' dir='ltr'><em>Τ</em></span> <span class='ocrx_word' id='word_1_307' title='bbox 1363 3747 1450 3801; x_wconf 73' lang='lat' dir='ltr'>inest</span> 
     </span>
     <span class='ocr_line' id='line_1_35' title="bbox 314 3821 1451 3906; baseline -0.003 -18"><span class='ocrx_word' id='word_1_308' title='bbox 314 3834 377 3889; x_wconf 84' lang='lat' dir='ltr'>P&#39;l&#39;b</span> <span class='ocrx_word' id='word_1_309' title='bbox 431 3837 463 3890; x_wconf 82' lang='lat'>13</span> <span class='ocrx_word' id='word_1_310' title='bbox 475 3836 668 3906; x_wconf 83' lang='lat' dir='ltr'>intellegentes</span> <span class='ocrx_word' id='word_1_311' title='bbox 687 3821 717 3890; x_wconf 68' lang='lat' dir='ltr'>eu</span> <span class='ocrx_word' id='word_1_312' title='bbox 735 3836 937 3905; x_wconf 81' lang='lat' dir='ltr'>intellegendus</span> <span class='ocrx_word' id='word_1_313' title='bbox 956 3854 989 3888; x_wconf 85' lang='lat' dir='ltr'>m.</span> <span class='ocrx_word' id='word_1_314' title='bbox 1007 3834 1068 3889; x_wconf 71' lang='lat'>211</span> <span class='ocrx_word' id='word_1_315' title='bbox 1118 3838 1151 3888; x_wconf 80' lang='lat'>14</span> <span class='ocrx_word' id='word_1_316' title='bbox 1168 3834 1451 3888; x_wconf 69' lang='lat' dir='ltr'>timeautatimerue</span> 
     </span>
     <span class='ocr_line' id='line_1_36' title="bbox 314 3917 1455 3994; baseline -0.003 -20"><span class='ocrx_word' id='word_1_317' title='bbox 314 3941 346 3976; x_wconf 85' lang='lat' dir='ltr'>m.</span> <span class='ocrx_word' id='word_1_318' title='bbox 369 3921 390 3974; x_wconf 74' lang='lat'>:²</span> <span class='ocrx_word' id='word_1_319' title='bbox 413 3925 437 3976; x_wconf 74' lang='lat' dir='ltr'>l&#39;</span> <span class='ocrx_word' id='word_1_320' title='bbox 468 3929 526 3978; x_wconf 76' lang='lat' dir='ltr'>tam</span> <span class='ocrx_word' id='word_1_321' title='bbox 545 3923 568 3976; x_wconf 81' lang='lat' dir='ltr'>dt</span> <span class='ocrx_word' id='word_1_322' title='bbox 587 3924 621 3978; x_wconf 86' lang='lat' dir='ltr'>de</span> <span class='ocrx_word' id='word_1_323' title='bbox 644 3924 737 3978; x_wconf 85' lang='lat' dir='ltr'>fructu</span> <span class='ocrx_word' id='word_1_324' title='bbox 764 3922 800 3990; x_wconf 77' lang='lat' dir='ltr'>(dt</span> <span class='ocrx_word' id='word_1_325' title='bbox 823 3942 894 3994; x_wconf 82' lang='lat' dir='ltr'>supr.</span> <span class='ocrx_word' id='word_1_326' title='bbox 918 3941 967 3976; x_wconf 82' lang='lat' dir='ltr'>scr.</span> <span class='ocrx_word' id='word_1_327' title='bbox 991 3941 1025 3975; x_wconf 86' lang='lat' dir='ltr'>m.</span> <span class='ocrx_word' id='word_1_328' title='bbox 1048 3919 1078 3989; x_wconf 74' lang='lat'>3)</span> <span class='ocrx_word' id='word_1_329' title='bbox 1098 3923 1123 3974; x_wconf 88' lang='lat' dir='ltr'><em>R</em></span> <span class='ocrx_word' id='word_1_330' title='bbox 1178 3921 1316 3989; x_wconf 74' lang='lat' dir='ltr'>utigitur</span> <span class='ocrx_word' id='word_1_331' title='bbox 1339 3939 1388 3973; x_wconf 80' lang='lat' dir='ltr'>om.</span> <span class='ocrx_word' id='word_1_332' title='bbox 1408 3917 1455 3971; x_wconf 88' lang='grc' dir='ltr'>ΡΤ</span> 
     </span>
     <span class='ocr_line' id='line_1_37' title="bbox 314 4007 1452 4080; baseline -0.003 -17"><span class='ocrx_word' id='word_1_333' title='bbox 314 4012 347 4064; x_wconf 94' lang='grc'>19</span> <span class='ocrx_word' id='word_1_334' title='bbox 365 4009 485 4078; x_wconf 84' lang='lat' dir='ltr'>exempli</span> <span class='ocrx_word' id='word_1_335' title='bbox 503 4029 533 4062; x_wconf 81' lang='lat' dir='ltr'>en</span> <span class='ocrx_word' id='word_1_336' title='bbox 551 4011 676 4080; x_wconf 87' lang='lat' dir='ltr'>exemplo</span> <span class='ocrx_word' id='word_1_337' title='bbox 695 4031 727 4064; x_wconf 82' lang='lat' dir='ltr'>nt.</span> <span class='ocrx_word' id='word_1_338' title='bbox 748 4011 763 4062; x_wconf 85' lang='lat'><em>1</em></span> <span class='ocrx_word' id='word_1_339' title='bbox 774 4011 800 4064; x_wconf 85' lang='lat' dir='ltr'><em>R</em></span> <span class='ocrx_word' id='word_1_340' title='bbox 851 4011 927 4080; x_wconf 86' lang='lat' dir='ltr'>inpie</span> <span class='ocrx_word' id='word_1_341' title='bbox 945 4010 969 4063; x_wconf 79' lang='lat' dir='ltr'><em>V</em></span> <span class='ocrx_word' id='word_1_342' title='bbox 985 4009 1069 4078; x_wconf 89' lang='lat' dir='ltr'>impie</span> <span class='ocrx_word' id='word_1_343' title='bbox 1089 4007 1113 4056; x_wconf 90' lang='lat' dir='ltr'><em>P</em></span> <span class='ocrx_word' id='word_1_344' title='bbox 1162 4010 1198 4062; x_wconf 72' lang='lat'>20</span> <span class='ocrx_word' id='word_1_345' title='bbox 1214 4007 1452 4061; x_wconf 76' lang='lat' dir='ltr'>insolentisatin-</span> 
     </span>
     <span class='ocr_line' id='line_1_38' title="bbox 314 4093 1452 4166; baseline -0.002 -18"><span class='ocrx_word' id='word_1_346' title='bbox 314 4095 469 4150; x_wconf 78' lang='lat' dir='ltr'>solentesll</span> <span class='ocrx_word' id='word_1_347' title='bbox 514 4099 549 4150; x_wconf 75' lang='grc'>22</span> <span class='ocrx_word' id='word_1_348' title='bbox 558 4097 607 4151; x_wconf 86' lang='lat' dir='ltr'>sed</span> <span class='ocrx_word' id='word_1_349' title='bbox 625 4099 690 4166; x_wconf 86' lang='lat' dir='ltr'>quia</span> <span class='ocrx_word' id='word_1_350' title='bbox 702 4095 750 4149; x_wconf 86' lang='lat' dir='ltr'>PT</span> <span class='ocrx_word' id='word_1_351' title='bbox 797 4097 918 4151; x_wconf 88' lang='lat' dir='ltr'>adicient</span> <span class='ocrx_word' id='word_1_352' title='bbox 936 4114 967 4150; x_wconf 78' lang='lat' dir='ltr'>ez</span> <span class='ocrx_word' id='word_1_353' title='bbox 983 4096 1120 4149; x_wconf 87' lang='lat' dir='ltr'>adsicieut</span> <span class='ocrx_word' id='word_1_354' title='bbox 1138 4093 1237 4147; x_wconf 61' lang='grc' dir='ltr'>ΜΤ</span> <span class='ocrx_word' id='word_1_355' title='bbox 1280 4095 1356 4148; x_wconf 75' lang='lat' dir='ltr'>eain</span> <span class='ocrx_word' id='word_1_356' title='bbox 1371 4094 1452 4147; x_wconf 87' lang='lat' dir='ltr'>tirno-</span> 
     </span>
     <span class='ocr_line' id='line_1_39' title="bbox 314 4179 1447 4265; baseline -0.003 -30"><span class='ocrx_word' id='word_1_357' title='bbox 314 4201 372 4236; x_wconf 84' lang='lat' dir='ltr'>rom</span> <span class='ocrx_word' id='word_1_358' title='bbox 397 4183 421 4235; x_wconf 93' lang='lat' dir='ltr'><em>V</em></span> <span class='ocrx_word' id='word_1_359' title='bbox 470 4185 504 4237; x_wconf 78' lang='lat'>24</span> <span class='ocrx_word' id='word_1_360' title='bbox 528 4185 664 4238; x_wconf 86' lang='lat' dir='ltr'>stultitiae</span> <span class='ocrx_word' id='word_1_361' title='bbox 688 4185 778 4252; x_wconf 88' lang='lat' dir='ltr'>adque</span> <span class='ocrx_word' id='word_1_362' title='bbox 803 4185 850 4238; x_wconf 71' lang='lat' dir='ltr'>VR</span> <span class='ocrx_word' id='word_1_363' title='bbox 869 4184 892 4265; x_wconf 79' lang='lat' dir='ltr'>si</span> <span class='ocrx_word' id='word_1_364' title='bbox 910 4183 1026 4237; x_wconf 85' lang='lat' dir='ltr'>ultimae</span> <span class='ocrx_word' id='word_1_365' title='bbox 1049 4189 1132 4250; x_wconf 89' lang='lat' dir='ltr'>atque</span> <span class='ocrx_word' id='word_1_366' title='bbox 1152 4179 1177 4229; x_wconf 87' lang='grc' dir='ltr'><em>Ρ</em></span> <span class='ocrx_word' id='word_1_367' title='bbox 1191 4181 1306 4235; x_wconf 86' lang='lat' dir='ltr'>ultimae</span> <span class='ocrx_word' id='word_1_368' title='bbox 1329 4181 1447 4249; x_wconf 70' lang='lat' dir='ltr'>atque?</span> 
     </span>
     <span class='ocr_line' id='line_1_40' title="bbox 313 4268 565 4324; baseline 0.004 -2"><span class='ocrx_word' id='word_1_369' title='bbox 313 4271 463 4324; x_wconf 75' lang='lat' dir='ltr'>essesut</span> <span class='ocrx_word' id='word_1_370' title='bbox 484 4268 565 4323; x_wconf 86' lang='lat' dir='ltr'><em>PTE.</em></span> 
     </span>
    </p>
   </div>
   <div class='ocr_carea' id='block_1_6' title="bbox 0 0 1544 4967">
    <p class='ocr_par' dir='ltr' id='par_1_6' title="bbox 0 0 1544 4967">
     <span class='ocr_line' id='line_1_41' title="bbox 0 0 1544 4967; baseline 0 0"><span class='ocrx_word' id='word_1_371' title='bbox 0 0 1544 4967; x_wconf 95' lang='lat' dir='ltr'> </span> 
     </span>
    </p>
   </div>
  </div>
 </body>
</html>
