3075 4967
396 280 576 330 tractatus
595 276 629 328 in
647 274 822 343 psalmum
839 273 963 328 LXVIII.
995 343 998 348 Ι
1189 273 1253 340 319

119 467 360 533 conualesuentes
383 466 499 531 Inimici
522 465 635 531 iniuste
658 469 729 529 sunt
752 466 913 546 persecuti.
958 486 1021 532 nun
1044 466 1125 532 enirn
1145 486 1255 548 peccu-

119 579 174 636 tum
197 579 313 656 egerat,
337 590 394 636 nee
418 569 519 636 dolum
544 568 711 648 habuerat;
746 577 777 634 et
808 569 887 646 ideo,
911 589 980 654 quae
1012 589 1075 636 non
1100 577 1252 654 rapuerat,

120 682 182 740 tunc
204 675 401 757 repetebatur
424 673 592 740 exsoluere.
638 693 709 738 cum
734 674 818 738 euim
842 674 965 740 debitur
990 675 1098 740 mortis
1121 675 1254 756 peccati·

121 799 173 863 que
193 801 254 845 non
286 789 377 856 esset,
409 784 567 862 tamquam
591 777 709 861 peccati
734 785 763 844 et
787 777 896 843 mortis
930 779 1052 844 debitur
1083 778 1254 853 tenebatur,

122 885 155 948 ab
175 883 223 948 his
244 883 371 960 scilicet,
396 883 448 966 qui
470 883 502 946 in
518 903 554 949 eo
571 881 689 967 peccati
705 880 818 966 legem,
841 901 910 966 quae
924 881 957 947 in
971 881 1123 948 membris
1137 883 1253 948 nostris
1294 910 1306 948 a

124 993 171 1064 est
204 988 392 1052 exserebant.
437 987 483 1051 de
517 992 686 1068 peccatu
726 986 808 1050 euim
843 986 1132 1053 condemnauit
1169 1007 1253 1067 pec·

124 1097 244 1156 catum
273 1092 312 1155 in
343 1110 475 1156 earne.
883 1165 888 1175 ,

162 1193 189 1258 8.
213 1193 247 1259 ln
269 1213 330 1278 quo
354 1195 424 1277 quie
447 1214 597 1278 magnum
620 1194 734 1260 diuinae
749 1195 909 1274 sapientie
923 1194 1087 1261 eonsilium
1103 1194 1253 1277 explebat,

128 1298 273 1382 crucisque
296 1319 380 1364 mors
403 1299 433 1364 in
459 1301 517 1364 deo
541 1298 668 1364 stultitia
702 1299 848 1383 gentibus
878 1299 1047 1376 uidebatur,
1078 1318 1254 1384 magnaque

130 1403 156 1466 iu
176 1423 208 1468 ee
221 1403 350 1468 caelcstis
367 1409 561 1487 terrenaeque
577 1403 644 1486 spei
660 1403 833 1486 expectatio
846 1403 954 1479 inerat,
977 1403 1120 1468 subiecit:
1147 1403 1253 1480 deus,
1281 1427 1307 1464 lt)

133 1513 165 1572 tu
183 1507 254 1573 seis
276 1507 560 1591 insipientiam
584 1527 718 1584 meam,
735 1513 773 1572 et
795 1507 950 1573 delicta
972 1528 1056 1574 mea
1078 1528 1097 1572 a
1120 1515 1156 1572 te
1179 1527 1254 1572 nun

135 1619 210 1676 sunt
230 1611 479 1677 abscondite.
526 1633 600 1676 neu
625 1611 929 1676 confunduntur
951 1613 992 1676 in
1015 1633 1081 1690 me,
1104 1609 1172 1696 qul
1195 1632 1255 1678 ex·

135 1723 279 1797 pectant
301 1722 347 1794 te,
372 1716 532 1782 domine
555 1715 767 1781 uirtutum:
791 1735 867 1780 non
889 1722 1109 1782 uersantur
1131 1736 1255 1800 super

136 1822 269 1904 nequi
292 1827 544 1905 quaeruutte‚
568 1819 664 1886 deus
689 1819 860 1886 Israhel.
904 1820 1255 1902 iusipientioesuaedeus

137 1925 254 1989 eonseins
276 1932 334 2001 est,
358 1929 389 1990 et
412 1923 524 1990 delicta
546 1943 601 1990 sua
624 1925 806 1990 abscondita
829 1923 868 1988 ab
892 1945 929 1988 eu
951 1945 1014 1990 non
1037 1931 1124 1990 sunt:
1147 1943 1254 2006 poenas
1282 1947 1306 1984 u

136 2026 233 2092 scilicet
251 2028 435 2110 insipientia
455 2041 485 2094 et
501 2027 691 2104 delictorum,
716 2047 792 2112 quas
808 2049 870 2093 non
884 2034 1035 2110 rapuerat
1058 2027 1256 2108 repetebatur

138 2131 279 2197 ursuluere.
325 2153 423 2216 usque
457 2133 498 2196 ad
531 2131 630 2198 crucis
665 2139 767 2196 autem
803 2131 960 2198 stultitiam
985 2132 1080 2196 -id
1105 2133 1256 2215 estquis

140 2233 240 2300 stultitia
261 2238 300 2302 sit
323 2235 468 2321 gentibus
492 2243 618 2318 peccata
633 2243 737 2302 nostra
759 2237 805 2302 sic
819 2237 993 2318 suscipiens
1010 2274 1050 2284 —
1066 2244 1099 2300 ut
1113 2246 1256 2318 peccatur

139 2343 162 2400 ut
178 2339 275 2406 stultus
299 2341 398 2424 gratis
420 2341 593 2424 iniustaque
617 2347 753 2406 uexatur.
798 2342 855 2406 sed
883 2341 956 2424 quia
978 2339 1139 2406 stultitiam
1162 2351 1255 2423 atque

137 2441 228 2509 delicta
247 2453 374 2528 propter
397 2445 580 2526 sapientiam
610 2449 745 2510 nostram
769 2446 927 2529 uitamque
950 2451 1134 2527 susceperat,
1168 2450 1202 2509 ut
1224 2451 1254 2508 et
1281 2463 1306 2502 a

135 2546 284 2630 principem
308 2548 412 2614 sarculi
435 2549 586 2614 iudicaret
608 2556 638 2614 et
661 2549 699 2614 de
723 2555 849 2631 peccato
865 2549 1085 2614 condemnaret
1105 2549 1138 2614 in
1160 2569 1255 2614 carne

134 2659 269 2728 meatum
294 2689 334 2700 -
359 2673 428 2718 cum
453 2653 578 2736 quando
601 2652 633 2717 in
656 2671 699 2730 se,
722 2653 753 2718 in
777 2673 869 2719 carne
899 2652 1017 2719 scilicet
1039 2653 1175 2735 corporis
1198 2653 1254 2728 sui,

131 2752 231 2839 inqua
250 2756 327 2822 nihil
349 2756 482 2822 inueniri
504 2763 624 2838 poterat
647 2757 776 2840 peceati,
800 2758 965 2822 secundum
983 2759 1066 2842 quud
1080 2757 1138 2823 ait:
1162 2777 1256 2822 ecce

130 2859 252 2926 ueniet
274 2863 472 2946 prIneeps
495 2860 628 2926 mundi
653 2867 690 2926 et
712 2882 787 2927 nun
810 2861 996 2928 inueniet
1018 2862 1058 2928 in
1074 2862 1256 2945 mequic·

127 2981 235 3046 quam,
256 2965 386 3032 ueniens
408 2964 460 3031 hic
482 2965 591 3031 muudi
611 2965 757 3050 princeps
779 2965 919 3050 nihilque
940 2966 1102 3034 inueniens
1135 2965 1256 3051 peccati
1282 2981 1308 3022 π

126 3073 216 3136 umen
249 3089 384 3152 poenam,
419 3069 451 3134 id
486 3078 533 3136 est
554 3069 601 3135 ius
636 3070 755 3150 mortis,
779 3071 905 3149 exeruit
927 3091 984 3152 per
1005 3071 1088 3155 quud
1111 3069 1256 3136 humanm

125 3175 222 3239 mortis
244 3183 357 3254 auctor,
381 3173 455 3258 quia
477 3174 509 3240 in
531 3181 689 3240 auctorem
712 3175 785 3240 uitae
807 3175 925 3257 peceati
953 3175 1094 3242 nescium
1122 3180 1255 3240 mortem

162 3303 267 3358 tillem.
287 3303 361 3372 VIII,
378 3306 404 3358 3.
439 3305 474 3360 93
491 3304 548 3358 Ioh.
567 3304 638 3372 XIV,
657 3307 699 3362 30.

164 3417 433 3471 tcouuuliscentisV
482 3419 679 3486 ssmpuerateoe
693 3425 846 3488 rapuerunt
855 3418 958 3473 m.2V
1006 3420 1215 3488 tiexpetebatur
1236 3419 1260 3472 V

126 3502 255 3557 exsoluere
284 3521 314 3558 er
344 3503 524 3558 exsoluerunt
552 3523 585 3559 m.
616 3503 637 3557 2
668 3506 693 3558 V
752 3508 769 3559 6
794 3512 836 3558 est
859 3524 908 3559 om.
932 3505 957 3558 V
1016 3505 1080 3558 'tin
1099 3522 1210 3560 earnem
1235 3506 1259 3560 V

877 3602 892 3631 8

127 3640 275 3710 Sexplebut
293 3642 441 3696 eonsilium
460 3643 499 3696 Pb
551 3644 683 3699 9mortis
703 3645 730 3696 P
780 3644 881 3698 stultiti
911 3663 978 3698 corr.
997 3663 1030 3700 m.
1049 3642 1112 3698 2V
1161 3647 1194 3698 Il
1213 3646 1256 3698 tui

130 3725 217 3780 aeisV
265 3731 297 3784 tu
315 3729 448 3784 absconsa
466 3729 492 3783 R
545 3735 694 3800 expectant
712 3737 741 3784 te
759 3749 790 3784 ex
808 3735 954 3800 expectate
975 3750 1007 3784 m.
1027 3730 1048 3784 2
1070 3731 1096 3784 V
1146 3733 1179 3786 13
1197 3742 1256 3784 unte

132 3809 226 3868 domine
243 3835 306 3870 crus.
326 3811 380 3872 dr'r'e
399 3817 425 3870 R
479 3819 512 3871 14
530 3823 649 3885 querunt
674 3818 700 3872 V
749 3816 864 3872 istrahel
889 3818 913 3869 V
964 3820 997 3873 15
1014 3817 1212 3888 poenasctlicet
1231 3819 1256 3871 R

134 3897 161 3946 16
177 3909 294 3969 rapuerat
312 3923 343 3958 ex
360 3909 513 3974 rapuerunt
532 3920 562 3958 m.
582 3903 602 3956 2
626 3905 651 3958 V
703 3908 734 3959 17
753 3905 819 3973 quia
837 3905 924 3958 stulta
947 3905 1052 3973 unia
1070 3905 1186 3958 stultum
1204 3905 1258 3957 Pa·

138 3983 165 4036 ts
186 3988 276 4060 suscipi
295 3996 325 4045 ut
345 3989 385 4060 (pi
403 3997 435 4044 ut
453 3994 479 4044 ia
497 4009 549 4044 rus.
569 3989 606 4057 P)
626 3992 679 4044 Pu:
732 3995 764 4046 19
791 3991 963 4060 iniustaeque
987 3992 1035 4045 VR
1087 3996 1205 4046 uexatur
1226 4009 1256 4044 au

138 4075 275 4128 uenturi>
323 4080 359 4132 20
377 4083 408 4132 ut
426 4077 580 4147 priueIpem
598 4077 639 4132 Pb
691 4079 723 4130 21
743 4083 772 4132 et
790 4082 905 4146 peceato
929 4077 955 4131 V
1002 4079 1037 4132 22
1054 4083 1197 4146 peccatom
1221 4076 1255 4131 V¹

142 4152 296 4228 utinquam
320 4165 344 4216 l'
394 4167 429 4218 25
447 4163 571 4233 nihilque
589 4183 620 4219 a
637 4164 708 4218 nihil
732 4164 805 4218 m.2
829 4163 982 4220 Venibit
1005 4183 1035 4218 eu
1053 4164 1124 4218 nihil
1142 4184 1175 4218 nr.
1192 4163 1213 4218 3
1230 4167 1256 4218 R

145 4237 171 4288 2ss
184 4241 208 4296 itl
222 4252 256 4301 eat
273 4250 351 4306 istius
370 4251 467 4306 mortis
486 4251 527 4315 R⁸
563 4253 598 4306 27
616 4251 735 4306 nesciuit
754 4252 787 4305 R.
