3075 4967
439 314 617 363 tractatus
641 310 676 363 in
699 311 870 381 psalmum
893 312 913 363 l.
1208 312 1248 374 23

150 495 175 561 6.
201 496 344 562 Beatus
366 500 440 577 uir,
463 500 529 583 qui
554 520 628 565 nen
651 500 755 565 abiit
777 501 816 564 in
836 497 1014 563 consilio
1037 499 1249 579 impierum

114 601 204 663 etin
238 601 300 666 uia
339 611 600 683 peccatorum
635 624 709 668 non
752 603 872 668 stetit
904 611 943 667 et
976 603 1014 666 in
1051 601 1251 667 cathedra

113 704 357 785 pestilentiae
402 727 474 772 nun
514 709 631 773 sedit.
676 710 747 773 sed
782 707 822 771 in
862 706 952 791 lege
987 707 1140 771 domini
1174 706 1250 770 fuit

114 808 288 873 uoluntas
313 812 411 889 ciue,
434 818 472 877 et
496 812 532 875 iu
557 811 650 896 lege
685 813 773 877 eius
809 810 1078 875 meditabitur
1112 810 1177 875 die
1206 830 1250 875 ec

113 920 228 979 necte.
281 916 419 999 quinque
453 934 603 999 generum
638 915 865 981 obsemnntium
898 914 987 980 beato
1021 915 1087 978 uim
1122 914 1249 980 subesse
1276 944 1290 983 r

115 1016 250 1098 prophete
273 1028 512 1085 commemorat:
536 1020 667 1101 primam
691 1021 723 1084 iu
746 1020 909 1101 impierum
933 1018 1059 1084 consilio
1075 1019 1249 1094 ueueundi

114 1122 226 1187 alterum
249 1124 280 1187 in
305 1130 502 1204 peccetumm
526 1126 576 1189 uie
599 1144 659 1189 nnn
683 1125 882 1201 consistendi,
905 1124 1028 1188 tertiam
1051 1124 1083 1187 iu
1102 1122 1249 1189 cathedre

114 1226 281 1305 pestilentiae
305 1250 367 1293 neu
390 1230 526 1307 sedendi,
561 1237 627 1294 tum
650 1230 762 1293 deiude
785 1227 951 1294 uoluntatis
972 1228 1004 1291 in
1027 1226 1098 1312 lege
1131 1228 1248 1291 domini

114 1333 259 1409 pcneud‘n,
281 1346 439 1413 pestremo
462 1332 492 1396 in
517 1353 554 1398 ee
570 1334 620 1399 die
637 1340 790 1417 noctuque
805 1332 985 1398 meditandi.
1020 1350 1096 1416 erge
1119 1350 1247 1396 necesse

115 1442 154 1498 est
164 1434 285 1500 differre
300 1437 429 1518 impium
445 1457 461 1501 s
478 1446 647 1517 peccatore,
670 1444 864 1518 peecatorem
882 1435 1090 1517 epestilente;
1115 1435 1249 1499 maxime
1277 1464 1304 1503 re

116 1558 176 1603 eum
208 1541 248 1605 sit
280 1541 383 1622 impiis
418 1541 587 1620 consilium,
622 1541 776 1622 peccatori
810 1541 869 1618 uin,
904 1538 1053 1604 cathedra
1086 1539 1250 1620 pestilenti.

116 1641 217 1709 debinc
240 1664 309 1709 cum
333 1646 364 1709 in
390 1644 517 1711 consilio
540 1645 703 1727 impiorum
734 1653 822 1710 entur
850 1645 951 1726 petius
975 1663 1067 1727 quum
1091 1649 1197 1719 stetur,
1219 1643 1251 1707 in

117 1748 159 1811 uie
177 1768 248 1813 uere
271 1750 439 1829 peccaturis
469 1755 566 1815 stetur
590 1750 690 1834 megin
722 1768 816 1832 quem
847 1758 940 1813 entur.
986 1767 1116 1832 quarum
1147 1766 1252 1812 rerum

116 1870 213 1917 censes
235 1869 269 1917 ur
283 1852 640 1937 intellegerepossimus,
664 1854 903 1919 discernendum
921 1858 976 1929 est,
1000 1857 1113 1937 quantu
1128 1850 1251 1917 differet

118 1965 248 2035 peccator
269 1958 307 2022 eb
330 1958 433 2039 impin,
464 1965 497 2023 ut
519 1959 629 2039 perid
652 1956 791 2041 intellegi
814 1958 921 2038 pessit,
944 1976 999 2021 cur
1013 1956 1168 2037 peccsmri
1189 1956 1248 2024 uin.
1277 1986 1303 2022 ω

118 2066 144 2123 et
161 2058 251 2141 impio
273 2061 434 2127 consilium
457 2063 638 2143 deputetur3
662 2060 776 2127 debinc
799 2081 855 2125 cur
877 2072 908 2125 et
930 2062 962 2125 iu
984 2062 1035 2125 uia
1051 2060 1196 2124 standum
1219 2068 1250 2123 et

117 2162 148 2225 iu
168 2164 286 2230 consilio
308 2166 443 2231 eundum
468 2166 515 2244 sit,
546 2186 615 2231 cnm
638 2164 775 2230 humane
808 2167 997 2230 consuetude
1020 2164 1104 2229 etin
1127 2162 1254 2229 coneilio

118 2270 250 2333 eundum
282 2276 314 2335 et
345 2271 378 2333 in
411 2271 462 2335 uin
496 2271 630 2335 eundum
666 2289 734 2336 esse
764 2270 919 2335 decernet.
964 2288 1028 2333 nen
1058 2268 1168 2347 omnis,
1200 2266 1253 2350 qui

118 2378 247 2451 peccetur
268 2382 327 2456 est,
353 2382 384 2440 et
406 2375 519 2459 impius
543 2379 605 2439 eet:
629 2374 741 2455 impius
765 2380 950 2439 autemnon
975 2379 1077 2455 potest
1098 2392 1159 2436 neu
1183 2390 1253 2435 esse

119 2484 253 2555 peccetm.
297 2486 329 2544 et
351 2498 508 2544 sumemus
532 2498 569 2543 ex
593 2498 649 2542 usu
673 2478 869 2543 censcientiee
881 2475 1248 2557 mmmuniseremplum.
1277 2504 1306 2544 ro

120 2588 211 2660 putres
232 2603 300 2647 sues
323 2602 427 2647 emere
449 2589 579 2665 possunt
600 2581 663 2661 filii,
694 2582 765 2647 licet
796 2582 910 2647 ebriosi
940 2582 1002 2646 sint
1032 2586 1063 2646 et
1091 2579 1198 2646 lasciui
1222 2585 1253 2644 et

120 2685 243 2769 prodigi:
266 2696 296 2752 et
319 2688 400 2753 iuter
421 2686 489 2752 haec
513 2687 587 2752 uitia
621 2693 729 2751 carent
762 2686 929 2767 impietate,
964 2686 1016 2768 qui
1049 2704 1111 2748 nen
1143 2690 1251 2749 curent

122 2788 245 2855 crimine.
289 2790 377 2871 impii
400 2810 484 2869 uero,
507 2790 578 2856 licet
600 2791 631 2856 in
654 2791 819 2875 praecipuis
842 2790 904 2854 sint
926 2789 1124 2854 coutinentiae
1147 2788 1253 2871 fruga-

123 2890 262 2977 litatisque
274 2895 446 2973 uirtutibus,
469 2915 560 2960 omne
573 2901 685 2973 tamen,
709 2896 924 2979 quodcumque
947 2894 1030 2957 eliud
1046 2902 1132 2957 extre
1145 2891 1252 2975 impic-

122 3002 202 3063 lstem
225 3000 280 3064 erit
302 3000 431 3079 crimen,
454 2999 486 3063 in
510 3000 694 3065 contumelia
717 3000 855 3080 parentis
878 2998 1038 3063 excedunt.
1279 3024 1306 3063 re

159 3098 183 3163 7.
205 3102 481 3188 lgritursecuudum
498 3102 558 3169 hoc
570 3104 759 3185 propositum
779 3102 953 3185 exemplum
970 3102 1101 3183 impium
1117 3100 1249 3165 discerni

123 3218 305 3285 apeccetore
328 3227 389 3271 non
414 3206 539 3271 dubium
564 3212 620 3273 est.
665 3214 696 3272 et
718 3208 830 3288 impios
846 3206 972 3289 quidem
995 3210 1252 3271 eosesseusturc

124 3306 180 3385 ipse
198 3311 297 3376 iudicii
329 3312 503 3377 communis
534 3312 676 3385 ostendit,
707 3313 758 3395 qui
790 3310 996 3395 cognitionem
1029 3310 1079 3373 dei
1109 3314 1253 3389 expetere

125 3410 275 3495 fastidiunt,
299 3416 349 3498 qni
374 3414 492 3480 nullum
517 3434 586 3479 esse
609 3415 714 3479 mundi
732 3428 902 3479 createrem
918 3413 1097 3497 inreligiose
1108 3412 1251 3492 opinione

160 3642 215 3693 let
230 3642 258 3694 iu
275 3643 336 3711 lege
356 3642 405 3694 dni
431 3640 613 3695 meditabitur
639 3642 662 3693 l'
710 3641 763 3695 hee
787 3644 870 3695 nocte
889 3643 914 3693 R
967 3640 1138 3709 dprophets
1156 3657 1204 3691 om.
1230 3639 1253 3689 l'

128 3722 150 3775 in
165 3728 296 3782 consilium
313 3730 382 3793 I'Re
400 3730 447 3781 sed
463 3728 497 3796 cf·
517 3729 599 3781 Acad.
614 3746 643 3799 p.
662 3727 699 3780 24
719 3738 741 3781 et
759 3728 825 3794 infr.
844 3746 901 3799 cap.
919 3728 933 3779 7
988 3744 1044 3780 non
1061 3726 1217 3779 ineundum
1234 3726 1255 3777 l'

128 3812 140 3861 'l
162 3810 187 3864 iu
208 3826 261 3867 unte
286 3820 465 3884 peccatorum
483 3832 538 3885 sup.
566 3816 611 3868 lin.
630 3832 646 3868 a
665 3834 697 3868 m.
718 3816 738 3867 ἑ)
761 3815 788 3868 V
835 3814 912 3869 uiam
937 3832 993 3868 non
1021 3812 1209 3867 obsistendum
1234 3814 1258 3864 l'

129 3898 142 3948 t
164 3898 298 3956 sedendum
329 3904 354 3958 V
422 3904 438 3951 9
465 3902 656 3956 meditandum
686 3902 711 3955 V
781 3903 814 3955 m
840 3900 869 3954 in
900 3900 1048 3955 consilium
1080 3900 1142 3953 VRe
1194 3911 1255 3952 ente

131 4040 194 4090 entur
210 4060 256 4095 unc
274 4044 319 4097 liu.
340 4044 442 4096 ereell
496 4044 529 4095 13
547 4044 627 4095 cetur
645 4060 673 4095 cs
692 4042 804 4095 ineatur
821 4060 854 4095 m.
869 4042 885 4093 l
901 4041 925 4094 V
975 3989 1049 4093 ltert
1073 4038 1215 4092 comm?
1233 4039 1258 4090 V

132 4128 244 4187 quintum
267 4130 297 4183 [ἐ
353 4131 384 4183 15
403 4147 456 4198 qur
473 4130 499 4182 R
554 4130 585 4183 17
604 4128 634 4181 in
653 4127 801 4183 consilium
819 4130 858 4181 Re
910 4128 942 4181 sl
962 4126 1014 4180 filii
1033 4124 1079 4192 (lii
1099 4129 1126 4178 iu
1144 4124 1211 4189 ras.)
1230 4126 1256 4177 lt

132 4208 160 4260 lb
173 4227 229 4266 uero
245 4232 289 4269 om.
313 4218 338 4271 V
388 4217 417 4269 in
436 4234 503 4269 erue.
523 4217 548 4269 R
607 4215 750 4285 praecipui
768 4234 799 4268 cr
817 4213 973 4283 praecipuis
991 4214 1017 4266 R
1086 4214 1122 4267 24
1140 4213 1211 4265 aliut
1235 4212 1261 4264 Γ

136 4300 198 4351 extre
211 4300 335 4369 inpietate
353 4322 384 4357 er
401 4302 511 4357 exiutre
528 4302 633 4371 pietate
651 4320 717 4355 corr.
737 4320 769 4355 m.
791 4302 811 4354 2
836 4303 865 4355 l'.
