3075 4967
315 282 356 347 68
654 287 773 340 sancti
796 286 935 340 Hilarii
959 286 1124 355 episcopi

314 474 401 555 ipse
423 473 526 539 lecit
547 494 617 539 uas
641 474 753 540 alind
775 478 996 542 secundum
1019 476 1123 559 qnod
1145 474 1356 556 placuitin
1373 495 1449 539 con-

313 584 457 659 spectu
480 579 575 655 eiua,
600 578 770 663 significari
792 580 983 665 intellegitur
1005 580 1099 648 etiam
1117 578 1178 655 illa,
1201 599 1271 663 qna
1285 580 1449 645 secundum

313 683 363 747 dei
387 681 574 747 uoluntatem
604 685 834 767 resurgentium
864 704 1027 765 corporum
1057 676 1237 749 instauratio
1267 690 1316 749 est
1346 684 1449 747 futura.

312 795 402 868 prout
424 786 451 851 ei
475 788 558 850 enim
590 786 692 871 placet
721 794 751 853 et
780 790 812 853 in
842 795 1010 869 conspectu
1040 790 1105 853 eius
1136 787 1268 872 dignum
1299 793 1355 866 est,
1385 806 1450 853 con-

275 916 287 953 a
315 889 412 956 fracta
435 890 596 974 reparabit,
619 910 679 955 non
703 913 739 956 ox
762 890 822 956 alia
844 892 955 976 aliqua,
986 894 1043 956 sed
1073 912 1112 957 ex
1133 898 1240 957 uetere
1269 898 1363 975 atque
1388 892 1449 972 ipsa

312 996 442 1078 originis
466 1014 528 1059 auae
551 996 681 1061 materie
703 997 842 1077 speciem
863 995 925 1061 illis
947 995 1113 1077 conplaciti
1134 995 1194 1061 sibi
1218 997 1340 1061 decoris
1355 995 1450 1076 inper-

313 1099 409 1163 tiens:
445 1106 476 1163 ut
513 1098 757 1181 corruptibilium
795 1119 958 1182 corporum
991 1101 1023 1165 in
1056 1101 1293 1182 incorruptionis
1325 1099 1449 1184 gloriam

311 1203 576 1267 resurrectionen
600 1204 726 1269 interitu
748 1212 890 1268 naturam
911 1204 1054 1286 perimat,
1077 1204 1134 1269 sed
1163 1203 1322 1287 qualitatis
1350 1203 1449 1269 condi-

230 1366 233 1371 ,
311 1307 399 1371 cione
436 1306 584 1372 demutet.
630 1325 691 1371 non
725 1309 808 1373 enirn
845 1307 930 1373 alind
964 1328 1082 1388 corpus,
1120 1309 1263 1391 quamuis
1305 1307 1336 1371 in
1372 1306 1448 1371 alind

259 1436 284 1472 ιο
312 1419 463 1494 resurget,
487 1409 625 1492 apostolo
648 1412 786 1477 dicente:
816 1414 1048 1477 seminatur
1069 1414 1108 1476 in
1131 1410 1377 1492 corruptela,
1400 1431 1449 1475 re-

311 1516 448 1599 surgit
469 1516 508 1580 in
531 1516 859 1596 incorruptione;
889 1516 1118 1581 seminatur
1148 1516 1188 1579 in
1218 1515 1448 1599 ignominia,

310 1618 712 1703 resurgitingloria;
736 1621 964 1685 seminatur
986 1621 1025 1684 in
1048 1620 1449 1697 infirmitataresur·

311 1724 372 1807 git
400 1723 438 1787 in
463 1724 635 1802 uirtute;
666 1725 895 1789 seminatur
924 1744 1071 1806 corpus
1101 1723 1289 1805 animale,
1321 1724 1449 1806 surgit

310 1846 456 1908 corpus
495 1827 699 1907 spiritale.
744 1827 781 1893 lit
814 1848 888 1913 ergo
922 1829 1099 1905 demutatio,
1133 1828 1188 1892 sed
1222 1846 1283 1891 non
1317 1826 1449 1891 adfertur

260 1954 283 1991 n
310 1930 442 1996 abolitio.
488 1937 603 1996 etcum
627 1932 667 2007 id,
688 1932 771 2015 quod
787 1932 852 2008 luit,
875 1932 965 2009 inid,
989 1932 1071 2015 quod
1086 1951 1148 1995 non
1172 1929 1238 2009 suit,
1261 1931 1369 2015 surgit,
1391 1950 1447 1994 nou

309 2036 414 2100 amisit
436 2035 598 2119 originem,
621 2036 677 2101 sed
699 2034 830 2116 profecit
853 2037 893 2100 ad
907 2034 1066 2100 honorem.
1089 2034 1247 2119 confringi
1268 2036 1371 2118 itaque
1386 2053 1446 2109 uos,

310 2144 469 2222 tamquam
492 2157 546 2203 uas
569 2138 666 2223 figuli,
690 2140 740 2204 uel
764 2159 853 2218 nnnc,
877 2138 927 2203 uel
950 2146 1022 2203 tunc
1037 2139 1245 2223 gaudeamus:
1268 2147 1302 2202 ut
1317 2146 1348 2203 et
1363 2157 1448 2214 nuuc,

309 2242 401 2307 modo
423 2241 509 2327 figuli
533 2245 625 2322 nasis,
648 2244 819 2309 conmortni
841 2249 873 2309 et
894 2242 1065 2324 consepulti
1080 2244 1205 2307 domino
1220 2242 1252 2306 in
1267 2242 1446 2323 baptismata

310 2348 341 2410 in
364 2347 498 2411 nouitate
532 2350 604 2413 uita
637 2347 832 2413 ambulemus
866 2352 898 2413 et
929 2348 962 2413 iu
995 2366 1108 2411 nouum
1143 2345 1260 2412 Christi
1294 2346 1447 2411 homiuem

257 2470 281 2509 n
309 2451 448 2530 deposito
470 2458 574 2516 uetere
596 2471 807 2530 renascamur,
831 2456 862 2517 et
883 2457 956 2516 tunc
979 2470 1034 2531 per
1063 2449 1146 2516 hunc
1172 2470 1260 2515 nouae
1283 2450 1445 2514 natiuitatis

309 2555 483 2636 profectum
505 2556 537 2620 in
560 2556 685 2621 beatam
714 2555 798 2620 illam
829 2575 866 2621 ac
896 2558 953 2621 deo
983 2554 1158 2637 placentem
1192 2555 1309 2620 iteratae
1331 2572 1447 2635 repara·

310 2658 401 2723 tionis
423 2664 535 2725 nostra
558 2660 695 2741 speciem
720 2660 933 2725 reformemur.

353 2778 404 2844 42.
428 2778 520 2845 Cuius
543 2780 614 2845 boni
637 2801 697 2845 nou
727 2781 854 2867 ignarus
884 2779 1037 2861 propheta
1066 2786 1135 2863 post
1164 2779 1232 2844 haec
1261 2779 1399 2845 hortabar
1419 2781 1447 2840 et

309 2884 400 2949 dicit:
425 2890 463 2948 et
485 2904 588 2950 nunc
610 2904 730 2970 reges
753 2883 1005 2968 intellegite,
1022 2883 1245 2949 erudimini
1265 2884 1332 2966 qui
1355 2881 1446 2947 iudi·

258 3010 283 3049 a
310 2987 415 3054 catis
446 2994 603 3053 terram.
651 2990 810 3054 seruite
842 2989 1002 3053 domino
1031 2989 1071 3052 in
1102 2988 1247 3052 timore
1279 2992 1317 3052 et
1351 2984 1446 3051 exul·
1514 3033 1515 3036 ,

308 3098 390 3157 tate
423 3112 509 3157 cum
540 3099 722 3158 tremore.
768 3092 1067 3175 adprehendite
1097 3091 1377 3172 disciplinam,
1404 3108 1446 3153 ne
1513 3119 1514 3130 κ

308 3198 417 3261 sorte
440 3197 646 3262 irascatur
669 3198 863 3275 dominus,
895 3203 934 3262 et
962 3196 1145 3277 pereatis
1175 3196 1223 3260 de
1252 3194 1318 3259 uia
1339 3195 1444 3258 iusta
1512 3213 1513 3224 ¹

353 3337 415 3391 101
437 3336 497 3389 eor.
516 3336 574 3405 xv,
593 3340 636 3391 42.

352 3544 471 3599 2etiam
489 3544 658 3610 intelligitur
675 3544 724 3597 illa
743 3545 771 3596 E
822 3548 940 3612 4prout
958 3542 983 3597 dr
1000 3542 1073 3595 enim
1092 3544 1118 3594 lt
1141 3545 1225 3609 prout
1252 3540 1329 3593 enim
1355 3540 1380 3593 ei
1402 3537 1447 3593 Vn·
1507 3517 1509 3600 l

307 3631 337 3683 in
356 3648 405 3684 om.
424 3632 449 3685 V
498 3633 567 3685 dex
586 3632 676 3685 ueteri
691 3632 717 3684 Ε
767 3630 973 3684 emateriaeR
1027 3626 1177 3697 7corporu
1197 3627 1410 3697 incorruptionis
1427 3623 1448 3676 l'
1507 3607 1508 3694 l

309 3720 337 3770 ll
370 3718 399 3771 in
426 3718 635 3786 incorruptione
655 3736 684 3771 cn
702 3718 731 3771 in
759 3718 987 3786 corruptionem.
1007 3718 1027 3768 2
1051 3717 1074 3769 V
1143 3716 1175 3769 12
1205 3714 1328 3783 resurgit
1356 3729 1446 3783 senape

311 3807 419 3873 restitui,
438 3807 497 3874 qnia
515 3808 570 3857 cod.
595 3806 621 3860 V
636 3807 701 3859 lonc
716 3805 842 3873 sinerem,
861 3820 927 3867 quoe
945 3806 1023 3856 terrui
1032 3820 1127 3872 praeco
1140 3812 1162 3853 et
1174 3803 1286 3869 untionis
1297 3800 1447 3854 nectente

307 3891 408 3944 Italicis
426 3894 560 3961 respondet
580 3890 714 3957 (Subutier
730 3892 784 3955 ΙΙΙ,
805 3890 878 3957 718),
895 3892 981 3959 primo
1000 3892 1054 3943 loco
1073 3899 1173 3957 excepto
1191 3898 1339 3941 constanter
1355 3886 1443 3956 repetit.

308 3981 435 4045 resurget
447 3978 502 4031 RE
554 3980 586 4033 13
605 3983 731 4047 resurget
743 3977 869 4086 spiiritale
881 3974 939 4043 (om.
953 3974 1063 4046 corpus)
1076 3976 1131 4028 RE
1182 3976 1215 4028 16
1234 3973 1385 4042 confringit
1400 3971 1443 4025 VR

309 4100 342 4151 19
369 4098 443 4151 nitas
470 4116 517 4151 orn.
546 4100 571 4151 R
630 4100 665 4154 20
690 4104 785 4153 uetere
813 4100 838 4153 R
884 4115 1062 4152 renascamur
1088 4116 1117 4149 er
1142 4112 1290 4150 nascamur
1317 4114 1350 4149 nr.
1375 4094 1395 4147 2
1423 4090 1443 4145 l'

306 4186 341 4239 23
367 4184 481 4253 ignarus
508 4204 537 4239 er
564 4185 674 4255 ignoras
702 4206 734 4239 nr.
762 4188 783 4239 ⁸.)
805 4187 830 4239 V
879 4188 914 4239 25
932 4191 960 4239 et
978 4186 1100 4238 exultate
1118 4182 1145 4237 ei
1162 4198 1225 4237 cum
1244 4182 1299 4235 RE
1349 4184 1383 4236 26
1398 4180 1440 4232 cd·

306 4270 488 4339 praeheudite
511 4273 566 4327 Vn.
