<?xml version="1.0" encoding="UTF-8"?>
<!DOCTYPE html PUBLIC "-//W3C//DTD XHTML 1.0 Transitional//EN"
    "http://www.w3.org/TR/xhtml1/DTD/xhtml1-transitional.dtd">
<html xmlns="http://www.w3.org/1999/xhtml" xml:lang="en" lang="en">
 <head>
  <title>
</title>
<meta http-equiv="Content-Type" content="text/html;charset=utf-8" />
  <meta name='ocr-system' content='tesseract 3.04.00' />
  <meta name='ocr-capabilities' content='ocr_page ocr_carea ocr_par ocr_line ocrx_word'/>
</head>
<body>
  <div class='ocr_page' id='page_1' title='image "./corpusscriptoru23wiengoog_0357.png"; bbox 0 0 3075 4967; ppageno 0'>
   <div class='ocr_carea' id='block_1_1' title="bbox 417 231 1302 332">
    <p class='ocr_par' dir='ltr' id='par_1_1' title="bbox 417 231 1302 332">
     <span class='ocr_line' id='line_1_1' title="bbox 417 231 1302 332; baseline 0.011 -17"><span class='ocrx_word' id='word_1_1' title='bbox 417 231 421 246; x_wconf 25' lang='grc' dir='ltr'>ἱ</span> <span class='ocrx_word' id='word_1_2' title='bbox 447 268 627 317; x_wconf 82' lang='lat' dir='ltr'>tractatus</span> <span class='ocrx_word' id='word_1_3' title='bbox 651 262 686 316; x_wconf 91' lang='lat' dir='ltr'>in</span> <span class='ocrx_word' id='word_1_4' title='bbox 709 263 881 332; x_wconf 77' lang='lat' dir='ltr'>psalmum</span> <span class='ocrx_word' id='word_1_5' title='bbox 903 263 1027 317; x_wconf 82' lang='lat' dir='ltr'>LXVIII.</span> <span class='ocrx_word' id='word_1_6' title='bbox 1240 264 1302 328; x_wconf 76' lang='lat'>327</span> 
     </span>
    </p>
   </div>
   <div class='ocr_carea' id='block_1_2' title="bbox 154 452 1355 3449">
    <p class='ocr_par' dir='ltr' id='par_1_2' title="bbox 154 452 1355 1474">
     <span class='ocr_line' id='line_1_2' title="bbox 155 452 1303 536; baseline 0 -20"><span class='ocrx_word' id='word_1_7' title='bbox 155 458 255 536; x_wconf 86' lang='lat' dir='ltr'>rogat,</span> <span class='ocrx_word' id='word_1_8' title='bbox 278 459 314 517; x_wconf 93' lang='lat' dir='ltr'>ut</span> <span class='ocrx_word' id='word_1_9' title='bbox 336 473 392 533; x_wconf 90' lang='lat' dir='ltr'>per</span> <span class='ocrx_word' id='word_1_10' title='bbox 414 453 454 530; x_wconf 87' lang='lat' dir='ltr'>id,</span> <span class='ocrx_word' id='word_1_11' title='bbox 478 453 560 536; x_wconf 87' lang='lat' dir='ltr'>quod</span> <span class='ocrx_word' id='word_1_12' title='bbox 582 453 613 516; x_wconf 93' lang='lat' dir='ltr'>in</span> <span class='ocrx_word' id='word_1_13' title='bbox 637 473 704 518; x_wconf 87' lang='lat' dir='ltr'>eam</span> <span class='ocrx_word' id='word_1_14' title='bbox 728 454 868 518; x_wconf 77' lang='lat' dir='ltr'>intendet</span> <span class='ocrx_word' id='word_1_15' title='bbox 890 454 974 531; x_wconf 89' lang='lat' dir='ltr'>deus,</span> <span class='ocrx_word' id='word_1_16' title='bbox 997 452 1094 536; x_wconf 82' lang='lat' dir='ltr'>digna</span> <span class='ocrx_word' id='word_1_17' title='bbox 1109 452 1148 517; x_wconf 87' lang='lat' dir='ltr'>sit</span> <span class='ocrx_word' id='word_1_18' title='bbox 1170 452 1303 518; x_wconf 86' lang='lat' dir='ltr'>libcrari.</span> 
     </span>
     <span class='ocr_line' id='line_1_3' title="bbox 155 554 1303 641; baseline 0.001 -21"><span class='ocrx_word' id='word_1_19' title='bbox 155 564 188 621; x_wconf 91' lang='lat' dir='ltr'>et</span> <span class='ocrx_word' id='word_1_20' title='bbox 209 554 280 621; x_wconf 84' lang='lat' dir='ltr'>haeo</span> <span class='ocrx_word' id='word_1_21' title='bbox 315 557 440 640; x_wconf 89' lang='lat' dir='ltr'>quidem</span> <span class='ocrx_word' id='word_1_22' title='bbox 462 564 496 621; x_wconf 93' lang='lat' dir='ltr'>ut</span> <span class='ocrx_word' id='word_1_23' title='bbox 518 555 610 622; x_wconf 93' lang='lat' dir='ltr'>homo</span> <span class='ocrx_word' id='word_1_24' title='bbox 641 563 744 623; x_wconf 86' lang='lat' dir='ltr'>noster</span> <span class='ocrx_word' id='word_1_25' title='bbox 773 557 934 622; x_wconf 83' lang='lat' dir='ltr'>oboediens</span> <span class='ocrx_word' id='word_1_26' title='bbox 967 576 1065 641; x_wconf 91' lang='lat' dir='ltr'>nsque</span> <span class='ocrx_word' id='word_1_27' title='bbox 1099 558 1137 621; x_wconf 82' lang='lat' dir='ltr'>ed</span> <span class='ocrx_word' id='word_1_28' title='bbox 1172 562 1303 621; x_wconf 91' lang='lat' dir='ltr'>mortem</span> 
     </span>
     <span class='ocr_line' id='line_1_4' title="bbox 156 661 1304 746; baseline 0 -21"><span class='ocrx_word' id='word_1_29' title='bbox 156 661 258 726; x_wconf 89' lang='lat' dir='ltr'>erucis</span> <span class='ocrx_word' id='word_1_30' title='bbox 281 667 433 742; x_wconf 81' lang='lat' dir='ltr'>precatur.</span> <span class='ocrx_word' id='word_1_31' title='bbox 479 662 534 727; x_wconf 89' lang='lat' dir='ltr'>sed</span> <span class='ocrx_word' id='word_1_32' title='bbox 557 681 626 726; x_wconf 91' lang='lat' dir='ltr'>curn</span> <span class='ocrx_word' id='word_1_33' title='bbox 650 661 727 743; x_wconf 89' lang='lat' dir='ltr'>eripi</span> <span class='ocrx_word' id='word_1_34' title='bbox 751 679 785 726; x_wconf 90' lang='lat' dir='ltr'>se</span> <span class='ocrx_word' id='word_1_35' title='bbox 808 669 933 742; x_wconf 90' lang='lat' dir='ltr'>propter</span> <span class='ocrx_word' id='word_1_36' title='bbox 955 661 1096 726; x_wconf 81' lang='lat' dir='ltr'>inimIcos</span> <span class='ocrx_word' id='word_1_37' title='bbox 1119 679 1190 725; x_wconf 89' lang='lat' dir='ltr'>suos</span> <span class='ocrx_word' id='word_1_38' title='bbox 1205 666 1304 746; x_wconf 79' lang='lat' dir='ltr'>rogat,</span> 
     </span>
     <span class='ocr_line' id='line_1_5' title="bbox 155 765 1304 846; baseline -0.001 -16"><span class='ocrx_word' id='word_1_39' title='bbox 155 766 412 830; x_wconf 86' lang='lat' dir='ltr'>consuetudinem</span> <span class='ocrx_word' id='word_1_40' title='bbox 444 765 589 830; x_wconf 85' lang='lat' dir='ltr'>humanae</span> <span class='ocrx_word' id='word_1_41' title='bbox 612 771 643 830; x_wconf 91' lang='lat' dir='ltr'>et</span> <span class='ocrx_word' id='word_1_42' title='bbox 664 765 731 846; x_wconf 90' lang='lat' dir='ltr'>spei</span> <span class='ocrx_word' id='word_1_43' title='bbox 754 771 785 830; x_wconf 92' lang='lat' dir='ltr'>et</span> <span class='ocrx_word' id='word_1_44' title='bbox 806 767 900 830; x_wconf 90' lang='lat' dir='ltr'>moris</span> <span class='ocrx_word' id='word_1_45' title='bbox 923 765 1051 830; x_wconf 78' lang='lat' dir='ltr'>excedit</span> <span class='ocrx_word' id='word_1_46' title='bbox 1097 784 1188 830; x_wconf 89' lang='lat' dir='ltr'>nemo</span> <span class='ocrx_word' id='word_1_47' title='bbox 1219 767 1304 830; x_wconf 86' lang='lat' dir='ltr'>enlm</span> 
     </span>
     <span class='ocr_line' id='line_1_6' title="bbox 155 868 1342 954; baseline 0.003 -21"><span class='ocrx_word' id='word_1_48' title='bbox 155 869 262 934; x_wconf 85' lang='lat' dir='ltr'>saluus</span> <span class='ocrx_word' id='word_1_49' title='bbox 286 869 347 934; x_wconf 87' lang='lat' dir='ltr'>alia</span> <span class='ocrx_word' id='word_1_50' title='bbox 369 870 479 953; x_wconf 81' lang='lat' dir='ltr'>magis,</span> <span class='ocrx_word' id='word_1_51' title='bbox 496 888 586 954; x_wconf 91' lang='lat' dir='ltr'>quam</span> <span class='ocrx_word' id='word_1_52' title='bbox 608 871 715 934; x_wconf 88' lang='lat' dir='ltr'>salutis</span> <span class='ocrx_word' id='word_1_53' title='bbox 738 889 801 934; x_wconf 82' lang='lat' dir='ltr'>suae</span> <span class='ocrx_word' id='word_1_54' title='bbox 824 888 918 935; x_wconf 87' lang='lat' dir='ltr'>causo</span> <span class='ocrx_word' id='word_1_55' title='bbox 938 868 1004 933; x_wconf 91' lang='lat' dir='ltr'>nult</span> <span class='ocrx_word' id='word_1_56' title='bbox 1026 888 1111 948; x_wconf 84' lang='lat' dir='ltr'>esse3</span> <span class='ocrx_word' id='word_1_57' title='bbox 1134 872 1165 933; x_wconf 88' lang='lat' dir='ltr'>et</span> <span class='ocrx_word' id='word_1_58' title='bbox 1180 889 1199 932; x_wconf 88' lang='lat' dir='ltr'>a</span> <span class='ocrx_word' id='word_1_59' title='bbox 1213 869 1303 934; x_wconf 84' lang='lat' dir='ltr'>malis</span> <span class='ocrx_word' id='word_1_60' title='bbox 1329 898 1342 936; x_wconf 76' lang='lat' dir='ltr'>a</span> 
     </span>
     <span class='ocr_line' id='line_1_7' title="bbox 155 972 1302 1057; baseline 0 -20"><span class='ocrx_word' id='word_1_61' title='bbox 155 973 226 1057; x_wconf 90' lang='lat' dir='ltr'>quis</span> <span class='ocrx_word' id='word_1_62' title='bbox 251 974 330 1054; x_wconf 88' lang='lat' dir='ltr'>eripi</span> <span class='ocrx_word' id='word_1_63' title='bbox 353 993 387 1037; x_wconf 92' lang='lat' dir='ltr'>se</span> <span class='ocrx_word' id='word_1_64' title='bbox 409 973 448 1037; x_wconf 95' lang='lat' dir='ltr'>ob</span> <span class='ocrx_word' id='word_1_65' title='bbox 471 974 503 1039; x_wconf 93' lang='lat' dir='ltr'>id</span> <span class='ocrx_word' id='word_1_66' title='bbox 534 993 661 1039; x_wconf 87' lang='lat' dir='ltr'>necesse</span> <span class='ocrx_word' id='word_1_67' title='bbox 695 978 750 1052; x_wconf 88' lang='lat' dir='ltr'>est,</span> <span class='ocrx_word' id='word_1_68' title='bbox 784 994 824 1038; x_wconf 93' lang='lat' dir='ltr'>ne</span> <span class='ocrx_word' id='word_1_69' title='bbox 856 972 947 1038; x_wconf 87' lang='lat' dir='ltr'>malis</span> <span class='ocrx_word' id='word_1_70' title='bbox 977 972 1147 1052; x_wconf 82' lang='lat' dir='ltr'>adficiatur,</span> <span class='ocrx_word' id='word_1_71' title='bbox 1177 972 1302 1054; x_wconf 89' lang='lat' dir='ltr'>optabit.</span> 
     </span>
     <span class='ocr_line' id='line_1_8' title="bbox 155 1077 1303 1158; baseline 0.002 -18"><span class='ocrx_word' id='word_1_72' title='bbox 155 1083 187 1140; x_wconf 90' lang='lat' dir='ltr'>at</span> <span class='ocrx_word' id='word_1_73' title='bbox 209 1097 286 1142; x_wconf 90' lang='lat' dir='ltr'>uero</span> <span class='ocrx_word' id='word_1_74' title='bbox 307 1095 389 1142; x_wconf 91' lang='lat' dir='ltr'>nunc</span> <span class='ocrx_word' id='word_1_75' title='bbox 413 1077 488 1158; x_wconf 87' lang='lat' dir='ltr'>eripi</span> <span class='ocrx_word' id='word_1_76' title='bbox 512 1097 547 1142; x_wconf 88' lang='lat' dir='ltr'>se</span> <span class='ocrx_word' id='word_1_77' title='bbox 570 1098 632 1143; x_wconf 93' lang='lat' dir='ltr'>non</span> <span class='ocrx_word' id='word_1_78' title='bbox 648 1097 820 1155; x_wconf 79' lang='lat' dir='ltr'>succensa,</span> <span class='ocrx_word' id='word_1_79' title='bbox 844 1078 898 1143; x_wconf 90' lang='lat' dir='ltr'>sed</span> <span class='ocrx_word' id='word_1_80' title='bbox 922 1084 1088 1158; x_wconf 87' lang='lat' dir='ltr'>propter</span> <span class='ocrx_word' id='word_1_81' title='bbox 1110 1077 1303 1142; x_wconf 79' lang='lat' dir='ltr'>lutmicos</span> 
     </span>
     <span class='ocr_line' id='line_1_9' title="bbox 155 1179 1301 1265; baseline 0 -21"><span class='ocrx_word' id='word_1_82' title='bbox 155 1201 251 1246; x_wconf 89' lang='lat' dir='ltr'>suos</span> <span class='ocrx_word' id='word_1_83' title='bbox 275 1201 314 1246; x_wconf 87' lang='lat' dir='ltr'>ex</span> <span class='ocrx_word' id='word_1_84' title='bbox 336 1180 394 1257; x_wconf 80' lang='lat' dir='ltr'>bis,</span> <span class='ocrx_word' id='word_1_85' title='bbox 418 1182 528 1264; x_wconf 87' lang='lat' dir='ltr'>quibus</span> <span class='ocrx_word' id='word_1_86' title='bbox 552 1181 701 1260; x_wconf 81' lang='lat' dir='ltr'>odfirItnr,</span> <span class='ocrx_word' id='word_1_87' title='bbox 725 1181 873 1263; x_wconf 88' lang='lat' dir='ltr'>deposcit,</span> <span class='ocrx_word' id='word_1_88' title='bbox 908 1182 980 1265; x_wconf 87' lang='lat' dir='ltr'>qula</span> <span class='ocrx_word' id='word_1_89' title='bbox 1009 1179 1042 1244; x_wconf 92' lang='lat' dir='ltr'>hi</span> <span class='ocrx_word' id='word_1_90' title='bbox 1065 1181 1183 1248; x_wconf 89' lang='lat' dir='ltr'>inimici</span> <span class='ocrx_word' id='word_1_91' title='bbox 1206 1180 1301 1246; x_wconf 74' lang='lat' dir='ltr'>debe</span> 
     </span>
     <span class='ocr_line' id='line_1_10' title="bbox 154 1284 1303 1368; baseline 0.002 -20"><span class='ocrx_word' id='word_1_92' title='bbox 154 1285 305 1350; x_wconf 84' lang='lat' dir='ltr'>nestandi</span> <span class='ocrx_word' id='word_1_93' title='bbox 327 1284 357 1348; x_wconf 92' lang='lat' dir='ltr'>in</span> <span class='ocrx_word' id='word_1_94' title='bbox 382 1305 417 1350; x_wconf 86' lang='lat' dir='ltr'>se</span> <span class='ocrx_word' id='word_1_95' title='bbox 440 1286 575 1366; x_wconf 79' lang='lat' dir='ltr'>patiente</span> <span class='ocrx_word' id='word_1_96' title='bbox 606 1293 635 1352; x_wconf 87' lang='lat' dir='ltr'>et</span> <span class='ocrx_word' id='word_1_97' title='bbox 669 1285 879 1368; x_wconf 88' lang='lat' dir='ltr'>triumphandi</span> <span class='ocrx_word' id='word_1_98' title='bbox 909 1305 981 1350; x_wconf 92' lang='lat' dir='ltr'>cum</span> <span class='ocrx_word' id='word_1_99' title='bbox 1010 1285 1125 1350; x_wconf 88' lang='lat' dir='ltr'>fiducia</span> <span class='ocrx_word' id='word_1_100' title='bbox 1154 1285 1185 1349; x_wconf 92' lang='lat' dir='ltr'>in</span> <span class='ocrx_word' id='word_1_101' title='bbox 1209 1305 1243 1350; x_wconf 90' lang='lat' dir='ltr'>se</span> <span class='ocrx_word' id='word_1_102' title='bbox 1266 1306 1303 1350; x_wconf 82' lang='lat' dir='ltr'>ex</span> 
     </span>
     <span class='ocr_line' id='line_1_11' title="bbox 155 1389 1355 1474; baseline 0.002 -21"><span class='ocrx_word' id='word_1_103' title='bbox 155 1389 288 1454; x_wconf 84' lang='lat' dir='ltr'>mortuis</span> <span class='ocrx_word' id='word_1_104' title='bbox 310 1397 493 1474; x_wconf 84' lang='lat' dir='ltr'>resurgente</span> <span class='ocrx_word' id='word_1_105' title='bbox 516 1409 588 1456; x_wconf 84' lang='lat' dir='ltr'>mox</span> <span class='ocrx_word' id='word_1_106' title='bbox 612 1396 724 1456; x_wconf 88' lang='lat' dir='ltr'>essent.</span> <span class='ocrx_word' id='word_1_107' title='bbox 1330 1417 1355 1455; x_wconf 75' lang='lat' dir='ltr'>ro</span> 
     </span>
    </p>

    <p class='ocr_par' dir='ltr' id='par_1_3' title="bbox 154 1493 1354 3220">
     <span class='ocr_line' id='line_1_12' title="bbox 199 1493 1302 1579; baseline -0.001 -22"><span class='ocrx_word' id='word_1_108' title='bbox 199 1493 252 1557; x_wconf 82' lang='lat'>17.</span> <span class='ocrx_word' id='word_1_109' title='bbox 278 1493 421 1578; x_wconf 87' lang='lat' dir='ltr'>Denique</span> <span class='ocrx_word' id='word_1_110' title='bbox 445 1494 522 1559; x_wconf 86' lang='lat' dir='ltr'>nihil</span> <span class='ocrx_word' id='word_1_111' title='bbox 545 1513 579 1560; x_wconf 90' lang='lat' dir='ltr'>se</span> <span class='ocrx_word' id='word_1_112' title='bbox 603 1513 658 1559; x_wconf 89' lang='lat' dir='ltr'>sua</span> <span class='ocrx_word' id='word_1_113' title='bbox 680 1513 773 1560; x_wconf 85' lang='lat' dir='ltr'>causa</span> <span class='ocrx_word' id='word_1_114' title='bbox 794 1513 891 1579; x_wconf 87' lang='lat' dir='ltr'>agere</span> <span class='ocrx_word' id='word_1_115' title='bbox 912 1514 948 1558; x_wconf 85' lang='lat' dir='ltr'>aa</span> <span class='ocrx_word' id='word_1_116' title='bbox 962 1493 1025 1575; x_wconf 86' lang='lat' dir='ltr'>pati</span> <span class='ocrx_word' id='word_1_117' title='bbox 1040 1493 1302 1577; x_wconf 85' lang='lat' dir='ltr'>consequentibus</span> 
     </span>
     <span class='ocr_line' id='line_1_13' title="bbox 155 1597 1301 1679; baseline -0.001 -17"><span class='ocrx_word' id='word_1_118' title='bbox 155 1599 248 1663; x_wconf 89' lang='lat' dir='ltr'>docet</span> <span class='ocrx_word' id='word_1_119' title='bbox 286 1597 410 1663; x_wconf 85' lang='lat' dir='ltr'>dicens:</span> <span class='ocrx_word' id='word_1_120' title='bbox 455 1605 495 1662; x_wconf 88' lang='lat' dir='ltr'>tu</span> <span class='ocrx_word' id='word_1_121' title='bbox 540 1599 644 1663; x_wconf 92' lang='lat' dir='ltr'>enim</span> <span class='ocrx_word' id='word_1_122' title='bbox 690 1599 774 1663; x_wconf 87' lang='lat' dir='ltr'>scis</span> <span class='ocrx_word' id='word_1_123' title='bbox 818 1597 1098 1679; x_wconf 88' lang='lat' dir='ltr'>inproperium</span> <span class='ocrx_word' id='word_1_124' title='bbox 1139 1604 1178 1662; x_wconf 92' lang='lat' dir='ltr'>et</span> <span class='ocrx_word' id='word_1_125' title='bbox 1214 1617 1301 1662; x_wconf 91' lang='lat' dir='ltr'>con-</span> 
     </span>
     <span class='ocr_line' id='line_1_14' title="bbox 154 1700 1302 1782; baseline 0.002 -18"><span class='ocrx_word' id='word_1_126' title='bbox 154 1700 360 1766; x_wconf 84' lang='lat' dir='ltr'>lusionem</span> <span class='ocrx_word' id='word_1_127' title='bbox 384 1707 421 1766; x_wconf 89' lang='lat' dir='ltr'>et</span> <span class='ocrx_word' id='word_1_128' title='bbox 443 1702 733 1767; x_wconf 88' lang='lat' dir='ltr'>uerecundiam</span> <span class='ocrx_word' id='word_1_129' title='bbox 755 1722 898 1779; x_wconf 83' lang='lat' dir='ltr'>meam3</span> <span class='ocrx_word' id='word_1_130' title='bbox 932 1702 970 1766; x_wconf 88' lang='lat' dir='ltr'>in</span> <span class='ocrx_word' id='word_1_131' title='bbox 993 1708 1214 1782; x_wconf 86' lang='lat' dir='ltr'>conspectu</span> <span class='ocrx_word' id='word_1_132' title='bbox 1237 1707 1302 1766; x_wconf 90' lang='lat' dir='ltr'>tuo</span> 
     </span>
     <span class='ocr_line' id='line_1_15' title="bbox 154 1805 1302 1886; baseline 0 -18"><span class='ocrx_word' id='word_1_133' title='bbox 154 1823 297 1870; x_wconf 91' lang='lat' dir='ltr'>omnes</span> <span class='ocrx_word' id='word_1_134' title='bbox 334 1805 588 1871; x_wconf 87' lang='lat' dir='ltr'>tribulantes</span> <span class='ocrx_word' id='word_1_135' title='bbox 626 1825 691 1872; x_wconf 88' lang='lat' dir='ltr'>me.</span> <span class='ocrx_word' id='word_1_136' title='bbox 747 1805 1028 1886; x_wconf 87' lang='lat' dir='ltr'>inproperium</span> <span class='ocrx_word' id='word_1_137' title='bbox 1066 1805 1302 1886; x_wconf 82' lang='lat' dir='ltr'>expectauit</span> 
     </span>
     <span class='ocr_line' id='line_1_16' title="bbox 154 1909 1354 1991; baseline -0.003 -17"><span class='ocrx_word' id='word_1_138' title='bbox 154 1927 223 1974; x_wconf 92' lang='lat' dir='ltr'>cor</span> <span class='ocrx_word' id='word_1_139' title='bbox 257 1928 384 1974; x_wconf 90' lang='lat' dir='ltr'>meum</span> <span class='ocrx_word' id='word_1_140' title='bbox 420 1919 457 1975; x_wconf 90' lang='lat' dir='ltr'>et</span> <span class='ocrx_word' id='word_1_141' title='bbox 489 1911 709 1976; x_wconf 89' lang='lat' dir='ltr'>miseriam.</span> <span class='ocrx_word' id='word_1_142' title='bbox 755 1910 894 1991; x_wconf 85' lang='lat' dir='ltr'>superior</span> <span class='ocrx_word' id='word_1_143' title='bbox 926 1929 989 1974; x_wconf 92' lang='lat' dir='ltr'>non</span> <span class='ocrx_word' id='word_1_144' title='bbox 1023 1910 1128 1991; x_wconf 88' lang='lat' dir='ltr'>dispar</span> <span class='ocrx_word' id='word_1_145' title='bbox 1149 1909 1301 1990; x_wconf 85' lang='lat' dir='ltr'>professio</span> <span class='ocrx_word' id='word_1_146' title='bbox 1329 1935 1354 1971; x_wconf 78' lang='lat' dir='ltr'>n</span> 
     </span>
     <span class='ocr_line' id='line_1_17' title="bbox 154 2013 1302 2094; baseline -0.002 -16"><span class='ocrx_word' id='word_1_147' title='bbox 154 2019 211 2088; x_wconf 84' lang='lat' dir='ltr'>est,</span> <span class='ocrx_word' id='word_1_148' title='bbox 237 2031 309 2078; x_wconf 91' lang='lat' dir='ltr'>cum</span> <span class='ocrx_word' id='word_1_149' title='bbox 333 2013 421 2077; x_wconf 91' lang='lat' dir='ltr'>dicit:</span> <span class='ocrx_word' id='word_1_150' title='bbox 457 2015 563 2090; x_wconf 78' lang='lat' dir='ltr'>deuo,</span> <span class='ocrx_word' id='word_1_151' title='bbox 598 2020 638 2078; x_wconf 91' lang='lat' dir='ltr'>tu</span> <span class='ocrx_word' id='word_1_152' title='bbox 671 2015 753 2079; x_wconf 88' lang='lat' dir='ltr'>scis</span> <span class='ocrx_word' id='word_1_153' title='bbox 788 2014 1076 2094; x_wconf 89' lang='lat' dir='ltr'>insipientiam</span> <span class='ocrx_word' id='word_1_154' title='bbox 1110 2033 1241 2090; x_wconf 86' lang='lat' dir='ltr'>meam,</span> <span class='ocrx_word' id='word_1_155' title='bbox 1263 2020 1302 2078; x_wconf 91' lang='lat' dir='ltr'>et</span> 
     </span>
     <span class='ocr_line' id='line_1_18' title="bbox 154 2115 1301 2183; baseline 0.001 -3"><span class='ocrx_word' id='word_1_156' title='bbox 154 2115 315 2181; x_wconf 85' lang='lat' dir='ltr'>delicta</span> <span class='ocrx_word' id='word_1_157' title='bbox 337 2136 421 2182; x_wconf 87' lang='lat' dir='ltr'>mea</span> <span class='ocrx_word' id='word_1_158' title='bbox 444 2138 462 2181; x_wconf 90' lang='lat' dir='ltr'>a</span> <span class='ocrx_word' id='word_1_159' title='bbox 486 2123 522 2182; x_wconf 90' lang='lat' dir='ltr'>te</span> <span class='ocrx_word' id='word_1_160' title='bbox 545 2138 619 2182; x_wconf 95' lang='lat' dir='ltr'>non</span> <span class='ocrx_word' id='word_1_161' title='bbox 650 2123 744 2182; x_wconf 91' lang='lat' dir='ltr'>sunt</span> <span class='ocrx_word' id='word_1_162' title='bbox 774 2118 983 2183; x_wconf 89' lang='lat' dir='ltr'>absconsa.</span> <span class='ocrx_word' id='word_1_163' title='bbox 1027 2124 1135 2183; x_wconf 90' lang='lat' dir='ltr'>contra</span> <span class='ocrx_word' id='word_1_164' title='bbox 1155 2116 1301 2183; x_wconf 74' lang='lat' dir='ltr'>humanae</span> 
     </span>
     <span class='ocr_line' id='line_1_19' title="bbox 155 2219 1300 2306; baseline 0 -22"><span class='ocrx_word' id='word_1_165' title='bbox 155 2219 240 2284; x_wconf 91' lang='lat' dir='ltr'>enim</span> <span class='ocrx_word' id='word_1_166' title='bbox 264 2221 418 2300; x_wconf 89' lang='lat' dir='ltr'>opinionis</span> <span class='ocrx_word' id='word_1_167' title='bbox 441 2241 577 2286; x_wconf 89' lang='lat' dir='ltr'>errorem</span> <span class='ocrx_word' id='word_1_168' title='bbox 607 2221 663 2287; x_wconf 88' lang='lat' dir='ltr'>soli</span> <span class='ocrx_word' id='word_1_169' title='bbox 694 2223 752 2286; x_wconf 90' lang='lat' dir='ltr'>deo</span> <span class='ocrx_word' id='word_1_170' title='bbox 782 2222 948 2304; x_wconf 86' lang='lat' dir='ltr'>adsumpta</span> <span class='ocrx_word' id='word_1_171' title='bbox 979 2221 1082 2306; x_wconf 82' lang='lat' dir='ltr'>magis</span> <span class='ocrx_word' id='word_1_172' title='bbox 1110 2221 1178 2286; x_wconf 86' lang='lat' dir='ltr'>haec</span> <span class='ocrx_word' id='word_1_173' title='bbox 1201 2222 1240 2286; x_wconf 92' lang='lat' dir='ltr'>ab</span> <span class='ocrx_word' id='word_1_174' title='bbox 1263 2241 1300 2286; x_wconf 92' lang='lat' dir='ltr'>eo</span> 
     </span>
     <span class='ocr_line' id='line_1_20' title="bbox 155 2325 1302 2409; baseline 0.001 -21"><span class='ocrx_word' id='word_1_175' title='bbox 155 2325 331 2402; x_wconf 86' lang='lat' dir='ltr'>infirmitas,</span> <span class='ocrx_word' id='word_1_176' title='bbox 365 2344 457 2408; x_wconf 84' lang='lat' dir='ltr'>quam</span> <span class='ocrx_word' id='word_1_177' title='bbox 493 2325 640 2391; x_wconf 86' lang='lat' dir='ltr'>naturalis</span> <span class='ocrx_word' id='word_1_178' title='bbox 674 2345 751 2403; x_wconf 86' lang='lat' dir='ltr'>esse,</span> <span class='ocrx_word' id='word_1_179' title='bbox 785 2331 850 2391; x_wconf 84' lang='lat' dir='ltr'>erat</span> <span class='ocrx_word' id='word_1_180' title='bbox 882 2332 962 2391; x_wconf 89' lang='lat' dir='ltr'>nota.</span> <span class='ocrx_word' id='word_1_181' title='bbox 1007 2331 1038 2391; x_wconf 91' lang='lat' dir='ltr'>et</span> <span class='ocrx_word' id='word_1_182' title='bbox 1071 2325 1143 2409; x_wconf 89' lang='lat' dir='ltr'>quia</span> <span class='ocrx_word' id='word_1_183' title='bbox 1175 2330 1302 2407; x_wconf 86' lang='lat' dir='ltr'>propter</span> 
     </span>
     <span class='ocr_line' id='line_1_21' title="bbox 155 2426 1353 2513; baseline 0.003 -21"><span class='ocrx_word' id='word_1_184' title='bbox 155 2428 300 2493; x_wconf 90' lang='lat' dir='ltr'>inimicos</span> <span class='ocrx_word' id='word_1_185' title='bbox 323 2447 395 2494; x_wconf 86' lang='lat' dir='ltr'>snos</span> <span class='ocrx_word' id='word_1_186' title='bbox 418 2426 485 2494; x_wconf 84' lang='lat' dir='ltr'>haec</span> <span class='ocrx_word' id='word_1_187' title='bbox 507 2430 709 2510; x_wconf 87' lang='lat' dir='ltr'>perpetienda</span> <span class='ocrx_word' id='word_1_188' title='bbox 731 2429 789 2495; x_wconf 89' lang='lat' dir='ltr'>sibi</span> <span class='ocrx_word' id='word_1_189' title='bbox 813 2429 944 2506; x_wconf 75' lang='lat' dir='ltr'>fuerant</span> <span class='ocrx_word' id='word_1_190' title='bbox 973 2449 1030 2511; x_wconf 90' lang='lat' dir='ltr'>per</span> <span class='ocrx_word' id='word_1_191' title='bbox 1059 2449 1127 2513; x_wconf 84' lang='lat' dir='ltr'>quae</span> <span class='ocrx_word' id='word_1_192' title='bbox 1158 2429 1301 2493; x_wconf 87' lang='lat' dir='ltr'>humanae</span> <span class='ocrx_word' id='word_1_193' title='bbox 1327 2457 1353 2496; x_wconf 79' lang='lat' dir='ltr'>eo</span> 
     </span>
     <span class='ocr_line' id='line_1_22' title="bbox 156 2530 1301 2616; baseline 0.001 -20"><span class='ocrx_word' id='word_1_194' title='bbox 156 2530 247 2596; x_wconf 83' lang='lat' dir='ltr'>saluti</span> <span class='ocrx_word' id='word_1_195' title='bbox 271 2537 364 2616; x_wconf 88' lang='lat' dir='ltr'>atque</span> <span class='ocrx_word' id='word_1_196' title='bbox 397 2533 559 2598; x_wconf 74' lang='lat' dir='ltr'>aeternitati</span> <span class='ocrx_word' id='word_1_197' title='bbox 593 2533 780 2611; x_wconf 77' lang='lat' dir='ltr'>consulebat,</span> <span class='ocrx_word' id='word_1_198' title='bbox 816 2533 905 2598; x_wconf 89' lang='lat' dir='ltr'>huius</span> <span class='ocrx_word' id='word_1_199' title='bbox 941 2532 1122 2614; x_wconf 91' lang='lat' dir='ltr'>beneplaciti</span> <span class='ocrx_word' id='word_1_200' title='bbox 1152 2533 1301 2613; x_wconf 85' lang='lat' dir='ltr'>temporis</span> 
     </span>
     <span class='ocr_line' id='line_1_23' title="bbox 157 2637 1301 2719; baseline 0.001 -19"><span class='ocrx_word' id='word_1_201' title='bbox 157 2641 288 2700; x_wconf 90' lang='lat' dir='ltr'>testatur</span> <span class='ocrx_word' id='word_1_202' title='bbox 321 2637 476 2701; x_wconf 87' lang='lat' dir='ltr'>adiectum</span> <span class='ocrx_word' id='word_1_203' title='bbox 507 2637 629 2703; x_wconf 88' lang='lat' dir='ltr'>dicens:</span> <span class='ocrx_word' id='word_1_204' title='bbox 660 2637 939 2719; x_wconf 91' lang='lat' dir='ltr'>inproperium</span> <span class='ocrx_word' id='word_1_205' title='bbox 971 2637 1207 2717; x_wconf 85' lang='lat' dir='ltr'>expectauit</span> <span class='ocrx_word' id='word_1_206' title='bbox 1234 2656 1301 2701; x_wconf 89' lang='lat' dir='ltr'>cor</span> 
     </span>
     <span class='ocr_line' id='line_1_24' title="bbox 155 2740 1300 2823; baseline 0.002 -21"><span class='ocrx_word' id='word_1_207' title='bbox 155 2758 284 2806; x_wconf 90' lang='lat' dir='ltr'>meum</span> <span class='ocrx_word' id='word_1_208' title='bbox 309 2745 347 2803; x_wconf 92' lang='lat' dir='ltr'>et</span> <span class='ocrx_word' id='word_1_209' title='bbox 369 2741 587 2823; x_wconf 84' lang='lat' dir='ltr'>miseriam,</span> <span class='ocrx_word' id='word_1_210' title='bbox 619 2741 812 2806; x_wconf 83' lang='lat' dir='ltr'>desideratas</span> <span class='ocrx_word' id='word_1_211' title='bbox 842 2741 902 2807; x_wconf 86' lang='lat' dir='ltr'>sibi</span> <span class='ocrx_word' id='word_1_212' title='bbox 931 2761 1001 2808; x_wconf 86' lang='lat' dir='ltr'>esse</span> <span class='ocrx_word' id='word_1_213' title='bbox 1031 2740 1122 2805; x_wconf 89' lang='lat' dir='ltr'>huius</span> <span class='ocrx_word' id='word_1_214' title='bbox 1151 2741 1300 2822; x_wconf 87' lang='lat' dir='ltr'>temporis</span> 
     </span>
     <span class='ocr_line' id='line_1_25' title="bbox 157 2842 1300 2926; baseline 0.002 -20"><span class='ocrx_word' id='word_1_215' title='bbox 157 2842 338 2926; x_wconf 84' lang='lat' dir='ltr'>significans</span> <span class='ocrx_word' id='word_1_216' title='bbox 361 2844 519 2923; x_wconf 80' lang='lat' dir='ltr'>passiones</span> <span class='ocrx_word' id='word_1_217' title='bbox 543 2847 713 2911; x_wconf 89' lang='lat' dir='ltr'>secundum</span> <span class='ocrx_word' id='word_1_218' title='bbox 736 2844 812 2910; x_wconf 92' lang='lat' dir='ltr'>illud</span> <span class='ocrx_word' id='word_1_219' title='bbox 831 2845 943 2911; x_wconf 86' lang='lat' dir='ltr'>dininae</span> <span class='ocrx_word' id='word_1_220' title='bbox 958 2845 1180 2909; x_wconf 87' lang='lat' dir='ltr'>communioms</span> <span class='ocrx_word' id='word_1_221' title='bbox 1196 2863 1300 2909; x_wconf 84' lang='lat' dir='ltr'>sacra·</span> 
     </span>
     <span class='ocr_line' id='line_1_26' title="bbox 158 2947 1352 3032; baseline 0.004 -23"><span class='ocrx_word' id='word_1_222' title='bbox 158 2953 310 3012; x_wconf 89' lang='lat' dir='ltr'>mentum:</span> <span class='ocrx_word' id='word_1_223' title='bbox 342 2947 552 3014; x_wconf 89' lang='lat' dir='ltr'>desiderio</span> <span class='ocrx_word' id='word_1_224' title='bbox 584 2949 802 3030; x_wconf 88' lang='lat' dir='ltr'>concupiui</span> <span class='ocrx_word' id='word_1_225' title='bbox 832 2948 905 3015; x_wconf 89' lang='lat' dir='ltr'>boc</span> <span class='ocrx_word' id='word_1_226' title='bbox 935 2951 1196 3014; x_wconf 82' lang='lat' dir='ltr'>manducare:</span> <span class='ocrx_word' id='word_1_227' title='bbox 1227 2949 1300 3032; x_wconf 88' lang='lat' dir='ltr'>quia</span> <span class='ocrx_word' id='word_1_228' title='bbox 1326 2975 1352 3014; x_wconf 77' lang='lat' dir='ltr'>rs</span> 
     </span>
     <span class='ocr_line' id='line_1_27' title="bbox 160 3049 1302 3134; baseline 0.003 -21"><span class='ocrx_word' id='word_1_229' title='bbox 160 3050 190 3114; x_wconf 93' lang='lat' dir='ltr'>in</span> <span class='ocrx_word' id='word_1_230' title='bbox 211 3049 261 3116; x_wconf 88' lang='lat' dir='ltr'>his</span> <span class='ocrx_word' id='word_1_231' title='bbox 285 3052 438 3132; x_wconf 78' lang='lat' dir='ltr'>passionis</span> <span class='ocrx_word' id='word_1_232' title='bbox 461 3071 524 3116; x_wconf 71' lang='lat' dir='ltr'>sure</span> <span class='ocrx_word' id='word_1_233' title='bbox 547 3053 711 3118; x_wconf 88' lang='lat' dir='ltr'>desiderils</span> <span class='ocrx_word' id='word_1_234' title='bbox 734 3053 921 3134; x_wconf 87' lang='lat' dir='ltr'>beneplaciti</span> <span class='ocrx_word' id='word_1_235' title='bbox 944 3053 1093 3134; x_wconf 89' lang='lat' dir='ltr'>temporis</span> <span class='ocrx_word' id='word_1_236' title='bbox 1112 3053 1302 3118; x_wconf 86' lang='lat' dir='ltr'>consistebat</span> 
     </span>
     <span class='ocr_line' id='line_1_28' title="bbox 162 3153 294 3220; baseline 0 -3"><span class='ocrx_word' id='word_1_237' title='bbox 162 3153 294 3220; x_wconf 81' lang='lat' dir='ltr'>effectus.</span> 
     </span>
    </p>

    <p class='ocr_par' dir='ltr' id='par_1_4' title="bbox 163 3257 1299 3449">
     <span class='ocr_line' id='line_1_29' title="bbox 206 3257 1299 3342; baseline 0.001 -20"><span class='ocrx_word' id='word_1_238' title='bbox 206 3257 250 3323; x_wconf 83' lang='lat'>18.</span> <span class='ocrx_word' id='word_1_239' title='bbox 275 3259 338 3324; x_wconf 89' lang='lat' dir='ltr'>Sed</span> <span class='ocrx_word' id='word_1_240' title='bbox 372 3260 437 3339; x_wconf 88' lang='lat' dir='ltr'>pati</span> <span class='ocrx_word' id='word_1_241' title='bbox 459 3261 499 3324; x_wconf 87' lang='lat' dir='ltr'>ad</span> <span class='ocrx_word' id='word_1_242' title='bbox 520 3260 694 3342; x_wconf 85' lang='lat' dir='ltr'>profectum</span> <span class='ocrx_word' id='word_1_243' title='bbox 717 3267 831 3326; x_wconf 79' lang='lat' dir='ltr'>nostrae</span> <span class='ocrx_word' id='word_1_244' title='bbox 853 3261 962 3327; x_wconf 89' lang='lat' dir='ltr'>salutis</span> <span class='ocrx_word' id='word_1_245' title='bbox 984 3268 1152 3342; x_wconf 84' lang='lat' dir='ltr'>expectans</span> <span class='ocrx_word' id='word_1_246' title='bbox 1174 3259 1299 3325; x_wconf 88' lang='lat' dir='ltr'>alterius</span> 
     </span>
     <span class='ocr_line' id='line_1_30' title="bbox 163 3363 1298 3449; baseline 0 -23"><span class='ocrx_word' id='word_1_247' title='bbox 163 3381 279 3446; x_wconf 85' lang='lat' dir='ltr'>quoque</span> <span class='ocrx_word' id='word_1_248' title='bbox 310 3364 530 3444; x_wconf 83' lang='lat' dir='ltr'>expectationis</span> <span class='ocrx_word' id='word_1_249' title='bbox 561 3365 714 3431; x_wconf 87' lang='lat' dir='ltr'>desiderio</span> <span class='ocrx_word' id='word_1_250' title='bbox 746 3365 889 3430; x_wconf 86' lang='lat' dir='ltr'>detentus</span> <span class='ocrx_word' id='word_1_251' title='bbox 923 3371 979 3430; x_wconf 88' lang='lat' dir='ltr'>est.</span> <span class='ocrx_word' id='word_1_252' title='bbox 1026 3365 1165 3449; x_wconf 88' lang='lat' dir='ltr'>sequitur</span> <span class='ocrx_word' id='word_1_253' title='bbox 1198 3363 1298 3428; x_wconf 91' lang='lat' dir='ltr'>enim:</span> 
     </span>
    </p>
   </div>
   <div class='ocr_carea' id='block_1_3' title="bbox 200 3554 484 3622">
    <p class='ocr_par' dir='ltr' id='par_1_5' title="bbox 200 3554 484 3622">
     <span class='ocr_line' id='line_1_31' title="bbox 200 3554 484 3622; baseline 0.007 -16"><span class='ocrx_word' id='word_1_254' title='bbox 200 3555 234 3606; x_wconf 76' lang='lat'>25</span> <span class='ocrx_word' id='word_1_255' title='bbox 252 3554 318 3608; x_wconf 90' lang='lat' dir='ltr'>Luc.</span> <span class='ocrx_word' id='word_1_256' title='bbox 337 3555 425 3622; x_wconf 86' lang='lat' dir='ltr'>XXII,</span> <span class='ocrx_word' id='word_1_257' title='bbox 445 3557 484 3608; x_wconf 81' lang='lat'>15.</span> 
     </span>
    </p>
   </div>
   <div class='ocr_carea' id='block_1_4' title="bbox 161 3709 1300 3970">
    <p class='ocr_par' dir='ltr' id='par_1_6' title="bbox 161 3709 1300 3970">
     <span class='ocr_line' id='line_1_32' title="bbox 202 3709 1299 3780; baseline 0.001 -18"><span class='ocrx_word' id='word_1_258' title='bbox 202 3709 356 3764; x_wconf 89' lang='lat' dir='ltr'>lintendit</span> <span class='ocrx_word' id='word_1_259' title='bbox 373 3710 427 3762; x_wconf 87' lang='lat' dir='ltr'>PE</span> <span class='ocrx_word' id='word_1_260' title='bbox 477 3711 713 3764; x_wconf 71' lang='lat' dir='ltr'>tconsuetudine</span> <span class='ocrx_word' id='word_1_261' title='bbox 740 3711 794 3763; x_wconf 77' lang='grc' dir='ltr'>ΗΡ</span> <span class='ocrx_word' id='word_1_262' title='bbox 843 3727 934 3764; x_wconf 88' lang='lat' dir='ltr'>mores</span> <span class='ocrx_word' id='word_1_263' title='bbox 959 3711 1007 3764; x_wconf 77' lang='lat' dir='ltr'>I&#39;P</span> <span class='ocrx_word' id='word_1_264' title='bbox 1031 3711 1128 3765; x_wconf 86' lang='lat' dir='ltr'>mortis</span> <span class='ocrx_word' id='word_1_265' title='bbox 1147 3711 1185 3780; x_wconf 28' lang='lat' dir='ltr'>R,</span> <span class='ocrx_word' id='word_1_266' title='bbox 1224 3710 1299 3764; x_wconf 77' lang='lat' dir='ltr'>exei-</span> 
     </span>
     <span class='ocr_line' id='line_1_33' title="bbox 161 3795 1300 3866; baseline 0 -19"><span class='ocrx_word' id='word_1_267' title='bbox 161 3795 198 3848; x_wconf 89' lang='lat' dir='ltr'>dit</span> <span class='ocrx_word' id='word_1_268' title='bbox 215 3797 242 3848; x_wconf 91' lang='lat' dir='ltr'><em>P</em></span> <span class='ocrx_word' id='word_1_269' title='bbox 291 3797 420 3864; x_wconf 71' lang='lat' dir='ltr'>talique</span> <span class='ocrx_word' id='word_1_270' title='bbox 437 3797 525 3865; x_wconf 78' lang='lat' dir='ltr'>magis</span> <span class='ocrx_word' id='word_1_271' title='bbox 544 3797 585 3849; x_wconf 90' lang='lat' dir='ltr'>Pb</span> <span class='ocrx_word' id='word_1_272' title='bbox 638 3796 831 3866; x_wconf 77' lang='lat' dir='ltr'>doptauitV</span> <span class='ocrx_word' id='word_1_273' title='bbox 881 3797 951 3850; x_wconf 80' lang='lat' dir='ltr'>&#39;lad</span> <span class='ocrx_word' id='word_1_274' title='bbox 976 3813 1044 3851; x_wconf 87' lang='lat' dir='ltr'>uero</span> <span class='ocrx_word' id='word_1_275' title='bbox 1072 3798 1098 3850; x_wconf 84' lang='lat' dir='ltr'><em>R</em></span> <span class='ocrx_word' id='word_1_276' title='bbox 1123 3813 1247 3850; x_wconf 88' lang='lat' dir='ltr'>acuero</span> <span class='ocrx_word' id='word_1_277' title='bbox 1277 3796 1300 3847; x_wconf 86' lang='lat' dir='ltr'><em>V</em></span> 
     </span>
     <span class='ocr_line' id='line_1_34' title="bbox 161 3881 1298 3970; baseline 0.002 -37"><span class='ocrx_word' id='word_1_278' title='bbox 161 3898 210 3934; x_wconf 92' lang='lat' dir='ltr'>non</span> <span class='ocrx_word' id='word_1_279' title='bbox 228 3883 299 3951; x_wconf 90' lang='lat' dir='ltr'>cripi</span> <span class='ocrx_word' id='word_1_280' title='bbox 318 3899 347 3936; x_wconf 87' lang='lat' dir='ltr'>se</span> <span class='ocrx_word' id='word_1_281' title='bbox 365 3899 420 3936; x_wconf 92' lang='lat' dir='ltr'>non</span> <span class='ocrx_word' id='word_1_282' title='bbox 439 3883 465 3936; x_wconf 83' lang='lat' dir='ltr'><em>R</em></span> <span class='ocrx_word' id='word_1_283' title='bbox 517 3882 581 3938; x_wconf 78' lang='lat' dir='ltr'>ehi</span> <span class='ocrx_word' id='word_1_284' title='bbox 600 3901 629 3936; x_wconf 79' lang='lat' dir='ltr'>cc</span> <span class='ocrx_word' id='word_1_285' title='bbox 646 3881 936 3970; x_wconf 47' lang='lat' dir='ltr'>nihilmyVhipP</span> <span class='ocrx_word' id='word_1_286' title='bbox 986 3885 1140 3938; x_wconf 64' lang='lat' dir='ltr'>{laterali</span> <span class='ocrx_word' id='word_1_287' title='bbox 1185 3881 1298 3936; x_wconf 88' lang='lat' dir='ltr'>Ilnibil</span> 
     </span>
    </p>
   </div>
   <div class='ocr_carea' id='block_1_5' title="bbox 130 3979 1301 4141">
    <p class='ocr_par' dir='ltr' id='par_1_7' title="bbox 130 3979 1301 4141">
     <span class='ocr_line' id='line_1_35' title="bbox 130 3979 1301 4056; baseline 0.004 -22"><span class='ocrx_word' id='word_1_288' title='bbox 130 3979 187 4036; x_wconf 62' lang='lat' dir='ltr'>loe</span> <span class='ocrx_word' id='word_1_289' title='bbox 204 4001 284 4053; x_wconf 81' lang='lat' dir='ltr'>egere</span> <span class='ocrx_word' id='word_1_290' title='bbox 308 3995 368 4055; x_wconf 80' lang='lat' dir='ltr'>post</span> <span class='ocrx_word' id='word_1_291' title='bbox 396 4001 445 4038; x_wconf 85' lang='lat' dir='ltr'>sua</span> <span class='ocrx_word' id='word_1_292' title='bbox 471 4001 554 4038; x_wconf 85' lang='lat' dir='ltr'>causa</span> <span class='ocrx_word' id='word_1_293' title='bbox 579 4004 651 4056; x_wconf 82' lang='lat' dir='ltr'>supr.</span> <span class='ocrx_word' id='word_1_294' title='bbox 684 4005 731 4039; x_wconf 81' lang='lat' dir='ltr'>scr.</span> <span class='ocrx_word' id='word_1_295' title='bbox 759 4005 793 4040; x_wconf 87' lang='lat' dir='ltr'>m.</span> <span class='ocrx_word' id='word_1_296' title='bbox 819 3987 879 4039; x_wconf 82' lang='lat' dir='ltr'>IR</span> <span class='ocrx_word' id='word_1_297' title='bbox 931 4003 963 4039; x_wconf 89' lang='lat' dir='ltr'>ac</span> <span class='ocrx_word' id='word_1_298' title='bbox 982 3987 1005 4040; x_wconf 81' lang='lat' dir='ltr'>si</span> <span class='ocrx_word' id='word_1_299' title='bbox 1023 3987 1255 4055; x_wconf 88' lang='lat' dir='ltr'>consequentibus</span> <span class='ocrx_word' id='word_1_300' title='bbox 1274 3986 1301 4039; x_wconf 92' lang='lat' dir='ltr'><em>P</em></span> 
     </span>
     <span class='ocr_line' id='line_1_36' title="bbox 162 4071 1298 4141; baseline 0.001 -18"><span class='ocrx_word' id='word_1_301' title='bbox 162 4073 192 4122; x_wconf 83' lang='lat'>12</span> <span class='ocrx_word' id='word_1_302' title='bbox 207 4071 396 4139; x_wconf 87' lang='lat' dir='ltr'>inproperium</span> <span class='ocrx_word' id='word_1_303' title='bbox 415 4077 479 4125; x_wconf 83' lang='lat' dir='ltr'>med</span> <span class='ocrx_word' id='word_1_304' title='bbox 498 4077 526 4126; x_wconf 86' lang='lat' dir='ltr'>et</span> <span class='ocrx_word' id='word_1_305' title='bbox 543 4072 613 4125; x_wconf 82' lang='lat' dir='ltr'>RPc</span> <span class='ocrx_word' id='word_1_306' title='bbox 669 4075 700 4126; x_wconf 81' lang='grc'>111</span> <span class='ocrx_word' id='word_1_307' title='bbox 718 4077 766 4126; x_wconf 88' lang='lat' dir='ltr'>tuo</span> <span class='ocrx_word' id='word_1_308' title='bbox 791 4077 857 4126; x_wconf 85' lang='lat' dir='ltr'>sunt</span> <span class='ocrx_word' id='word_1_309' title='bbox 880 4090 974 4126; x_wconf 87' lang='lat' dir='ltr'>omnes</span> <span class='ocrx_word' id='word_1_310' title='bbox 993 4075 1021 4125; x_wconf 87' lang='lat' dir='ltr'><em>E</em></span> <span class='ocrx_word' id='word_1_311' title='bbox 1073 4075 1105 4127; x_wconf 82' lang='lat'>15</span> <span class='ocrx_word' id='word_1_312' title='bbox 1123 4071 1298 4141; x_wconf 71' lang='lat' dir='ltr'>superiores</span> 
     </span>
    </p>
   </div>
   <div class='ocr_carea' id='block_1_6' title="bbox 160 4158 1297 4316">
    <p class='ocr_par' dir='ltr' id='par_1_8' title="bbox 160 4158 1297 4316">
     <span class='ocr_line' id='line_1_37' title="bbox 162 4158 1297 4225; baseline 0.003 -17"><span class='ocrx_word' id='word_1_313' title='bbox 162 4172 239 4225; x_wconf 81' lang='lat' dir='ltr'>super</span> <span class='ocrx_word' id='word_1_314' title='bbox 267 4175 300 4210; x_wconf 86' lang='lat' dir='ltr'>m.</span> <span class='ocrx_word' id='word_1_315' title='bbox 332 4159 352 4210; x_wconf 80' lang='lat'><em>2</em></span> <span class='ocrx_word' id='word_1_316' title='bbox 383 4158 409 4211; x_wconf 90' lang='lat' dir='ltr'><em>V</em></span> <span class='ocrx_word' id='word_1_317' title='bbox 471 4161 504 4213; x_wconf 87' lang='grc'>18</span> <span class='ocrx_word' id='word_1_318' title='bbox 522 4175 646 4213; x_wconf 85' lang='lat' dir='ltr'>errorem</span> <span class='ocrx_word' id='word_1_319' title='bbox 676 4177 706 4212; x_wconf 74' lang='lat' dir='ltr'>esc</span> <span class='ocrx_word' id='word_1_320' title='bbox 735 4165 872 4213; x_wconf 88' lang='lat' dir='ltr'>terrorem</span> <span class='ocrx_word' id='word_1_321' title='bbox 902 4177 934 4212; x_wconf 90' lang='lat' dir='ltr'>m.</span> <span class='ocrx_word' id='word_1_322' title='bbox 963 4159 983 4212; x_wconf 80' lang='lat'><em>2</em></span> <span class='ocrx_word' id='word_1_323' title='bbox 1012 4161 1037 4213; x_wconf 93' lang='lat' dir='ltr'><em>V</em></span> <span class='ocrx_word' id='word_1_324' title='bbox 1097 4159 1165 4213; x_wconf 89' lang='lat' dir='ltr'>haec</span> <span class='ocrx_word' id='word_1_325' title='bbox 1196 4177 1244 4212; x_wconf 90' lang='lat' dir='ltr'>om.</span> <span class='ocrx_word' id='word_1_326' title='bbox 1271 4159 1297 4211; x_wconf 84' lang='lat' dir='ltr'><em>R</em></span> 
     </span>
     <span class='ocr_line' id='line_1_38' title="bbox 160 4243 1246 4316; baseline 0.004 -22"><span class='ocrx_word' id='word_1_327' title='bbox 160 4243 188 4296; x_wconf 77' lang='lat'>21</span> <span class='ocrx_word' id='word_1_328' title='bbox 207 4245 376 4298; x_wconf 84' lang='lat' dir='ltr'>aeternitatis</span> <span class='ocrx_word' id='word_1_329' title='bbox 401 4245 426 4298; x_wconf 78' lang='lat' dir='ltr'><em>V</em></span> <span class='ocrx_word' id='word_1_330' title='bbox 459 4245 536 4299; x_wconf 88' lang='lat' dir='ltr'>cuins</span> <span class='ocrx_word' id='word_1_331' title='bbox 561 4247 585 4299; x_wconf 91' lang='lat' dir='ltr'><em>V</em></span> <span class='ocrx_word' id='word_1_332' title='bbox 616 4247 650 4300; x_wconf 73' lang='grc'>24</span> <span class='ocrx_word' id='word_1_333' title='bbox 670 4246 876 4300; x_wconf 84' lang='lat' dir='ltr'>communiones</span> <span class='ocrx_word' id='word_1_334' title='bbox 901 4246 960 4299; x_wconf 77' lang='lat' dir='ltr'>Va¹</span> <span class='ocrx_word' id='word_1_335' title='bbox 995 4247 1030 4302; x_wconf 64' lang='lat' dir='ltr'>ab</span> <span class='ocrx_word' id='word_1_336' title='bbox 1049 4246 1143 4316; x_wconf 89' lang='lat' dir='ltr'>cupiui</span> <span class='ocrx_word' id='word_1_337' title='bbox 1161 4246 1246 4299; x_wconf 87' lang='lat' dir='ltr'><em>RPE.</em></span> 
     </span>
    </p>
   </div>
   <div class='ocr_carea' id='block_1_7' title="bbox 0 0 1548 4967">
    <p class='ocr_par' dir='ltr' id='par_1_9' title="bbox 0 0 1548 4967">
     <span class='ocr_line' id='line_1_39' title="bbox 0 0 1548 4967; baseline 0 0"><span class='ocrx_word' id='word_1_338' title='bbox 0 0 1548 4967; x_wconf 95' lang='lat' dir='ltr'> </span> 
     </span>
    </p>
   </div>
  </div>
 </body>
</html>
