3075 4967
383 284 566 333 tractatus
585 279 620 331 in
639 280 812 347 psalmum
830 277 951 331 CXLIII.
1176 277 1239 343 813

93 469 483 535 consummationem
507 467 658 543 saeculi,
683 468 826 534 dominus
847 476 956 533 noster
977 467 1067 533 Iesus
1091 468 1241 547 Christ-us,

93 572 146 655 qui
183 580 232 637 est
266 572 447 639 benedIetus
478 580 509 636 et
538 592 620 637 nunc
649 582 681 636 et
710 592 833 653 semper
866 580 897 637 ct
929 573 961 636 in
995 574 1098 639 omnia
1129 574 1242 639 saecula

93 675 287 742 saeculomm.
333 695 432 741 amen.

494 881 682 965 tstcttus
710 882 841 964 CIILIII.

354 1022 540 1087 Psalmus
565 1022 694 1087 Dauid
719 1022 769 1105 [in
795 1022 978 1106 Goliam}

138 1162 391 1229 Benedictus
416 1161 603 1226 dominus
628 1161 724 1227 deus
748 1181 865 1239 meus,
890 1162 1241 1245 quidocctmanus

93 1286 204 1333 meas
242 1268 281 1331 in
319 1265 468 1331 bellum
506 1272 545 1330 ct
582 1266 738 1349 digitos
776 1286 886 1331 meos
920 1266 958 1330 in
994 1267 1177 1347 proelinm
1212 1275 1242 1333 et

90 1370 224 1455 reliqua.

139 1497 166 1557 1.
191 1491 233 1557 Et
256 1491 328 1556 huic
354 1511 474 1575 quoque
498 1490 618 1571 psalmo
636 1492 810 1556 addendam
828 1490 910 1557 hanc
925 1492 1121 1577 septuaginta
1136 1513 1242 1577 super·

92 1595 295 1678 scriptionem
318 1601 518 1676 putaucmnt:
553 1595 732 1675 psalmus
756 1595 887 1660 Dauid
909 1597 949 1661 in
972 1596 1139 1675 Goliam,
1169 1618 1241 1662 cum

91 1720 195 1784 neque
229 1700 261 1765 in
294 1698 448 1765 hebraicis
486 1699 573 1764 libris
611 1700 785 1783 reperiatur
822 1720 922 1784 neque
957 1701 1155 1767 translatores
1190 1700 1240 1765 alii

92 1805 261 1890 quicquam
285 1805 368 1870 aliud
394 1824 485 1887 quam
511 1804 686 1885 simplicem
709 1804 831 1891 titulum
853 1806 1108 1887 praescripserint,
1130 1806 1240 1871 idest:

91 1908 235 1974 Dauid.
282 1909 363 1991 quod
386 1928 446 1973 uon
470 1908 537 1973 sinc
560 1908 690 1989 spiritali
713 1908 832 1973 ratione
855 1908 1000 1974 effectum
1019 1909 1115 1975 fuisse
1129 1911 1242 1991 psalmi

90 2014 194 2094 ipsius
216 2020 301 2079 textu
324 2015 451 2077 docetur
471 2012 611 2095 nimique
628 2010 679 2078 hic
694 2013 835 2093 psalmus
852 2014 1010 2094 proprium
1034 2012 1136 2091 habet
1160 2016 1242 2097 qnod

91 2120 133 2183 ad
157 2115 397 2202 gratulationem
420 2118 572 2201 perempti
597 2116 693 2181 Goliee
716 2118 814 2198 possit
836 2117 952 2195 referri,
975 2138 1045 2183 cum
1061 2118 1164 2203 magis
1179 2117 1242 2183 illic

90 2229 123 2288 et
148 2222 247 2306 gestis
271 2227 301 2285 et
324 2221 456 2305 tempori
480 2220 576 2285 multa
599 2222 753 2286 contraiit
776 2221 846 2286 sint.
892 2241 962 2287 cum
997 2222 1080 2287 enirn
1114 2222 1241 2287 dicitur:

91 2326 308 2392 subiciens
331 2304 666 2407 populum¹meum
692 2326 764 2391 sub
788 2347 855 2403 me,
878 2326 1029 2409 numquid
1052 2334 1117 2391 tum
1143 2327 1243 2391 Dauid

90 2452 149 2497 ren
172 2430 261 2495 erat?
284 2438 335 2495 aut
358 2431 428 2513 quis
448 2440 513 2495 tum
530 2432 559 2494 ei
575 2430 704 2511 populus
719 2430 877 2495 subiectus
892 2441 947 2508 est,
971 2430 997 2495 si
1014 2429 1241 2515 allophylorum

90 2556 158 2599 non
192 2541 259 2600 erat
293 2534 390 2601 suus?
435 2536 492 2599 sed
525 2554 564 2599 ne
601 2536 668 2617 ipsc
705 2534 832 2619 quidem
870 2534 991 2600 Israhel
1031 2534 1104 2600 Saul
1141 2534 1243 2600 adhuc

91 2646 247 2721 regnante
279 2645 399 2720 poterat
431 2660 500 2705 esse
535 2638 699 2704 subice-tus.
745 2638 859 2705 deinde
889 2648 919 2704 et
948 2637 1038 2704 illud:
1073 2640 1242 2716 domine,
1270 2664 1275 2673 ·

90 2743 253 2809 inclina
275 2743 411 2809 caelum
436 2754 474 2809 et
497 2744 718 2823 descende;
742 2751 865 2827 tange
888 2750 1046 2809 montes
1069 2750 1108 2809 et
1129 2743 1243 2808 fumi·

91 2848 308 2933 gabuntur,
332 2868 502 2913 corusca
526 2848 836 2914 coruscationes
858 2858 897 2913 et
919 2847 1242 2929 dissipabiseos‚

92 2972 166 3037 qua
189 2972 258 3018 csse
281 2951 475 3037 intellegetur
498 2952 538 3019 ob
562 2952 688 3017 humani
712 2949 785 3017 belli
809 2957 932 3033 tempus
955 2951 1075 3018 oratio?
1105 2960 1156 3018 aut
1171 2972 1243 3019 cum

141 3201 153 3250 l
174 3197 225 3251 dns
243 3214 262 3249 n
280 3196 323 3249 ihs
341 3195 394 3264 xpi
402 3196 486 3264 Gper
505 3194 648 3249 dominum
666 3202 793 3249 nostrum
810 3197 832 3249 Ι.
844 3195 908 3250 Chr.
919 3197 945 3248 R
959 3189 1241 3250 dominum'nostrnm

92 3286 115 3340 Ι.
136 3284 199 3337 Chr.
216 3285 264 3354 pE
281 3282 407 3351 Explicit
423 3282 497 3350 psals
517 3282 616 3337 CXLII
638 3282 738 3350 incipit
755 3282 830 3351 psals
851 3282 963 3336 CXLIII
984 3283 1009 3335 G
1027 3282 1153 3351 Explicit
1170 3284 1244 3351 psal·

92 3388 158 3425 mus
178 3370 276 3424 CXLII
295 3367 371 3439 inoffi
390 3370 501 3424 CXLIII
514 3369 539 3421 R
558 3368 658 3438 incipit
676 3370 747 3423 liber
765 3370 854 3422 sancti
864 3370 1013 3436 Augustini
1026 3370 1061 3423 ad
1070 3368 1243 3422 Honoratum

92 3459 131 3513 de
150 3458 241 3527 gratia
259 3457 326 3510 noui
343 3456 503 3511 testamenti
518 3475 546 3527 p.
565 3456 598 3509 Ia
613 3456 638 3509 G
656 3458 747 3509 deinde
765 3456 783 3508 4
798 3457 843 3509 lia.
863 3466 958 3508 uacant
976 3466 1000 3509 et
1017 3456 1107 3525 incipit
1125 3458 1213 3524 quinta
1226 3475 1244 3509 α

92 3545 180 3599 andra
198 3544 281 3598 dauid
300 3544 330 3597 in
348 3544 451 3613 goliam
469 3560 532 3596 cum
550 3559 655 3610 neque;
679 3544 706 3595 ia
724 3542 751 3596 R
767 3545 881 3612 δεραίων
900 3544 990 3595 titulae
1007 3542 1134 3596 Psalmus
1152 3541 1244 3595 Dauid

93 3635 142 3686 litt.
160 3632 255 3685 oadal.
274 3641 412 3697 exaratum·
438 3632 558 3684 incocto
583 3640 650 3683 tectu
677 3630 749 3683 titqu
777 3631 897 3683 adiuncto
916 3630 943 3682 R
968 3631 1028 3683 lcl.
1046 3630 1122 3683 dohet
1146 3646 1243 3683 manns

92 3735 172 3773 meaa
199 3719 229 3772 in
254 3718 392 3787 praelium
417 3723 444 3773 et
472 3716 573 3785 diffl‘tos
600 3734 676 3771 meos
704 3717 738 3770 ad
762 3715 877 3782 bellum,
900 3718 947 3769 red
963 3715 997 3780 cs.
1016 3716 1077 3779 infr.
1095 3734 1122 3786 p.
1141 3715 1244 3782 815st

96 3862 131 3915 10
148 3859 179 3912 in
197 3858 301 3928 goliam
322 3857 376 3911 GE
392 3858 421 3911 in
438 3858 557 3926 gloriam
576 3858 602 3909 R
656 3860 687 3911 ll
701 3803 834 3910 ¹¹ebraicis
855 3856 881 3908 G
897 3854 1052 3909 haebraicis
1070 3856 1097 3909 R
1149 3872 1244 3924 reper-

93 3948 187 4001 riatur
207 3946 232 3999 G
249 3944 470 4014 repperiatnrR
528 3944 577 3997 alii
595 3962 643 3997 om.
662 3943 688 3996 R
708 3942 778 4008 (Gr),
836 3944 869 3996 12
887 3942 1078 4010 quisquamG
1133 3945 1166 3997 ts
1183 3947 1244 3996 tum

95 4039 125 4089 et
152 4033 272 4103 populns
301 4032 326 4085 G
386 4031 563 4101 allofylorum
591 4030 616 4085 R
643 4030 805 4084 illofllorum
835 4030 860 4082 G
921 4032 953 4084 19
970 4029 1032 4083 saul
1059 4030 1085 4083 G
1111 4030 1191 4083 sahul
1219 4030 1245 4083 R

95 4126 132 4177 20
149 4138 238 4189 regns
256 4119 485 4188 neapoteratGr
538 4118 648 4173 domine
661 4118 760 4203 onaGl
798 4120 831 4172 al
852 4118 957 4171 caelum
971 4118 996 4170 G
1014 4117 1104 4171 coelos
1122 4136 1136 4170 e
1153 4116 1244 4170 caelos

95 4266 160 4314 tuos
180 4260 220 4313 Rb
274 4214 472 4323 fumigabuutl
492 4259 517 4311 G
536 4255 584 4327 (cs.
604 4258 723 4312 sacaria
741 4257 780 4324 ΙΙ,
798 4255 868 4322 278)
887 4256 1064 4325 fumigabunt
1080 4256 1140 4311 RE.
