3075 4967
322 256 384 321 770
663 256 781 310 sancti
799 257 937 310 Hilarii
955 256 1118 325 episcopi

321 448 553 530 quoniame
583 455 620 513 te
650 447 796 528 prodii,
830 452 869 512 et
902 443 1184 532 crediderunt,
1207 447 1303 530 quis
1336 453 1375 512 tn
1406 469 1448 512 na

320 551 484 616 misisti.
529 571 602 635 ego
625 571 695 632 pro
718 550 783 616 his
813 571 929 636 rog03
962 570 1039 616 non
1073 571 1144 633 pro
1178 550 1327 617 sacculo
1357 572 1449 636 roge,

320 657 390 720 sed
412 674 483 735 pro
506 653 578 730 bis,
609 673 709 739 quos
739 655 896 721 dedisti
929 655 1035 719 mihi.
1080 654 1210 735 probis
1234 662 1450 740 ergoorat,ut

320 758 351 822 in
375 757 453 824 libro
477 760 527 825 dei
550 759 732 825 scribentur.
779 759 859 824 etsi
889 759 941 843 qui
972 759 1053 824 forte
1076 759 1248 843 ambigent,
1271 779 1328 825 cur
1349 760 1449 824 nonin
1518 740 1519 791 ³

281 887 294 926 a
321 861 400 927 libro
433 863 604 930 macutum
638 863 743 945 scripti
778 863 849 941 sint,
884 863 962 927 mihi
994 863 1120 928 maioris
1153 863 1315 947 dignitatis
1346 863 1451 930 uidem
1518 878 1519 891 ³

320 985 389 1032 esse
412 967 442 1030 iu
466 965 545 1033 libro
569 966 618 1033 dei
649 968 759 1046 scribi;
794 968 868 1051 quia
900 973 1080 1047 peccatores
1111 969 1150 1033 de
1180 967 1260 1032 libro
1292 968 1450 1033 uiuentium
1518 988 1519 1049 j

321 1069 470 1146 delentur,
504 1071 576 1136 iusti
610 1077 712 1136 autem
746 1071 779 1135 in
812 1071 891 1136 libro
922 1071 972 1136 dei
985 1109 989 1114 -
1002 1071 1187 1136 scribuntur.
1232 1073 1317 1155 quod
1347 1079 1450 1137 utrum

321 1192 381 1258 que
426 1175 483 1239 sub
522 1173 573 1239 bis
618 1175 709 1240 dictis
755 1173 962 1259 significatur:
1009 1174 1226 1241 deleantur
1270 1177 1316 1241 de
1360 1175 1450 1240 libro

320 1278 549 1344 uiuentium
590 1263 639 1343 'et
683 1298 767 1344 cum
813 1278 936 1343 iusi-is
982 1298 1059 1344 nou
1107 1279 1354 1344 scribantur.
1405 1300 1450 1361 pro
1518 1344 1519 1353 ,

190 1465 191 1470 ¹
268 1407 293 1444 lo
320 1382 557 1447 resurrectionis
587 1383 670 1448 enim
701 1383 890 1461 diuersitate,
920 1403 983 1467 qua
1012 1382 1102 1449 stella
1124 1384 1164 1448 ab
1186 1381 1278 1448 stella
1307 1382 1408 1450 differt
1426 1385 1450 1446 iu

320 1483 426 1570 gloria,
460 1485 565 1568 plures
598 1487 630 1551 iu
662 1486 740 1552 libro
771 1487 945 1569 uiuentium
968 1492 1066 1552 erunt
1112 1487 1183 1551 iusti
1205 1495 1309 1552 autem
1330 1489 1364 1552 in
1385 1487 1450 1552 libro

321 1591 371 1657 dei
405 1591 589 1670 scribentur,
624 1591 697 1675 quia
728 1601 905 1672 peccatores
938 1609 1002 1655 non
1039 1592 1133 1656 modo
1169 1610 1241 1656 cum
1278 1591 1365 1656 iustis
1399 1610 1448 1654 non
1518 1576 1519 1581 ἵ

321 1694 503 1774 scribentur,
533 1697 590 1760 sed
619 1716 659 1762 ne
682 1696 714 1760 in
738 1695 816 1760 libro
839 1696 965 1779 quidem
998 1695 1170 1760 uiuentium
1203 1695 1450 1779 derelinquentur.

365 1799 416 1864 37.
440 1799 501 1864 Sed
535 1801 745 1865 contuendum
780 1805 834 1877 est,
869 1800 921 1883 qui
943 1800 1101 1881 profectus
1135 1819 1242 1865 eorum
1276 1800 1324 1876 sit
1357 1799 1449 1883 quiin
1518 1784 1519 1813 ¹

270 1926 297 1962 ιο
324 1902 404 1968 libro
438 1903 488 1967 dei
527 1903 709 1969 scribentur.
761 1923 873 1985 nempe
911 1903 985 1969 iste:
1023 1903 1089 1968 (lie
1121 1902 1391 1985 replebuntur
1417 1909 1450 1966 ct
1518 1956 1519 1987 Ὺ

321 2027 434 2073 nemo
468 2006 507 2071 in
540 2007 613 2072 hie.
658 2007 689 2071 in
725 2007 914 2091 quibusdam
947 2007 1106 2073 codicibus
1139 2008 1184 2073 ita
1216 2007 1364 2093 legimus:
1395 2005 1449 2072 dis
1518 2016 1519 2059 l

322 2111 617 2177 formabuntur.
663 2131 721 2177 nec
753 2111 888 2176 multum
911 2110 1015 2177 differt
1035 2111 1148 2195 repleri
1170 2117 1203 2178 et
1224 2111 1356 2178 formari
1397 2110 1448 2174 lor·
1518 2108 1519 2113 ’

322 2235 445 2281 mamur
479 2216 572 2292 euim,
606 2222 642 2281 ut
675 2215 851 2282 conformes
884 2215 984 2281 aimus
1017 2215 1126 2300 gloria
1158 2215 1296 2298 corporis
1329 2215 1383 2280 dei.
1422 2222 1448 2278 et
1518 2240 1519 2247 ¹

322 2318 452 2400 apostoli
476 2321 593 2386 dictum
617 2325 679 2385 est:
703 2318 834 2384 filioli
868 2319 954 2397 mei,
978 2339 1078 2403 quos
1099 2320 1246 2386 iterum
1271 2319 1447 2404 parturio,

271 2451 296 2489 n
323 2424 451 2490 donec
485 2423 684 2490 formetur
717 2422 909 2489 Christus
942 2424 983 2488 in
1011 2423 1136 2490 uobis.
1181 2424 1339 2505 replemur
1357 2427 1447 2487 autem

321 2528 491 2594 secundum
525 2527 644 2594 dictum
680 2527 858 2610 propheta:
895 2525 1150 2608 replebimur
1187 2529 1235 2594 ab
1272 2529 1446 2594 ubertate

321 2634 459 2698 domus
484 2637 567 2697 tuae.
615 2632 680 2697 die
701 2633 806 2716 itaque
829 2631 1110 2713 replebuntur,
1132 2631 1165 2696 id
1189 2639 1237 2698 ast
1257 2651 1330 2698 uem
1347 2629 1446 2695 lumine

321 2773 364 2782 -
398 2736 448 2800 lux
486 2737 567 2802 enim
608 2734 750 2801 (lhristus
790 2741 852 2801 est:
891 2741 980 2800 erat
1016 2735 1100 2800 enim
1138 2735 1204 2800 lux
1240 2755 1342 2813 uera
1375 2751 1445 2818 qua

320 2839 514 2905 lucificat
551 2859 706 2904 omnem
751 2839 954 2906 hominem
998 2839 1234 2905 uenientem
1277 2840 1316 2904 in
1357 2837 1445 2902 huuc

269 2970 294 3009 π
321 2945 507 3008 mundum
547 2977 587 2990 -
625 2963 686 3008 non
730 2945 794 3009 iam
839 2943 1022 3029 ignorantia
1065 2948 1155 3008 nocte
1200 2944 1316 3010 detenti
1361 2957 1444 3022 neque

321 3048 457 3114 tenebris
490 3047 582 3113 huius
616 3048 720 3113 saeculi
755 3048 838 3124 caeci,
871 3051 928 3114 sed
961 3047 1101 3114 ueritatis
1134 3046 1204 3113 luce
1237 3045 1444 3112 inluminabat

321 3153 371 3217 die
405 3151 523 3233 repleti.
569 3154 654 3236 quod
687 3159 790 3218 autem
819 3151 973 3232 repletum
1007 3158 1062 3229 est
1094 3150 1173 3216 nihil
1205 3160 1318 3233 praeter
1347 3151 1384 3218 id.
1414 3163 1442 3209 er

322 3276 383 3340 quo
414 3255 537 3337 plenum
572 3263 628 3334 est
662 3255 781 3336 recipit.
826 3275 887 3320 nor
917 3256 1055 3322 enimin
1079 3276 1157 3331 eum,
1182 3251 1442 3340 quidiereplebs

321 3367 377 3438 est,
422 3380 483 3426 non
528 3367 668 3440 penetrat
712 3362 882 3426 secundum
926 3358 1002 3427 illud
1039 3359 1186 3440 apostoli:
1232 3381 1315 3445 quae
1356 3355 1439 3422 enin

364 3483 441 3537 ers.
459 3482 583 3550 nxvm,
602 3485 644 3536 aa.
682 3485 713 3536 ιο
731 3482 819 3536 icor.
834 3482 874 3550 rs,
886 3485 929 3536 n.
967 3484 1000 3535 rc
1017 3481 1076 3536 cn.
1088 3481 1134 3549 rr,
1148 3484 1189 3535 m.
1225 3483 1259 3536 nr
1277 3473 1439 3539 ausura

321 3571 356 3624 sa
373 3569 431 3624 ron.
450 3570 471 3637 1,
488 3573 513 3624 a.
549 3571 583 3624 aa
601 3569 628 3623 11
648 3568 709 3622 eor.
728 3571 753 3637 c,
774 3572 814 3623 14.

366 3672 564 3742 lprodiernnt
582 3674 627 3726 Rc
679 3673 858 3742 lambigent
878 3673 930 3726 GR
947 3669 1132 3741 subigente*
1183 3689 1237 3740 qur
1254 3672 1280 3725 R
1328 3659 1439 3724 omiti

321 3760 378 3814 sint
398 3761 423 3814 G
441 3760 545 3828 scripti·
566 3765 632 3814 sunt
650 3762 676 3813 R
704 3759 745 3824 (ia
762 3761 789 3813 R
806 3779 840 3812 m.
858 3758 879 3813 3
895 3761 934 3812 tis
960 3759 1045 3813 uerbis
1062 3761 1090 3812 ia
1107 3776 1192 3828 marq.
1218 3761 1280 3812 iaec
1296 3755 1398 3810 eddidit:
1412 3747 1438 3799 ¹1²

322 3847 401 3902 libris
427 3847 554 3901 uiuentiu
581 3845 605 3899 ἁ
631 3845 750 3914 iustoru)
805 3849 839 3902 10
865 3863 921 3915 qus
949 3847 1001 3899 GR
1027 3845 1093 3914 quia
1120 3846 1148 3898 E
1198 3845 1235 3900 ab
1264 3847 1289 3898 G
1312 3841 1374 3896 cll
1416 3833 1438 3886 ii

321 3933 440 4002 gloriam
460 3934 485 3986 G
540 3935 573 3987 13
591 3933 638 3987 scd
657 3951 692 3988 ne
704 3933 759 3986 GE
775 3934 823 3987 scd
840 3950 891 3988 neo
909 3935 936 3986 R
988 3932 1256 4000 derelinquenturG
1272 3928 1439 3996 reliquetur

322 4021 376 4074 RE
430 4021 530 4074 miste
551 4021 589 4074 Ge
606 4020 656 4074 isti
674 4039 704 4074 ec
722 4018 871 4086 corr.R(b)
926 4023 959 4074 19
971 4018 1052 4073 filioli
1062 4019 1117 4072 mei
1129 4019 1182 4073 GR
1190 4018 1307 4072 lilioliE
1349 4015 1381 4067 20
1395 4009 1437 4061 iffi·

321 4113 413 4160 metur
429 4103 653 4175 ipsGChristus
670 4107 841 4161 formeturR
893 4109 926 4161 21
936 4106 1082 4176 proleteG
1134 4107 1287 4160 ssomnem
1296 4103 1326 4167 G,
1336 4103 1360 4153 iu
1371 4109 1437 4159 Mil·

322 4213 382 4264 cdd.
401 4229 433 4264 m.
448 4211 503 4264 Ill
555 4213 589 4265 25
607 4217 690 4266 nocte
708 4211 816 4266 detenti
834 4212 889 4265 RE
905 4192 1016 4291 noctem
1037 4210 1062 4263 G
1114 4210 1150 4264 28
1167 4209 1196 4262 in
1215 4227 1276 4263 eum
1292 4225 1336 4260 om
1353 4203 1382 4256 G.
