3075 4967
289 304 351 370 536
627 305 744 360 sancti
768 305 903 360 Hilarii
927 306 1090 375 episcopi

288 494 460 580 euangelici
484 497 644 575 sermonis,
676 516 737 581 qno
759 497 818 561 eit:
852 497 1017 562 tradent
1051 497 1155 564 enirn
1189 519 1260 564 nos
1295 505 1332 564 et
1362 499 1423 564 fln-

286 600 504 686 gellabunt
526 599 564 664 in
588 599 823 685 synagogis,
853 605 893 665 st
922 601 1096 666 stabitis
1126 609 1220 669 ente
1250 623 1369 688 reges
1390 612 1422 668 et

286 709 518 787 potestates
541 704 579 768 in
603 704 886 770 testimonium
915 703 1005 769 illis
1035 712 1074 769 et
1107 707 1311 790 gentibus.
1356 709 1421 791 quin

286 810 378 875 etiam
395 809 600 874 constantiam
616 807 844 889 predicationis
859 807 1020 874 insinuens
1035 815 1067 874 et
1081 809 1284 876 consessionis
1299 811 1421 895 gloriam

247 937 259 972 a
287 915 401 979 docens
424 919 496 978 ante
519 933 571 978 eos
594 913 693 978 fuerat
719 913 896 978 adhortatus
920 913 1042 979 dicens:
1073 915 1212 991 omnis,
1244 916 1312 999 qni
1342 936 1420 981 con·

286 1017 478 1083 litabitnr
500 1037 556 1082 me
580 1036 712 1081 corum
735 1016 980 1095 hominibus,
1015 1025 1054 1083 et
1087 1038 1161 1103 ego
1194 1019 1422 1085 confitebor

286 1141 371 1187 eum
394 1141 526 1186 corum
548 1127 663 1202 patre
686 1141 779 1201 meo,
803 1121 869 1205 qui
893 1122 1016 1188 estin
1039 1122 1166 1188 caelis:
1197 1124 1265 1207 qni
1299 1132 1421 1189 autem

286 1225 505 1311 negauerit
541 1245 597 1290 me
634 1246 767 1292 coram
806 1226 1046 1302 hominibus,
1086 1233 1125 1292 et
1161 1247 1235 1312 ego
1271 1228 1420 1312 negabo

286 1350 372 1396 eum
402 1348 533 1396 coram
563 1336 679 1410 patre
709 1351 800 1408 meo,
832 1330 961 1414 quiin
995 1330 1107 1396 caelis
1131 1337 1201 1397 est.
1246 1331 1314 1396 siue
1336 1333 1421 1416 igitur

228 1455 254 1491 ιο
284 1434 444 1500 dedicatus
468 1434 606 1518 exlege,
630 1433 695 1499 siue
718 1435 812 1500 etiam
833 1434 865 1498 in
889 1433 1043 1519 euangelii
1070 1435 1204 1520 gloriam
1227 1444 1420 1517 preparatus,

69 1519 70 1522 Ἴ
165 1547 167 1551 ’
283 1537 337 1622 qui
359 1558 460 1622 neque
476 1537 556 1633 ¹Saul
577 1537 754 1622 populoque
777 1540 844 1604 eins
866 1557 993 1604 causam
1012 1539 1186 1604 insectandi
1202 1560 1237 1605 se
1252 1539 1420 1624 reliquisset

284 1649 314 1707 et
338 1661 392 1722 per
415 1641 512 1707 multe
534 1641 709 1723 principum
732 1649 762 1706 et
785 1642 924 1726 gentium
939 1643 1011 1706 odia
1026 1643 1119 1708 sciret
1134 1643 1279 1709 caelorum
1295 1664 1419 1729 regnum

283 1745 396 1812 saeculo
420 1745 632 1825 nuntiandum,
655 1745 848 1812 confidenter
870 1745 939 1811 hmo
962 1748 1020 1812 deo
1035 1745 1187 1831 loquitur:
1211 1747 1418 1832 principes

238 1841 242 1852 '
282 1851 491 1932 persecuti
515 1857 608 1916 sunt
642 1871 699 1916 me
734 1853 882 1935 gratis:
905 1851 1144 1916 etauerbis
1176 1853 1256 1917 tuis
1287 1852 1417 1917 formi-

231 1973 255 2011 n
284 1953 397 2019 dauit
420 1975 644 2020 cormeum.
691 1954 802 2019 metuit
823 1955 906 2019 enim
930 1955 1040 2039 negari
1062 1975 1105 2022 se.
1128 1957 1154 2020 si
1178 1961 1316 2040 negaret

326 2093 356 2157 2.
379 2093 442 2158 Sed
464 2113 535 2158 cum
558 2094 657 2159 baete
679 2092 770 2159 huius
803 2093 1014 2159 insectationis
1047 2097 1176 2175 praemia
1209 2114 1270 2159 non
1304 2095 1418 2180 ignoret

282 2197 404 2262 domino
425 2196 561 2262 dicente:
587 2198 697 2262 beati
720 2198 833 2278 estis,
857 2218 943 2263 cum
966 2218 1038 2269 uos
1062 2206 1365 2282 persequentur
1386 2208 1417 2262 et

282 2302 420 2367 dicent
443 2321 555 2366 omne
579 2301 721 2366 malum
755 2301 973 2367 aduersum
1007 2323 1076 2367 uos
1110 2309 1277 2383 propter
1312 2301 1417 2368 insti·

281 2407 393 2484 tiam;
416 2406 593 2489 gaudete
617 2411 655 2471 et
678 2405 867 2484 exultate,
891 2407 1081 2489 quoniam
1111 2407 1261 2472 mercis
1284 2415 1415 2473 uestra

229 2525 254 2563 20
281 2511 448 2590 copiosa
472 2509 593 2574 estin
617 2509 720 2586 caelo,
744 2515 815 2590 post
836 2511 1012 2591 principum
1036 2510 1106 2574 odia
1135 2510 1333 2575 formidinem
1355 2530 1417 2576 uer·

281 2615 388 2678 borum
402 2613 507 2678 delita
523 2613 991 2697 consequentibustemperanit:
1015 2613 1185 2680 letabor
1207 2634 1280 2698 ego
1303 2634 1416 2696 snper

281 2717 445 2800 eloquia
480 2725 552 2794 tua,
587 2718 694 2782 sicut
727 2719 793 2800 qui
827 2718 988 2783 inuenit
1022 2717 1156 2803 spolia
1186 2718 1319 2783 multa.
1364 2717 1415 2782 fuit

280 2840 356 2904 ergo
379 2821 562 2898 formidinis,
587 2841 625 2886 ne
648 2823 913 2902 persecutionibus
936 2822 1108 2903 principum
1133 2827 1186 2887 aut
1208 2822 1414 2906 indignesub·

280 2924 405 2989 deretur
438 2935 489 2990 aut
518 2925 650 3001 cederet,
679 2926 755 3009 quia
784 2933 815 2990 et
844 2945 971 2991 causam
1001 2925 1142 2990 odiorum
1171 2926 1339 3006 praebuisse
1360 2944 1415 2988 non

227 3043 252 3083 π
280 3028 378 3093 sancti
402 3037 457 3105 est,
481 3037 511 3093 et
533 3029 581 3093 dei
607 3030 741 3113 gretiam
771 3035 858 3094 metu
880 3027 984 3094 saeculi
1006 3030 1149 3094 amisisse
1172 3029 1239 3095 sine
1263 3029 1351 3094 uenia
1371 3029 1414 3094 sit..

279 3133 334 3197 sed
358 3131 457 3216 spolia
479 3133 635 3198 inuenisse
658 3134 784 3198 uictoris
807 3139 868 3198 est:
892 3144 976 3217 certe
999 3153 1035 3199 ea
1057 3153 1094 3198 ex
1116 3152 1151 3200 se
1177 3135 1343 3214 prebuisse
1356 3133 1412 3197 iam

277 3235 352 3302 uicti
375 3242 431 3301 est.
476 3257 546 3302 cum
562 3235 611 3301 his
626 3237 729 3320 itaque
752 3237 1006 3304 insectationibus
1025 3236 1175 3319 propheta
1190 3257 1252 3304 non
1267 3237 1412 3322 frangitur

322 3431 335 3482 1
355 3427 453 3482 Metth.
472 3429 505 3496 X,
526 3432 558 3483 17
576 3445 616 3497 sq.
652 3433 668 3484 5
688 3429 755 3485 lbid.
775 3431 808 3498 X,
826 3432 861 3485 89
878 3448 918 3498 sq.
957 3432 989 3483 17
1007 3430 1105 3484 Matth.
1124 3430 1157 3497 V,
1178 3433 1208 3484 11
1228 3449 1268 3499 sq.

616 3541 630 3582 0

321 3619 403 3687 lqui
421 3621 461 3673 ait
484 3621 509 3673 V
557 3620 674 3674 dantes
697 3621 724 3675 V
772 3638 867 3676 omnes
882 3619 917 3674 V¹
970 3620 1119 3676 confitetur
1137 3621 1164 3673 R
1216 3576 1338 3674 door-an
1349 3636 1409 3672 corr.

276 3724 309 3758 m.
328 3704 392 3760 2V
441 3706 595 3761 confitebor
613 3725 643 3761 cs
660 3706 836 3763 confitebitor
854 3727 887 3760 m.
906 3707 973 3763 IV
1022 3707 1104 3776 'lqui
1123 3711 1218 3762 autem
1235 3708 1316 3760 —in
1333 3703 1410 3760 caelu

277 3850 319 3899 est
337 3863 385 3898 om.
404 3847 447 3916 Rp
500 3848 516 3899 9
535 3845 595 3900 siue
612 3845 700 3914 igitur
718 3846 769 3900 deo
788 3846 895 3900 dicatus
913 3847 969 3901 fnit
985 3847 1070 3900 etiem
1088 3846 1117 3899 in
1137 3847 1160 3898 ί*
1174 3847 1223 3914 qni
1234 3793 1254 3914 ὲ
1265 3847 1301 3900 do
1318 3845 1408 3914 dignus

276 3931 362 3986 fuerit
387 3931 417 3984 im
441 3951 461 4002 p
516 3935 545 3986 11
565 3931 668 4002 populo
695 3933 721 3986 R
776 3935 809 3987 12
826 3938 855 3986 et
880 3951 931 4002 per
957 3933 1085 4002 gentium
1117 3933 1144 3986 V
1193 3935 1278 3987 semet
1304 3936 1409 4002 propter

277 4017 415 4072 caelorum
425 4035 542 4087 regnum
554 4019 607 4088 0ρὸ
644 4021 676 4072 13
695 4019 912 4074 renuntiandum
923 4021 976 4090 Cpb
1021 4022 1055 4074 14
1072 4002 1169 4088 gretei
1184 4019 1220 4074 V¹
1263 4022 1294 4074 16
1311 4020 1407 4081 baon

276 4103 387 4173 ignorat
402 4105 615 4174 VignoraretC
666 4109 698 4160 18
716 4122 826 4160 omnem
846 4105 879 4159 l'¹
933 4108 966 4159 19
984 4105 1167 4177 meroesRCp
1219 4107 1255 4161 20
1270 4103 1406 4158 formium

276 4209 347 4254 supr.
365 4209 414 4244 scr.
432 4209 465 4246 m.
483 4191 500 4245 1
519 4193 546 4245 R
599 4191 679 4246 uerbi
690 4193 727 4262 Cp
780 4194 815 4247 23
833 4198 881 4247 sut
898 4191 1069 4261 indignaaR
1086 4192 1252 4263 indigneCp
1269 4189 1405 4257 untdique

276 4279 340 4330 coni·
362 4278 456 4332 Beaed
474 4281 501 4332 in
518 4281 579 4331 urla.
632 4280 666 4332 25
686 4280 813 4332 metust'
863 4279 897 4334 26
915 4278 1042 4333 inuenire
1057 4279 1119 4349 ch
1171 4295 1201 4332 se
1218 4280 1279 4333 cdd.
1297 4295 1329 4330 m.
1345 4271 1403 4327 al.
