<?xml version="1.0" encoding="UTF-8"?>
<!DOCTYPE html PUBLIC "-//W3C//DTD XHTML 1.0 Transitional//EN"
    "http://www.w3.org/TR/xhtml1/DTD/xhtml1-transitional.dtd">
<html xmlns="http://www.w3.org/1999/xhtml" xml:lang="en" lang="en">
 <head>
  <title>
</title>
<meta http-equiv="Content-Type" content="text/html;charset=utf-8" />
  <meta name='ocr-system' content='tesseract 3.04.00' />
  <meta name='ocr-capabilities' content='ocr_page ocr_carea ocr_par ocr_line ocrx_word'/>
</head>
<body>
  <div class='ocr_page' id='page_1' title='image "./corpusscriptoru23wiengoog_0685.png"; bbox 0 0 3075 4967; ppageno 0'>
   <div class='ocr_carea' id='block_1_1' title="bbox 383 307 1236 377">
    <p class='ocr_par' dir='ltr' id='par_1_1' title="bbox 383 307 1236 377">
     <span class='ocr_line' id='line_1_1' title="bbox 383 307 1236 377; baseline 0.018 -18"><span class='ocrx_word' id='word_1_1' title='bbox 383 311 564 362; x_wconf 81' lang='lat' dir='ltr'>tractatus</span> <span class='ocrx_word' id='word_1_2' title='bbox 582 308 617 360; x_wconf 92' lang='lat' dir='ltr'>in</span> <span class='ocrx_word' id='word_1_3' title='bbox 635 308 807 377; x_wconf 76' lang='lat' dir='ltr'>psalmum</span> <span class='ocrx_word' id='word_1_4' title='bbox 826 307 945 361; x_wconf 79' lang='lat' dir='ltr'>CXXIX·</span> <span class='ocrx_word' id='word_1_5' title='bbox 1174 307 1236 374; x_wconf 79' lang='lat'>655</span> 
     </span>
    </p>
   </div>
   <div class='ocr_carea' id='block_1_2' title="bbox 92 497 1290 2770">
    <p class='ocr_par' dir='ltr' id='par_1_2' title="bbox 100 497 1290 1099">
     <span class='ocr_line' id='line_1_2' title="bbox 104 497 1237 594; baseline 0 -33"><span class='ocrx_word' id='word_1_6' title='bbox 104 498 180 594; x_wconf 78' lang='lat' dir='ltr'>digni</span> <span class='ocrx_word' id='word_1_7' title='bbox 205 499 358 564; x_wconf 83' lang='lat' dir='ltr'>consortio</span> <span class='ocrx_word' id='word_1_8' title='bbox 381 517 436 564; x_wconf 91' lang='lat' dir='ltr'>sno</span> <span class='ocrx_word' id='word_1_9' title='bbox 460 498 514 563; x_wconf 91' lang='lat' dir='ltr'>filii</span> <span class='ocrx_word' id='word_1_10' title='bbox 532 505 620 580; x_wconf 89' lang='lat' dir='ltr'>pater</span> <span class='ocrx_word' id='word_1_11' title='bbox 636 535 677 544; x_wconf 93' lang='lat'>—</span> <span class='ocrx_word' id='word_1_12' title='bbox 694 507 788 576; x_wconf 87' lang='lat' dir='ltr'>reete,</span> <span class='ocrx_word' id='word_1_13' title='bbox 811 498 850 562; x_wconf 89' lang='lat' dir='ltr'>ad</span> <span class='ocrx_word' id='word_1_14' title='bbox 866 517 960 582; x_wconf 91' lang='lat' dir='ltr'>quem</span> <span class='ocrx_word' id='word_1_15' title='bbox 975 497 1070 574; x_wconf 91' lang='lat' dir='ltr'>uoles,</span> <span class='ocrx_word' id='word_1_16' title='bbox 1087 498 1237 580; x_wconf 91' lang='lat' dir='ltr'>propheta</span> 
     </span>
     <span class='ocr_line' id='line_1_3' title="bbox 103 603 1236 688; baseline 0.002 -21"><span class='ocrx_word' id='word_1_17' title='bbox 103 603 208 669; x_wconf 80' lang='lat' dir='ltr'>dixisse</span> <span class='ocrx_word' id='word_1_18' title='bbox 244 605 402 670; x_wconf 82' lang='lat' dir='ltr'>credetur:</span> <span class='ocrx_word' id='word_1_19' title='bbox 436 605 625 688; x_wconf 89' lang='lat' dir='ltr'>quoniam</span> <span class='ocrx_word' id='word_1_20' title='bbox 660 603 762 684; x_wconf 89' lang='lat' dir='ltr'>apud</span> <span class='ocrx_word' id='word_1_21' title='bbox 800 609 838 668; x_wconf 92' lang='lat' dir='ltr'>te</span> <span class='ocrx_word' id='word_1_22' title='bbox 875 603 1121 685; x_wconf 78' lang='lat' dir='ltr'>propitiatio</span> <span class='ocrx_word' id='word_1_23' title='bbox 1159 608 1236 670; x_wconf 89' lang='lat' dir='ltr'>est:</span> 
     </span>
     <span class='ocr_line' id='line_1_4' title="bbox 102 705 1236 790; baseline 0 -20"><span class='ocrx_word' id='word_1_24' title='bbox 102 707 166 790; x_wconf 92' lang='lat' dir='ltr'>qnia</span> <span class='ocrx_word' id='word_1_25' title='bbox 187 708 219 771; x_wconf 92' lang='lat' dir='ltr'>in</span> <span class='ocrx_word' id='word_1_26' title='bbox 243 715 329 789; x_wconf 83' lang='lat' dir='ltr'>patre</span> <span class='ocrx_word' id='word_1_27' title='bbox 352 709 522 773; x_wconf 88' lang='lat' dir='ltr'>seeundum</span> <span class='ocrx_word' id='word_1_28' title='bbox 546 706 781 773; x_wconf 89' lang='lat' dir='ltr'>similitudinem</span> <span class='ocrx_word' id='word_1_29' title='bbox 805 706 911 790; x_wconf 83' lang='lat' dir='ltr'>gloriae</span> <span class='ocrx_word' id='word_1_30' title='bbox 928 705 1010 772; x_wconf 88' lang='lat' dir='ltr'>filins</span> <span class='ocrx_word' id='word_1_31' title='bbox 1031 713 1086 784; x_wconf 87' lang='lat' dir='ltr'>est,</span> <span class='ocrx_word' id='word_1_32' title='bbox 1111 717 1140 772; x_wconf 89' lang='lat' dir='ltr'>et</span> <span class='ocrx_word' id='word_1_33' title='bbox 1156 705 1236 770; x_wconf 87' lang='lat' dir='ltr'>filins</span> 
     </span>
     <span class='ocr_line' id='line_1_5' title="bbox 101 811 1237 894; baseline 0.001 -19"><span class='ocrx_word' id='word_1_34' title='bbox 101 811 160 891; x_wconf 90' lang='lat' dir='ltr'>ipse</span> <span class='ocrx_word' id='word_1_35' title='bbox 180 832 238 893; x_wconf 89' lang='lat' dir='ltr'>pro</span> <span class='ocrx_word' id='word_1_36' title='bbox 260 813 398 894; x_wconf 81' lang='lat' dir='ltr'>peccatis</span> <span class='ocrx_word' id='word_1_37' title='bbox 420 813 533 877; x_wconf 91' lang='lat' dir='ltr'>nostris</span> <span class='ocrx_word' id='word_1_38' title='bbox 557 818 587 877; x_wconf 92' lang='lat' dir='ltr'>et</span> <span class='ocrx_word' id='word_1_39' title='bbox 608 811 784 893; x_wconf 80' lang='lat' dir='ltr'>propitiatio</span> <span class='ocrx_word' id='word_1_40' title='bbox 818 818 848 876; x_wconf 90' lang='lat' dir='ltr'>et</span> <span class='ocrx_word' id='word_1_41' title='bbox 877 812 1050 894; x_wconf 81' lang='lat' dir='ltr'>redemptio</span> <span class='ocrx_word' id='word_1_42' title='bbox 1074 817 1105 876; x_wconf 91' lang='lat' dir='ltr'>et</span> <span class='ocrx_word' id='word_1_43' title='bbox 1127 813 1237 892; x_wconf 90' lang='lat' dir='ltr'>depre-</span> 
     </span>
     <span class='ocr_line' id='line_1_6' title="bbox 100 915 1290 1000; baseline -0.002 -22"><span class='ocrx_word' id='word_1_44' title='bbox 100 917 173 979; x_wconf 88' lang='lat' dir='ltr'>oatio</span> <span class='ocrx_word' id='word_1_45' title='bbox 203 921 259 994; x_wconf 87' lang='lat' dir='ltr'>est,</span> <span class='ocrx_word' id='word_1_46' title='bbox 289 916 485 1000; x_wconf 76' lang='lat' dir='ltr'>iniquitatum</span> <span class='ocrx_word' id='word_1_47' title='bbox 509 921 693 996; x_wconf 88' lang='lat' dir='ltr'>nostrarum,</span> <span class='ocrx_word' id='word_1_48' title='bbox 728 916 800 998; x_wconf 89' lang='lat' dir='ltr'>quia</span> <span class='ocrx_word' id='word_1_49' title='bbox 829 916 895 996; x_wconf 91' lang='lat' dir='ltr'>ipse</span> <span class='ocrx_word' id='word_1_50' title='bbox 925 935 1032 980; x_wconf 87' lang='lat' dir='ltr'>earum</span> <span class='ocrx_word' id='word_1_51' title='bbox 1063 915 1237 996; x_wconf 85' lang='lat' dir='ltr'>propitiatio</span> <span class='ocrx_word' id='word_1_52' title='bbox 1277 938 1290 975; x_wconf 76' lang='lat' dir='ltr'>a</span> 
     </span>
     <span class='ocr_line' id='line_1_7' title="bbox 100 1020 426 1099; baseline 0.009 -18"><span class='ocrx_word' id='word_1_53' title='bbox 100 1020 144 1099; x_wconf 89' lang='lat' dir='ltr'>sit,</span> <span class='ocrx_word' id='word_1_54' title='bbox 166 1040 228 1085; x_wconf 93' lang='lat' dir='ltr'>non</span> <span class='ocrx_word' id='word_1_55' title='bbox 251 1021 426 1086; x_wconf 84' lang='lat' dir='ltr'>recordans.</span> 
     </span>
    </p>

    <p class='ocr_par' dir='ltr' id='par_1_3' title="bbox 92 1125 1289 2770">
     <span class='ocr_line' id='line_1_8' title="bbox 139 1125 1235 1211; baseline 0.001 -22"><span class='ocrx_word' id='word_1_56' title='bbox 139 1125 186 1190; x_wconf 93' lang='lat'>10.</span> <span class='ocrx_word' id='word_1_57' title='bbox 212 1127 277 1192; x_wconf 86' lang='lat' dir='ltr'>Soit</span> <span class='ocrx_word' id='word_1_58' title='bbox 299 1135 400 1192; x_wconf 88' lang='lat' dir='ltr'>autem</span> <span class='ocrx_word' id='word_1_59' title='bbox 427 1125 577 1211; x_wconf 87' lang='lat' dir='ltr'>propheta</span> <span class='ocrx_word' id='word_1_60' title='bbox 600 1126 736 1209; x_wconf 82' lang='lat' dir='ltr'>ingentis</span> <span class='ocrx_word' id='word_1_61' title='bbox 758 1125 888 1207; x_wconf 85' lang='lat' dir='ltr'>periculi</span> <span class='ocrx_word' id='word_1_62' title='bbox 919 1147 986 1192; x_wconf 86' lang='lat' dir='ltr'>rem</span> <span class='ocrx_word' id='word_1_63' title='bbox 1017 1146 1092 1203; x_wconf 87' lang='lat' dir='ltr'>esse,</span> <span class='ocrx_word' id='word_1_64' title='bbox 1124 1125 1235 1209; x_wconf 88' lang='lat' dir='ltr'>inique,</span> 
     </span>
     <span class='ocr_line' id='line_1_9' title="bbox 98 1228 1237 1315; baseline 0.001 -23"><span class='ocrx_word' id='word_1_65' title='bbox 98 1229 195 1295; x_wconf 87' lang='lat' dir='ltr'>idest</span> <span class='ocrx_word' id='word_1_66' title='bbox 218 1231 286 1295; x_wconf 87' lang='lat' dir='ltr'>sine</span> <span class='ocrx_word' id='word_1_67' title='bbox 308 1231 379 1314; x_wconf 86' lang='lat' dir='ltr'>lege</span> <span class='ocrx_word' id='word_1_68' title='bbox 401 1249 537 1312; x_wconf 82' lang='lat' dir='ltr'>peecare,</span> <span class='ocrx_word' id='word_1_69' title='bbox 572 1231 645 1313; x_wconf 91' lang='lat' dir='ltr'>quia</span> <span class='ocrx_word' id='word_1_70' title='bbox 674 1230 792 1311; x_wconf 78' lang='lat' dir='ltr'>peceati</span> <span class='ocrx_word' id='word_1_71' title='bbox 824 1231 890 1295; x_wconf 89' lang='lat' dir='ltr'>sine</span> <span class='ocrx_word' id='word_1_72' title='bbox 920 1228 991 1315; x_wconf 85' lang='lat' dir='ltr'>lege</span> <span class='ocrx_word' id='word_1_73' title='bbox 1023 1229 1151 1311; x_wconf 85' lang='lat' dir='ltr'>perditio</span> <span class='ocrx_word' id='word_1_74' title='bbox 1182 1235 1237 1307; x_wconf 87' lang='lat' dir='ltr'>est,</span> 
     </span>
     <span class='ocr_line' id='line_1_10' title="bbox 97 1332 1237 1416; baseline -0.002 -18"><span class='ocrx_word' id='word_1_75' title='bbox 97 1334 213 1413; x_wconf 89' lang='lat' dir='ltr'>peeoati</span> <span class='ocrx_word' id='word_1_76' title='bbox 235 1340 339 1399; x_wconf 85' lang='lat' dir='ltr'>entem</span> <span class='ocrx_word' id='word_1_77' title='bbox 362 1333 394 1398; x_wconf 92' lang='lat' dir='ltr'>in</span> <span class='ocrx_word' id='word_1_78' title='bbox 418 1332 488 1416; x_wconf 88' lang='lat' dir='ltr'>lege</span> <span class='ocrx_word' id='word_1_79' title='bbox 511 1333 657 1400; x_wconf 79' lang='lat' dir='ltr'>iudicium</span> <span class='ocrx_word' id='word_1_80' title='bbox 681 1340 737 1399; x_wconf 91' lang='lat' dir='ltr'>est.</span> <span class='ocrx_word' id='word_1_81' title='bbox 783 1340 814 1399; x_wconf 92' lang='lat' dir='ltr'>et</span> <span class='ocrx_word' id='word_1_82' title='bbox 837 1334 952 1398; x_wconf 87' lang='lat' dir='ltr'>ideireo</span> <span class='ocrx_word' id='word_1_83' title='bbox 983 1335 1040 1398; x_wconf 91' lang='lat' dir='ltr'>ait:</span> <span class='ocrx_word' id='word_1_84' title='bbox 1071 1338 1237 1414; x_wconf 86' lang='lat' dir='ltr'>propter</span> 
     </span>
     <span class='ocr_line' id='line_1_11' title="bbox 98 1435 1289 1523; baseline 0.002 -23"><span class='ocrx_word' id='word_1_85' title='bbox 98 1435 228 1523; x_wconf 83' lang='lat' dir='ltr'>legem</span> <span class='ocrx_word' id='word_1_86' title='bbox 251 1444 359 1503; x_wconf 90' lang='lat' dir='ltr'>tuam</span> <span class='ocrx_word' id='word_1_87' title='bbox 382 1438 561 1503; x_wconf 88' lang='lat' dir='ltr'>sustinui</span> <span class='ocrx_word' id='word_1_88' title='bbox 594 1443 639 1516; x_wconf 92' lang='lat' dir='ltr'>te,</span> <span class='ocrx_word' id='word_1_89' title='bbox 663 1437 832 1503; x_wconf 89' lang='lat' dir='ltr'>domine.</span> <span class='ocrx_word' id='word_1_90' title='bbox 877 1437 926 1504; x_wconf 88' lang='lat' dir='ltr'>lex</span> <span class='ocrx_word' id='word_1_91' title='bbox 949 1447 1052 1502; x_wconf 91' lang='lat' dir='ltr'>antem</span> <span class='ocrx_word' id='word_1_92' title='bbox 1076 1445 1183 1503; x_wconf 87' lang='lat' dir='ltr'>saneta</span> <span class='ocrx_word' id='word_1_93' title='bbox 1207 1443 1236 1502; x_wconf 89' lang='lat' dir='ltr'>et</span> <span class='ocrx_word' id='word_1_94' title='bbox 1264 1454 1289 1492; x_wconf 80' lang='lat'>10</span> 
     </span>
     <span class='ocr_line' id='line_1_12' title="bbox 96 1539 1236 1627; baseline 0.002 -22"><span class='ocrx_word' id='word_1_95' title='bbox 96 1541 241 1622; x_wconf 86' lang='lat' dir='ltr'>spiritalis</span> <span class='ocrx_word' id='word_1_96' title='bbox 265 1548 320 1621; x_wconf 88' lang='lat' dir='ltr'>est,</span> <span class='ocrx_word' id='word_1_97' title='bbox 343 1543 426 1609; x_wconf 92' lang='lat' dir='ltr'>etin</span> <span class='ocrx_word' id='word_1_98' title='bbox 450 1563 488 1608; x_wconf 89' lang='lat' dir='ltr'>ea</span> <span class='ocrx_word' id='word_1_99' title='bbox 510 1544 605 1608; x_wconf 90' lang='lat' dir='ltr'>uerba</span> <span class='ocrx_word' id='word_1_100' title='bbox 627 1543 698 1608; x_wconf 82' lang='lat' dir='ltr'>uitae</span> <span class='ocrx_word' id='word_1_101' title='bbox 722 1548 801 1620; x_wconf 89' lang='lat' dir='ltr'>sunt,</span> <span class='ocrx_word' id='word_1_102' title='bbox 837 1548 868 1608; x_wconf 92' lang='lat' dir='ltr'>et</span> <span class='ocrx_word' id='word_1_103' title='bbox 891 1542 970 1627; x_wconf 85' lang='lat' dir='ltr'>legis</span> <span class='ocrx_word' id='word_1_104' title='bbox 1001 1541 1072 1608; x_wconf 88' lang='lat' dir='ltr'>finis</span> <span class='ocrx_word' id='word_1_105' title='bbox 1095 1539 1236 1607; x_wconf 81' lang='lat' dir='ltr'>Christus</span> 
     </span>
     <span class='ocr_line' id='line_1_13' title="bbox 97 1645 1236 1731; baseline 0.002 -23"><span class='ocrx_word' id='word_1_106' title='bbox 97 1653 154 1724; x_wconf 87' lang='lat' dir='ltr'>est;</span> <span class='ocrx_word' id='word_1_107' title='bbox 177 1651 210 1712; x_wconf 93' lang='lat' dir='ltr'>et</span> <span class='ocrx_word' id='word_1_108' title='bbox 233 1645 291 1712; x_wconf 87' lang='lat' dir='ltr'>hoo</span> <span class='ocrx_word' id='word_1_109' title='bbox 314 1647 455 1731; x_wconf 82' lang='lat' dir='ltr'>sequenti</span> <span class='ocrx_word' id='word_1_110' title='bbox 479 1667 571 1712; x_wconf 88' lang='lat' dir='ltr'>uersu</span> <span class='ocrx_word' id='word_1_111' title='bbox 602 1646 783 1711; x_wconf 88' lang='lat' dir='ltr'>ostenditur.</span> <span class='ocrx_word' id='word_1_112' title='bbox 815 1647 874 1711; x_wconf 86' lang='lat' dir='ltr'>&#39;ait</span> <span class='ocrx_word' id='word_1_113' title='bbox 905 1648 1004 1712; x_wconf 90' lang='lat' dir='ltr'>enim:</span> <span class='ocrx_word' id='word_1_114' title='bbox 1037 1646 1236 1711; x_wconf 86' lang='lat' dir='ltr'>sustinuit</span> 
     </span>
     <span class='ocr_line' id='line_1_14' title="bbox 95 1748 1237 1835; baseline 0.002 -23"><span class='ocrx_word' id='word_1_115' title='bbox 95 1752 225 1814; x_wconf 89' lang='lat' dir='ltr'>anima</span> <span class='ocrx_word' id='word_1_116' title='bbox 258 1770 343 1816; x_wconf 89' lang='lat' dir='ltr'>mea</span> <span class='ocrx_word' id='word_1_117' title='bbox 376 1751 414 1815; x_wconf 91' lang='lat' dir='ltr'>in</span> <span class='ocrx_word' id='word_1_118' title='bbox 448 1751 613 1816; x_wconf 87' lang='lat' dir='ltr'>uerbum</span> <span class='ocrx_word' id='word_1_119' title='bbox 647 1758 763 1815; x_wconf 90' lang='lat' dir='ltr'>tunm.</span> <span class='ocrx_word' id='word_1_120' title='bbox 808 1749 977 1832; x_wconf 83' lang='lat' dir='ltr'>corporalia</span> <span class='ocrx_word' id='word_1_121' title='bbox 1000 1752 1126 1835; x_wconf 91' lang='lat' dir='ltr'>quidem</span> <span class='ocrx_word' id='word_1_122' title='bbox 1156 1748 1237 1834; x_wconf 85' lang='lat' dir='ltr'>legis</span> 
     </span>
     <span class='ocr_line' id='line_1_15' title="bbox 95 1852 1235 1939; baseline 0.001 -22"><span class='ocrx_word' id='word_1_123' title='bbox 95 1852 193 1919; x_wconf 84' lang='lat' dir='ltr'>osfieia</span> <span class='ocrx_word' id='word_1_124' title='bbox 218 1854 368 1939; x_wconf 89' lang='lat' dir='ltr'>prophete</span> <span class='ocrx_word' id='word_1_125' title='bbox 391 1856 575 1938; x_wconf 82' lang='lat' dir='ltr'>exsequitur,</span> <span class='ocrx_word' id='word_1_126' title='bbox 607 1853 725 1920; x_wconf 84' lang='lat' dir='ltr'>seilicet</span> <span class='ocrx_word' id='word_1_127' title='bbox 748 1854 970 1921; x_wconf 80' lang='lat' dir='ltr'>sacrifieiomm</span> <span class='ocrx_word' id='word_1_128' title='bbox 994 1861 1025 1921; x_wconf 89' lang='lat' dir='ltr'>et</span> <span class='ocrx_word' id='word_1_129' title='bbox 1045 1853 1235 1920; x_wconf 81' lang='lat' dir='ltr'>holocausto-</span> 
     </span>
     <span class='ocr_line' id='line_1_16' title="bbox 95 1959 1289 2042; baseline 0.001 -22"><span class='ocrx_word' id='word_1_130' title='bbox 95 1964 212 2023; x_wconf 90' lang='lat' dir='ltr'>matum</span> <span class='ocrx_word' id='word_1_131' title='bbox 235 1966 265 2024; x_wconf 88' lang='lat' dir='ltr'>et</span> <span class='ocrx_word' id='word_1_132' title='bbox 285 1960 522 2024; x_wconf 86' lang='lat' dir='ltr'>neomeniarum</span> <span class='ocrx_word' id='word_1_133' title='bbox 545 1965 576 2024; x_wconf 91' lang='lat' dir='ltr'>et</span> <span class='ocrx_word' id='word_1_134' title='bbox 598 1959 804 2038; x_wconf 85' lang='lat' dir='ltr'>sabbatorum,</span> <span class='ocrx_word' id='word_1_135' title='bbox 830 1979 898 2042; x_wconf 86' lang='lat' dir='ltr'>quae</span> <span class='ocrx_word' id='word_1_136' title='bbox 920 1960 1024 2025; x_wconf 92' lang='lat' dir='ltr'>omnia</span> <span class='ocrx_word' id='word_1_137' title='bbox 1038 1959 1151 2024; x_wconf 91' lang='lat' dir='ltr'>umbra</span> <span class='ocrx_word' id='word_1_138' title='bbox 1165 1963 1236 2022; x_wconf 91' lang='lat' dir='ltr'>sunt</span> <span class='ocrx_word' id='word_1_139' title='bbox 1263 1975 1289 2012; x_wconf 74' lang='lat'>¹⁶</span> 
     </span>
     <span class='ocr_line' id='line_1_17' title="bbox 94 2059 1236 2143; baseline 0.001 -19"><span class='ocrx_word' id='word_1_140' title='bbox 94 2059 279 2127; x_wconf 82' lang='lat' dir='ltr'>futurorum:</span> <span class='ocrx_word' id='word_1_141' title='bbox 310 2063 366 2127; x_wconf 87' lang='lat' dir='ltr'>sed</span> <span class='ocrx_word' id='word_1_142' title='bbox 396 2062 500 2126; x_wconf 91' lang='lat' dir='ltr'>anima</span> <span class='ocrx_word' id='word_1_143' title='bbox 530 2063 595 2127; x_wconf 89' lang='lat' dir='ltr'>eius</span> <span class='ocrx_word' id='word_1_144' title='bbox 624 2063 768 2127; x_wconf 91' lang='lat' dir='ltr'>sustinuit</span> <span class='ocrx_word' id='word_1_145' title='bbox 798 2063 829 2128; x_wconf 91' lang='lat' dir='ltr'>in</span> <span class='ocrx_word' id='word_1_146' title='bbox 853 2064 983 2128; x_wconf 88' lang='lat' dir='ltr'>uerbum</span> <span class='ocrx_word' id='word_1_147' title='bbox 1006 2063 1066 2127; x_wconf 93' lang='lat' dir='ltr'>dei.</span> <span class='ocrx_word' id='word_1_148' title='bbox 1112 2067 1236 2143; x_wconf 88' lang='lat' dir='ltr'>propter·</span> 
     </span>
     <span class='ocr_line' id='line_1_18' title="bbox 93 2162 1235 2250; baseline 0.001 -23"><span class='ocrx_word' id='word_1_149' title='bbox 93 2162 194 2249; x_wconf 86' lang='lat' dir='ltr'>legem</span> <span class='ocrx_word' id='word_1_150' title='bbox 221 2166 287 2246; x_wconf 89' lang='lat' dir='ltr'>ipse</span> <span class='ocrx_word' id='word_1_151' title='bbox 310 2167 450 2245; x_wconf 88' lang='lat' dir='ltr'>sustinet,</span> <span class='ocrx_word' id='word_1_152' title='bbox 480 2166 591 2244; x_wconf 87' lang='lat' dir='ltr'>idest,</span> <span class='ocrx_word' id='word_1_153' title='bbox 624 2174 658 2231; x_wconf 90' lang='lat' dir='ltr'>ut</span> <span class='ocrx_word' id='word_1_154' title='bbox 692 2167 763 2244; x_wconf 85' lang='lat' dir='ltr'>dixi,</span> <span class='ocrx_word' id='word_1_155' title='bbox 795 2165 993 2247; x_wconf 82' lang='lat' dir='ltr'>corporaliter</span> <span class='ocrx_word' id='word_1_156' title='bbox 1023 2165 1126 2231; x_wconf 83' lang='lat' dir='ltr'>affinia</span> <span class='ocrx_word' id='word_1_157' title='bbox 1156 2164 1235 2250; x_wconf 82' lang='lat' dir='ltr'>tegis</span> 
     </span>
     <span class='ocr_line' id='line_1_19' title="bbox 93 2268 1235 2352; baseline -0.001 -19"><span class='ocrx_word' id='word_1_158' title='bbox 93 2269 179 2352; x_wconf 83' lang='lat' dir='ltr'>gerit</span> <span class='ocrx_word' id='word_1_159' title='bbox 226 2271 260 2333; x_wconf 91' lang='lat' dir='ltr'>in</span> <span class='ocrx_word' id='word_1_160' title='bbox 282 2269 412 2335; x_wconf 88' lang='lat' dir='ltr'>uerbum</span> <span class='ocrx_word' id='word_1_161' title='bbox 434 2278 539 2335; x_wconf 88' lang='lat' dir='ltr'>autem</span> <span class='ocrx_word' id='word_1_162' title='bbox 563 2271 613 2336; x_wconf 91' lang='lat' dir='ltr'>dei</span> <span class='ocrx_word' id='word_1_163' title='bbox 637 2270 741 2335; x_wconf 91' lang='lat' dir='ltr'>anima</span> <span class='ocrx_word' id='word_1_164' title='bbox 771 2291 826 2334; x_wconf 89' lang='lat' dir='ltr'>sua</span> <span class='ocrx_word' id='word_1_165' title='bbox 856 2271 1002 2336; x_wconf 89' lang='lat' dir='ltr'>sustinet:</span> <span class='ocrx_word' id='word_1_166' title='bbox 1035 2269 1152 2335; x_wconf 84' lang='lat' dir='ltr'>seilicet</span> <span class='ocrx_word' id='word_1_167' title='bbox 1180 2268 1235 2335; x_wconf 90' lang='lat' dir='ltr'>filii</span> 
     </span>
     <span class='ocr_line' id='line_1_20' title="bbox 94 2372 1279 2474; baseline 0.002 -38"><span class='ocrx_word' id='word_1_168' title='bbox 94 2372 141 2437; x_wconf 92' lang='lat' dir='ltr'>dei</span> <span class='ocrx_word' id='word_1_169' title='bbox 163 2375 343 2450; x_wconf 87' lang='lat' dir='ltr'>aduentum,</span> <span class='ocrx_word' id='word_1_170' title='bbox 366 2373 419 2457; x_wconf 92' lang='lat' dir='ltr'>qni</span> <span class='ocrx_word' id='word_1_171' title='bbox 443 2380 473 2438; x_wconf 89' lang='lat' dir='ltr'>et</span> <span class='ocrx_word' id='word_1_172' title='bbox 495 2375 625 2440; x_wconf 88' lang='lat' dir='ltr'>uerbum</span> <span class='ocrx_word' id='word_1_173' title='bbox 649 2375 698 2440; x_wconf 91' lang='lat' dir='ltr'>dei</span> <span class='ocrx_word' id='word_1_174' title='bbox 723 2381 754 2440; x_wconf 90' lang='lat' dir='ltr'>et</span> <span class='ocrx_word' id='word_1_175' title='bbox 777 2375 852 2440; x_wconf 87' lang='lat' dir='ltr'>deus</span> <span class='ocrx_word' id='word_1_176' title='bbox 875 2375 1005 2440; x_wconf 90' lang='lat' dir='ltr'>uerbum</span> <span class='ocrx_word' id='word_1_177' title='bbox 1028 2380 1084 2453; x_wconf 85' lang='lat' dir='ltr'>est,</span> <span class='ocrx_word' id='word_1_178' title='bbox 1108 2372 1236 2454; x_wconf 87' lang='lat' dir='ltr'>spiritaii</span> <span class='ocrx_word' id='word_1_179' title='bbox 1274 2445 1279 2474; x_wconf 46' lang='grc'>1</span> 
     </span>
     <span class='ocr_line' id='line_1_21' title="bbox 93 2473 1287 2561; baseline 0.001 -21"><span class='ocrx_word' id='word_1_180' title='bbox 93 2473 152 2541; x_wconf 86' lang='lat' dir='ltr'>tide</span> <span class='ocrx_word' id='word_1_181' title='bbox 185 2484 335 2558; x_wconf 81' lang='lat' dir='ltr'>expectet</span> <span class='ocrx_word' id='word_1_182' title='bbox 386 2477 518 2561; x_wconf 87' lang='lat' dir='ltr'>qualiter</span> <span class='ocrx_word' id='word_1_183' title='bbox 550 2485 653 2544; x_wconf 90' lang='lat' dir='ltr'>autem</span> <span class='ocrx_word' id='word_1_184' title='bbox 688 2487 843 2560; x_wconf 78' lang='lat' dir='ltr'>expectet,</span> <span class='ocrx_word' id='word_1_185' title='bbox 882 2478 1075 2544; x_wconf 87' lang='lat' dir='ltr'>demonstrat</span> <span class='ocrx_word' id='word_1_186' title='bbox 1111 2477 1235 2543; x_wconf 83' lang='lat' dir='ltr'>disens:</span> <span class='ocrx_word' id='word_1_187' title='bbox 1263 2493 1287 2532; x_wconf 75' lang='lat'>20</span> 
     </span>
     <span class='ocr_line' id='line_1_22' title="bbox 94 2581 1235 2672; baseline 0.003 -29"><span class='ocrx_word' id='word_1_188' title='bbox 94 2581 277 2660; x_wconf 90' lang='lat' dir='ltr'>sperauit</span> <span class='ocrx_word' id='word_1_189' title='bbox 306 2582 437 2646; x_wconf 90' lang='lat' dir='ltr'>anima</span> <span class='ocrx_word' id='word_1_190' title='bbox 471 2601 554 2672; x_wconf 85' lang='lat' dir='ltr'>mea</span> <span class='ocrx_word' id='word_1_191' title='bbox 589 2583 627 2645; x_wconf 91' lang='lat' dir='ltr'>in</span> <span class='ocrx_word' id='word_1_192' title='bbox 662 2582 822 2647; x_wconf 94' lang='lat' dir='ltr'>domino</span> <span class='ocrx_word' id='word_1_193' title='bbox 858 2581 1085 2647; x_wconf 86' lang='lat' dir='ltr'>neustodia</span> <span class='ocrx_word' id='word_1_194' title='bbox 1115 2587 1235 2646; x_wconf 88' lang='lat' dir='ltr'>matu·</span> 
     </span>
     <span class='ocr_line' id='line_1_23' title="bbox 92 2684 1235 2770; baseline 0.003 -23"><span class='ocrx_word' id='word_1_195' title='bbox 92 2685 176 2749; x_wconf 89' lang='lat' dir='ltr'>tina</span> <span class='ocrx_word' id='word_1_196' title='bbox 192 2705 319 2769; x_wconf 90' lang='lat' dir='ltr'>usqne</span> <span class='ocrx_word' id='word_1_197' title='bbox 341 2686 380 2750; x_wconf 92' lang='lat' dir='ltr'>in</span> <span class='ocrx_word' id='word_1_198' title='bbox 403 2693 571 2751; x_wconf 84' lang='lat' dir='ltr'>nentem.</span> <span class='ocrx_word' id='word_1_199' title='bbox 594 2687 796 2751; x_wconf 82' lang='lat' dir='ltr'>recordemur</span> <span class='ocrx_word' id='word_1_200' title='bbox 808 2684 996 2770; x_wconf 76' lang='lat' dir='ltr'>euangelicos</span> <span class='ocrx_word' id='word_1_201' title='bbox 1008 2686 1235 2766; x_wconf 79' lang='lat' dir='ltr'>cooperationis</span> 
     </span>
    </p>
   </div>
   <div class='ocr_carea' id='block_1_3' title="bbox 92 2790 1235 2875">
    <p class='ocr_par' dir='ltr' id='par_1_4' title="bbox 92 2790 1235 2875">
     <span class='ocr_line' id='line_1_24' title="bbox 92 2790 1235 2875; baseline 0.002 -23"><span class='ocrx_word' id='word_1_202' title='bbox 92 2794 231 2854; x_wconf 87' lang='lat' dir='ltr'>tenorem</span> <span class='ocrx_word' id='word_1_203' title='bbox 265 2795 296 2854; x_wconf 90' lang='lat' dir='ltr'>et</span> <span class='ocrx_word' id='word_1_204' title='bbox 329 2790 563 2855; x_wconf 90' lang='lat' dir='ltr'>meminerimus</span> <span class='ocrx_word' id='word_1_205' title='bbox 602 2791 751 2875; x_wconf 88' lang='lat' dir='ltr'>quosdam</span> <span class='ocrx_word' id='word_1_206' title='bbox 786 2790 943 2871; x_wconf 85' lang='lat' dir='ltr'>operarios</span> <span class='ocrx_word' id='word_1_207' title='bbox 977 2791 1076 2856; x_wconf 85' lang='lat' dir='ltr'>uineae</span> <span class='ocrx_word' id='word_1_208' title='bbox 1110 2810 1235 2856; x_wconf 89' lang='lat' dir='ltr'>omnem</span> 
     </span>
    </p>
   </div>
   <div class='ocr_carea' id='block_1_4' title="bbox 134 2912 1236 3047">
    <p class='ocr_par' dir='ltr' id='par_1_5' title="bbox 134 2912 1236 3047">
     <span class='ocr_line' id='line_1_25' title="bbox 134 2912 1236 3047; baseline 0.002 -31"><span class='ocrx_word' id='word_1_209' title='bbox 134 2966 148 3017; x_wconf 92' lang='lat'>1</span> <span class='ocrx_word' id='word_1_210' title='bbox 168 2962 249 3030; x_wconf 75' lang='lat' dir='ltr'>digni</span> <span class='ocrx_word' id='word_1_211' title='bbox 261 2912 480 3047; x_wconf 49' lang='lat' dir='ltr'>consortidmdli}</span> <span class='ocrx_word' id='word_1_212' title='bbox 497 2971 577 3033; x_wconf 84' lang='lat' dir='ltr'>pater</span> <span class='ocrx_word' id='word_1_213' title='bbox 594 2969 670 3018; x_wconf 87' lang='lat' dir='ltr'>reete</span> <span class='ocrx_word' id='word_1_214' title='bbox 689 2965 779 3033; x_wconf 80' lang='lat' dir='ltr'>adque</span> <span class='ocrx_word' id='word_1_215' title='bbox 797 2965 893 3019; x_wconf 85' lang='lat' dir='ltr'>uolens</span> <span class='ocrx_word' id='word_1_216' title='bbox 912 2965 1021 3034; x_wconf 85' lang='lat' dir='ltr'>profeta</span> <span class='ocrx_word' id='word_1_217' title='bbox 1039 2965 1063 3019; x_wconf 88' lang='lat' dir='ltr'><em>V</em></span> <span class='ocrx_word' id='word_1_218' title='bbox 1076 2965 1153 3034; x_wconf 84' lang='lat' dir='ltr'>digni</span> <span class='ocrx_word' id='word_1_219' title='bbox 1172 2981 1236 3018; x_wconf 88' lang='lat' dir='ltr'>eon-</span> 
     </span>
    </p>
   </div>
   <div class='ocr_carea' id='block_1_5' title="bbox 92 3065 1236 3152">
    <p class='ocr_par' dir='ltr' id='par_1_6' title="bbox 92 3065 1236 3152">
     <span class='ocr_line' id='line_1_26' title="bbox 92 3065 1236 3152; baseline 0.001 -33"><span class='ocrx_word' id='word_1_220' title='bbox 92 3066 177 3120; x_wconf 86' lang='lat' dir='ltr'>sortio</span> <span class='ocrx_word' id='word_1_221' title='bbox 195 3067 244 3152; x_wconf 46' lang='lat' dir='ltr'>sni·</span> <span class='ocrx_word' id='word_1_222' title='bbox 258 3065 278 3133; x_wconf 79' lang='lat' dir='ltr'>(i</span> <span class='ocrx_word' id='word_1_223' title='bbox 296 3069 324 3120; x_wconf 83' lang='lat' dir='ltr'>ia</span> <span class='ocrx_word' id='word_1_224' title='bbox 341 3067 405 3136; x_wconf 85' lang='lat' dir='ltr'>rae.)</span> <span class='ocrx_word' id='word_1_225' title='bbox 423 3068 476 3123; x_wconf 90' lang='lat' dir='ltr'>filii</span> <span class='ocrx_word' id='word_1_226' title='bbox 493 3074 573 3138; x_wconf 84' lang='lat' dir='ltr'>pater</span> <span class='ocrx_word' id='word_1_227' title='bbox 590 3074 667 3123; x_wconf 87' lang='lat' dir='ltr'>recte</span> <span class='ocrx_word' id='word_1_228' title='bbox 686 3069 721 3123; x_wconf 81' lang='lat' dir='ltr'>ad</span> <span class='ocrx_word' id='word_1_229' title='bbox 739 3085 822 3138; x_wconf 88' lang='lat' dir='ltr'>quem</span> <span class='ocrx_word' id='word_1_230' title='bbox 840 3069 936 3122; x_wconf 88' lang='lat' dir='ltr'>uolens</span> <span class='ocrx_word' id='word_1_231' title='bbox 955 3067 1090 3137; x_wconf 83' lang='lat' dir='ltr'>propheta</span> <span class='ocrx_word' id='word_1_232' title='bbox 1109 3069 1134 3121; x_wconf 80' lang='lat' dir='ltr'>a</span> <span class='ocrx_word' id='word_1_233' title='bbox 1152 3068 1236 3135; x_wconf 78' lang='lat' dir='ltr'>digno</span> 
     </span>
    </p>
   </div>
   <div class='ocr_carea' id='block_1_6' title="bbox 88 3169 1239 3589">
    <p class='ocr_par' dir='ltr' id='par_1_7' title="bbox 88 3169 1239 3589">
     <span class='ocr_line' id='line_1_27' title="bbox 92 3169 1236 3241; baseline 0.001 -18"><span class='ocrx_word' id='word_1_234' title='bbox 92 3170 230 3224; x_wconf 80' lang='lat' dir='ltr'>consortio</span> <span class='ocrx_word' id='word_1_235' title='bbox 257 3187 307 3224; x_wconf 83' lang='lat' dir='ltr'>ano</span> <span class='ocrx_word' id='word_1_236' title='bbox 333 3169 392 3225; x_wconf 84' lang='lat' dir='ltr'>filio</span> <span class='ocrx_word' id='word_1_237' title='bbox 419 3172 454 3225; x_wconf 85' lang='lat' dir='ltr'>ad</span> <span class='ocrx_word' id='word_1_238' title='bbox 481 3177 534 3241; x_wconf 75' lang='lat' dir='ltr'>que</span> <span class='ocrx_word' id='word_1_239' title='bbox 560 3172 609 3237; x_wconf 88' lang='lat' dir='ltr'>(ad</span> <span class='ocrx_word' id='word_1_240' title='bbox 628 3177 680 3241; x_wconf 73' lang='lat' dir='ltr'>qud</span> <span class='ocrx_word' id='word_1_241' title='bbox 700 3175 727 3225; x_wconf 83' lang='lat' dir='ltr'>in</span> <span class='ocrx_word' id='word_1_242' title='bbox 745 3191 799 3226; x_wconf 81' lang='lat' dir='ltr'>ros.</span> <span class='ocrx_word' id='word_1_243' title='bbox 818 3173 854 3237; x_wconf 89' lang='lat' dir='ltr'>P)</span> <span class='ocrx_word' id='word_1_244' title='bbox 879 3176 960 3241; x_wconf 84' lang='lat' dir='ltr'>pater</span> <span class='ocrx_word' id='word_1_245' title='bbox 978 3178 1053 3227; x_wconf 88' lang='lat' dir='ltr'>reete</span> <span class='ocrx_word' id='word_1_246' title='bbox 1072 3172 1168 3226; x_wconf 82' lang='lat' dir='ltr'>nolens</span> <span class='ocrx_word' id='word_1_247' title='bbox 1187 3188 1236 3240; x_wconf 86' lang='lat' dir='ltr'>per</span> 
     </span>
     <span class='ocr_line' id='line_1_28' title="bbox 88 3253 1236 3327; baseline 0.001 -18"><span class='ocrx_word' id='word_1_248' title='bbox 88 3257 253 3326; x_wconf 83' lang='lat' dir='ltr'>prophetam</span> <span class='ocrx_word' id='word_1_249' title='bbox 271 3258 323 3310; x_wconf 87' lang='lat' dir='ltr'>PT</span> <span class='ocrx_word' id='word_1_250' title='bbox 382 3260 548 3313; x_wconf 67' lang='lat' dir='ltr'>denudetur</span> <span class='ocrx_word' id='word_1_251' title='bbox 572 3258 631 3312; x_wconf 81' lang='lat' dir='ltr'>VR¹</span> <span class='ocrx_word' id='word_1_252' title='bbox 649 3260 774 3313; x_wconf 87' lang='lat' dir='ltr'>ereditur</span> <span class='ocrx_word' id='word_1_253' title='bbox 793 3259 882 3312; x_wconf 81' lang='lat' dir='ltr'><em>R¹PT</em></span> <span class='ocrx_word' id='word_1_254' title='bbox 935 3260 1064 3327; x_wconf 82' lang='lat' dir='ltr'>quoniam</span> <span class='ocrx_word' id='word_1_255' title='bbox 1089 3259 1124 3312; x_wconf 83' lang='lat' dir='ltr'>Ve</span> <span class='ocrx_word' id='word_1_256' title='bbox 1144 3253 1191 3327; x_wconf 70' lang='lat' dir='ltr'>q&#39;rir</span> <span class='ocrx_word' id='word_1_257' title='bbox 1211 3259 1236 3310; x_wconf 78' lang='lat' dir='ltr'><em>R</em></span> 
     </span>
     <span class='ocr_line' id='line_1_29' title="bbox 91 3344 1239 3416; baseline 0.003 -21"><span class='ocrx_word' id='word_1_258' title='bbox 91 3344 232 3409; x_wconf 81' lang='lat' dir='ltr'>quiePTd</span> <span class='ocrx_word' id='word_1_259' title='bbox 273 3349 342 3414; x_wconf 85' lang='lat' dir='ltr'>aput</span> <span class='ocrx_word' id='word_1_260' title='bbox 356 3346 380 3398; x_wconf 88' lang='lat' dir='ltr'><em>V</em></span> <span class='ocrx_word' id='word_1_261' title='bbox 412 3346 629 3416; x_wconf 65' lang='lat' dir='ltr'>aquiainpatre</span> <span class='ocrx_word' id='word_1_262' title='bbox 639 3345 761 3415; x_wconf 83' lang='lat' dir='ltr'>(patrem</span> <span class='ocrx_word' id='word_1_263' title='bbox 772 3346 808 3412; x_wconf 87' lang='lat' dir='ltr'>P)</span> <span class='ocrx_word' id='word_1_264' title='bbox 820 3346 896 3399; x_wconf 80' lang='lat' dir='ltr'>RPT</span> <span class='ocrx_word' id='word_1_265' title='bbox 905 3347 994 3399; x_wconf 89' lang='lat' dir='ltr'>om.V</span> <span class='ocrx_word' id='word_1_266' title='bbox 1025 3347 1148 3399; x_wconf 73' lang='lat' dir='ltr'>deornm</span> <span class='ocrx_word' id='word_1_267' title='bbox 1164 3346 1239 3399; x_wconf 84' lang='lat' dir='ltr'>VRP</span> 
     </span>
     <span class='ocr_line' id='line_1_30' title="bbox 90 3429 1235 3502; baseline 0.003 -20"><span class='ocrx_word' id='word_1_268' title='bbox 90 3429 222 3500; x_wconf 66' lang='lat' dir='ltr'>cfipraras.</span> <span class='ocrx_word' id='word_1_269' title='bbox 270 3434 390 3485; x_wconf 73' lang='lat' dir='ltr'>&#39;tantem</span> <span class='ocrx_word' id='word_1_270' title='bbox 399 3432 618 3486; x_wconf 68' lang='lat' dir='ltr'>ammae</span> <span class='ocrx_word' id='word_1_271' title='bbox 633 3433 658 3485; x_wconf 83' lang='lat' dir='ltr'><em>V</em></span> <span class='ocrx_word' id='word_1_272' title='bbox 701 3435 844 3501; x_wconf 75' lang='lat' dir='ltr'>Speoesre</span> <span class='ocrx_word' id='word_1_273' title='bbox 854 3434 919 3501; x_wconf 86' lang='lat' dir='ltr'>quia</span> <span class='ocrx_word' id='word_1_274' title='bbox 929 3433 1036 3501; x_wconf 81' lang='lat' dir='ltr'>pensati</span> <span class='ocrx_word' id='word_1_275' title='bbox 1047 3433 1105 3486; x_wconf 84' lang='lat' dir='ltr'>sine</span> <span class='ocrx_word' id='word_1_276' title='bbox 1115 3432 1177 3502; x_wconf 77' lang='lat' dir='ltr'>lege</span> <span class='ocrx_word' id='word_1_277' title='bbox 1187 3450 1235 3486; x_wconf 87' lang='lat' dir='ltr'>om·</span> 
     </span>
     <span class='ocr_line' id='line_1_31' title="bbox 97 3517 1236 3589; baseline 0.004 -21"><span class='ocrx_word' id='word_1_278' title='bbox 97 3517 120 3568; x_wconf 86' lang='lat' dir='ltr'><em>V</em></span> <span class='ocrx_word' id='word_1_279' title='bbox 168 3519 277 3586; x_wconf 76' lang='lat' dir='ltr'>peceati</span> <span class='ocrx_word' id='word_1_280' title='bbox 289 3520 335 3572; x_wconf 83' lang='lat' dir='ltr'>Ra</span> <span class='ocrx_word' id='word_1_281' title='bbox 346 3523 462 3588; x_wconf 84' lang='lat' dir='ltr'>peooato</span> <span class='ocrx_word' id='word_1_282' title='bbox 472 3519 533 3572; x_wconf 75' lang='lat' dir='ltr'>PTe</span> <span class='ocrx_word' id='word_1_283' title='bbox 586 3519 728 3589; x_wconf 72' lang='lat' dir='ltr'>dpeoeati</span> <span class='ocrx_word' id='word_1_284' title='bbox 741 3521 886 3588; x_wconf 82' lang='lat' dir='ltr'>Rpeooato</span> <span class='ocrx_word' id='word_1_285' title='bbox 898 3521 948 3572; x_wconf 87' lang='lat' dir='ltr'>PT</span> <span class='ocrx_word' id='word_1_286' title='bbox 949 3521 976 3571; x_wconf 84' lang='lat' dir='ltr'><em>E</em></span> <span class='ocrx_word' id='word_1_287' title='bbox 1026 3537 1076 3588; x_wconf 87' lang='lat' dir='ltr'>per</span> <span class='ocrx_word' id='word_1_288' title='bbox 1096 3519 1236 3588; x_wconf 83' lang='lat' dir='ltr'>peceatori</span> 
     </span>
    </p>
   </div>
   <div class='ocr_carea' id='block_1_7' title="bbox 89 3639 1240 3882">
    <p class='ocr_par' dir='ltr' id='par_1_8' title="bbox 89 3639 1240 3882">
     <span class='ocr_line' id='line_1_32' title="bbox 89 3639 1240 3711; baseline -0.001 -19"><span class='ocrx_word' id='word_1_289' title='bbox 89 3639 253 3706; x_wconf 83' lang='lat' dir='ltr'>peeoatoV</span> <span class='ocrx_word' id='word_1_290' title='bbox 314 3641 347 3694; x_wconf 80' lang='lat' dir='ltr'>m</span> <span class='ocrx_word' id='word_1_291' title='bbox 369 3639 422 3694; x_wconf 89' lang='lat' dir='ltr'>hoe</span> <span class='ocrx_word' id='word_1_292' title='bbox 446 3659 476 3694; x_wconf 76' lang='lat' dir='ltr'>aa</span> <span class='ocrx_word' id='word_1_293' title='bbox 494 3657 527 3695; x_wconf 92' lang='lat' dir='ltr'>oo</span> <span class='ocrx_word' id='word_1_294' title='bbox 546 3642 572 3694; x_wconf 93' lang='lat' dir='ltr'><em>P</em></span> <span class='ocrx_word' id='word_1_295' title='bbox 631 3645 665 3696; x_wconf 83' lang='lat'>14</span> <span class='ocrx_word' id='word_1_296' title='bbox 688 3641 797 3711; x_wconf 75' lang='lat' dir='ltr'>profeta</span> <span class='ocrx_word' id='word_1_297' title='bbox 824 3642 878 3696; x_wconf 85' lang='lat' dir='ltr'>GV</span> <span class='ocrx_word' id='word_1_298' title='bbox 938 3641 1190 3695; x_wconf 86' lang='lat' dir='ltr'>holoeautomatum</span> <span class='ocrx_word' id='word_1_299' title='bbox 1215 3639 1240 3691; x_wconf 92' lang='lat' dir='ltr'><em>V</em></span> 
     </span>
     <span class='ocr_line' id='line_1_33' title="bbox 90 3723 1236 3783; baseline 0.002 -6"><span class='ocrx_word' id='word_1_300' title='bbox 90 3723 414 3781; x_wconf 81' lang='lat' dir='ltr'>holoohanatomatan</span> <span class='ocrx_word' id='word_1_301' title='bbox 466 3729 499 3783; x_wconf 87' lang='lat'>15</span> <span class='ocrx_word' id='word_1_302' title='bbox 516 3728 725 3782; x_wconf 87' lang='lat' dir='ltr'>neomeniarum</span> <span class='ocrx_word' id='word_1_303' title='bbox 744 3729 769 3780; x_wconf 90' lang='lat' dir='ltr'><strong><em>T</em></strong></span> <span class='ocrx_word' id='word_1_304' title='bbox 786 3728 980 3783; x_wconf 84' lang='lat' dir='ltr'>numeniarum</span> <span class='ocrx_word' id='word_1_305' title='bbox 997 3728 1020 3781; x_wconf 92' lang='lat' dir='ltr'><em>V</em></span> <span class='ocrx_word' id='word_1_306' title='bbox 1029 3726 1236 3781; x_wconf 82' lang='lat' dir='ltr'>neomeniarum</span> 
     </span>
     <span class='ocr_line' id='line_1_34' title="bbox 90 3812 1236 3882; baseline 0.002 -17"><span class='ocrx_word' id='word_1_307' title='bbox 90 3829 120 3864; x_wconf 75' lang='lat' dir='ltr'>ae</span> <span class='ocrx_word' id='word_1_308' title='bbox 136 3814 346 3867; x_wconf 86' lang='lat' dir='ltr'>neomeniorum</span> <span class='ocrx_word' id='word_1_309' title='bbox 364 3813 390 3867; x_wconf 84' lang='lat' dir='ltr'><em>R</em></span> <span class='ocrx_word' id='word_1_310' title='bbox 407 3812 587 3869; x_wconf 73' lang='lat' dir='ltr'>neomeniorir</span> <span class='ocrx_word' id='word_1_311' title='bbox 605 3812 649 3882; x_wconf 87' lang='lat' dir='ltr'>(eo</span> <span class='ocrx_word' id='word_1_312' title='bbox 666 3817 694 3868; x_wconf 85' lang='lat' dir='ltr'>ia</span> <span class='ocrx_word' id='word_1_313' title='bbox 712 3814 777 3880; x_wconf 79' lang='lat' dir='ltr'>ras.)</span> <span class='ocrx_word' id='word_1_314' title='bbox 797 3815 823 3868; x_wconf 92' lang='lat' dir='ltr'><em>P</em></span> <span class='ocrx_word' id='word_1_315' title='bbox 875 3819 907 3870; x_wconf 88' lang='grc'>16</span> <span class='ocrx_word' id='word_1_316' title='bbox 925 3814 955 3868; x_wconf 91' lang='lat' dir='ltr'>in</span> <span class='ocrx_word' id='word_1_317' title='bbox 973 3814 1103 3868; x_wconf 84' lang='lat' dir='ltr'>narbisR</span> <span class='ocrx_word' id='word_1_318' title='bbox 1157 3815 1189 3868; x_wconf 86' lang='grc'>18</span> <span class='ocrx_word' id='word_1_319' title='bbox 1207 3814 1236 3866; x_wconf 87' lang='lat' dir='ltr'>in</span> 
     </span>
    </p>
   </div>
   <div class='ocr_carea' id='block_1_8' title="bbox 91 3899 1235 4052">
    <p class='ocr_par' dir='ltr' id='par_1_9' title="bbox 91 3899 1235 4052">
     <span class='ocr_line' id='line_1_35' title="bbox 91 3899 1235 3971; baseline 0.002 -21"><span class='ocrx_word' id='word_1_320' title='bbox 91 3899 221 3953; x_wconf 81' lang='lat' dir='ltr'>uerboR</span> <span class='ocrx_word' id='word_1_321' title='bbox 273 3901 353 3954; x_wconf 80' lang='lat' dir='ltr'>uerba</span> <span class='ocrx_word' id='word_1_322' title='bbox 370 3901 463 3954; x_wconf 89' lang='lat' dir='ltr'>anima</span> <span class='ocrx_word' id='word_1_323' title='bbox 480 3917 530 3955; x_wconf 83' lang='lat' dir='ltr'>aua</span> <span class='ocrx_word' id='word_1_324' title='bbox 547 3927 582 3939; x_wconf 91' lang='lat'><em>-</em></span> <span class='ocrx_word' id='word_1_325' title='bbox 600 3902 648 3970; x_wconf 89' lang='lat' dir='ltr'>qui</span> <span class='ocrx_word' id='word_1_326' title='bbox 673 3906 701 3956; x_wconf 82' lang='lat' dir='ltr'>et</span> <span class='ocrx_word' id='word_1_327' title='bbox 725 3903 843 3956; x_wconf 86' lang='lat' dir='ltr'>uerbum</span> <span class='ocrx_word' id='word_1_328' title='bbox 861 3901 913 3968; x_wconf 86' lang='lat' dir='ltr'>dei,</span> <span class='ocrx_word' id='word_1_329' title='bbox 942 3901 1052 3971; x_wconf 83' lang='lat' dir='ltr'>quaein</span> <span class='ocrx_word' id='word_1_330' title='bbox 1075 3901 1124 3955; x_wconf 83' lang='lat' dir='ltr'>VT</span> <span class='ocrx_word' id='word_1_331' title='bbox 1141 3910 1235 3965; x_wconf 78' lang='lat' dir='ltr'>extant,</span> 
     </span>
     <span class='ocr_line' id='line_1_36' title="bbox 92 3976 1235 4052; baseline 0.002 -16"><span class='ocrx_word' id='word_1_332' title='bbox 92 4002 138 4038; x_wconf 86' lang='lat' dir='ltr'>om.</span> <span class='ocrx_word' id='word_1_333' title='bbox 159 3985 284 4052; x_wconf 61' lang='lat' dir='ltr'>Graia</span> <span class='ocrx_word' id='word_1_334' title='bbox 300 4005 354 4040; x_wconf 80' lang='lat' dir='ltr'>roe.</span> <span class='ocrx_word' id='word_1_335' title='bbox 373 3989 434 4040; x_wconf 83' lang='lat' dir='ltr'>odd.</span> <span class='ocrx_word' id='word_1_336' title='bbox 452 4006 486 4041; x_wconf 87' lang='lat' dir='ltr'>m.</span> <span class='ocrx_word' id='word_1_337' title='bbox 505 3989 522 4040; x_wconf 93' lang='lat' dir='ltr'><em>l</em></span> <span class='ocrx_word' id='word_1_338' title='bbox 541 3986 567 4036; x_wconf 88' lang='lat' dir='ltr'><em>P</em></span> <span class='ocrx_word' id='word_1_339' title='bbox 600 3976 650 4043; x_wconf 72' lang='lat'>&#39;19</span> <span class='ocrx_word' id='word_1_340' title='bbox 668 3993 697 4042; x_wconf 88' lang='lat' dir='ltr'>et</span> <span class='ocrx_word' id='word_1_341' title='bbox 713 3989 782 4043; x_wconf 87' lang='lat' dir='ltr'>deus</span> <span class='ocrx_word' id='word_1_342' title='bbox 800 3989 916 4042; x_wconf 87' lang='lat' dir='ltr'>uerbum</span> <span class='ocrx_word' id='word_1_343' title='bbox 935 3991 977 4041; x_wconf 87' lang='lat' dir='ltr'>est</span> <span class='ocrx_word' id='word_1_344' title='bbox 995 3986 1044 4039; x_wconf 91' lang='lat' dir='ltr'>VT</span> <span class='ocrx_word' id='word_1_345' title='bbox 1060 3987 1122 4040; x_wconf 81' lang='lat' dir='ltr'>etP</span> <span class='ocrx_word' id='word_1_346' title='bbox 1137 3989 1165 4040; x_wconf 85' lang='lat' dir='ltr'>in</span> <span class='ocrx_word' id='word_1_347' title='bbox 1182 4004 1235 4039; x_wconf 83' lang='lat' dir='ltr'>ros.</span> 
     </span>
    </p>
   </div>
   <div class='ocr_carea' id='block_1_9' title="bbox 91 4083 1238 4353">
    <p class='ocr_par' dir='ltr' id='par_1_10' title="bbox 91 4083 1238 4353">
     <span class='ocr_line' id='line_1_37' title="bbox 92 4083 1238 4196; baseline 0.001 -19"><span class='ocrx_word' id='word_1_348' title='bbox 92 4124 155 4190; x_wconf 89' lang='lat' dir='ltr'>qnia</span> <span class='ocrx_word' id='word_1_349' title='bbox 173 4130 205 4178; x_wconf 89' lang='lat' dir='ltr'>et</span> <span class='ocrx_word' id='word_1_350' title='bbox 220 4125 287 4180; x_wconf 82' lang='lat' dir='ltr'>deus</span> <span class='ocrx_word' id='word_1_351' title='bbox 305 4125 422 4180; x_wconf 86' lang='lat' dir='ltr'>uerbum</span> <span class='ocrx_word' id='word_1_352' title='bbox 440 4131 482 4180; x_wconf 83' lang='lat' dir='ltr'>est</span> <span class='ocrx_word' id='word_1_353' title='bbox 497 4127 571 4180; x_wconf 73' lang='lat' dir='ltr'>Gan</span> <span class='ocrx_word' id='word_1_354' title='bbox 623 4125 757 4196; x_wconf 85' lang='lat' dir='ltr'>spiritalis</span> <span class='ocrx_word' id='word_1_355' title='bbox 774 4127 798 4180; x_wconf 93' lang='lat' dir='ltr'><em>V</em></span> <span class='ocrx_word' id='word_1_356' title='bbox 847 4128 878 4180; x_wconf 79' lang='lat' dir='ltr'>al</span> <span class='ocrx_word' id='word_1_357' title='bbox 899 4127 928 4180; x_wconf 90' lang='lat' dir='ltr'>in</span> <span class='ocrx_word' id='word_1_358' title='bbox 945 4125 1058 4180; x_wconf 91' lang='lat' dir='ltr'>domino</span> <span class='ocrx_word' id='word_1_359' title='bbox 1072 4127 1098 4180; x_wconf 88' lang='lat' dir='ltr'><em>R</em></span> <span class='ocrx_word' id='word_1_360' title='bbox 1115 4126 1145 4179; x_wconf 92' lang='lat' dir='ltr'>in</span> <span class='ocrx_word' id='word_1_361' title='bbox 1163 4083 1202 4178; x_wconf 58' lang='lat' dir='ltr'>dd</span> <span class='ocrx_word' id='word_1_362' title='bbox 1216 4125 1238 4179; x_wconf 90' lang='lat' dir='ltr'><em>V</em></span> 
     </span>
     <span class='ocr_line' id='line_1_38' title="bbox 92 4209 1237 4268; baseline 0.003 -6"><span class='ocrx_word' id='word_1_363' title='bbox 92 4209 119 4262; x_wconf 92' lang='lat' dir='ltr'>in</span> <span class='ocrx_word' id='word_1_364' title='bbox 146 4211 299 4266; x_wconf 88' lang='lat' dir='ltr'>dominum·</span> <span class='ocrx_word' id='word_1_365' title='bbox 317 4213 397 4266; x_wconf 84' lang='lat' dir='ltr'>PTE</span> <span class='ocrx_word' id='word_1_366' title='bbox 454 4215 489 4267; x_wconf 75' lang='grc'>23</span> <span class='ocrx_word' id='word_1_367' title='bbox 507 4218 631 4267; x_wconf 90' lang='lat' dir='ltr'>tenorem</span> <span class='ocrx_word' id='word_1_368' title='bbox 660 4214 763 4266; x_wconf 80' lang='lat' dir='ltr'><em>GRPT</em></span> <span class='ocrx_word' id='word_1_369' title='bbox 792 4232 822 4266; x_wconf 76' lang='lat' dir='ltr'>ea·</span> <span class='ocrx_word' id='word_1_370' title='bbox 851 4213 979 4268; x_wconf 87' lang='lat' dir='ltr'>timorem</span> <span class='ocrx_word' id='word_1_371' title='bbox 1006 4231 1073 4266; x_wconf 77' lang='lat' dir='ltr'>com.</span> <span class='ocrx_word' id='word_1_372' title='bbox 1101 4231 1133 4266; x_wconf 87' lang='lat' dir='ltr'>m.</span> <span class='ocrx_word' id='word_1_373' title='bbox 1162 4211 1182 4264; x_wconf 78' lang='lat'><em>2</em></span> <span class='ocrx_word' id='word_1_374' title='bbox 1215 4211 1237 4266; x_wconf 92' lang='lat' dir='ltr'><em>V</em></span> 
     </span>
     <span class='ocr_line' id='line_1_39' title="bbox 91 4298 318 4353; baseline 0.022 -5"><span class='ocrx_word' id='word_1_375' title='bbox 91 4298 266 4353; x_wconf 85' lang='lat' dir='ltr'>meminerim</span> <span class='ocrx_word' id='word_1_376' title='bbox 289 4300 318 4353; x_wconf 89' lang='lat' dir='ltr'>V.</span> 
     </span>
    </p>
   </div>
   <div class='ocr_carea' id='block_1_10' title="bbox 0 0 1542 4967">
    <p class='ocr_par' dir='ltr' id='par_1_11' title="bbox 0 0 1542 4967">
     <span class='ocr_line' id='line_1_40' title="bbox 0 0 1542 4967; baseline 0 5"><span class='ocrx_word' id='word_1_377' title='bbox 0 0 1542 4967; x_wconf 95' lang='lat' dir='ltr'> </span> 
     </span>
    </p>
   </div>
  </div>
 </body>
</html>
