3075 4967
284 242 346 307 788
633 244 752 298 sancti
777 244 911 297 Hilarii
936 242 1096 312 episcopi

331 432 377 497 16.
402 432 474 497 Non
497 434 620 499 nescius
654 433 757 517 itaque
781 432 873 498 huius
894 432 1039 497 uindIctae
1062 452 1125 497 suae
1149 432 1327 517 unigenitus
1351 436 1426 497 dena

284 542 343 616 est;
367 536 524 601 aitenim:
549 536 729 620 cognom,
753 537 848 620 quia
871 535 1000 602 saciet
1023 537 1208 601 domiuus
1232 537 1428 601 iudicium

282 640 420 721 inopis
443 648 481 705 et
503 640 727 706 uindictam
750 660 982 721 pauperum.
1027 660 1144 721 pauper
1160 640 1303 705 domiuus
1319 660 1428 706 secun·

284 744 358 809 dum
382 744 537 809 hominem
562 751 618 810 θεῖ.
663 744 858 826 paupertauit
880 744 964 809 enlm
987 764 1020 809 sc
1050 744 1220 809 secundnm
1243 745 1428 825 apostolum,

244 856 316 913 sut
338 868 396 913 nos
418 847 682 929 locupletaremur,
717 848 765 913 cui
793 848 825 911 in
848 847 951 913 saeculi
985 849 1076 913 rebus
1110 847 1189 912 nihil
1223 848 1284 912 nisi
1318 869 1430 930 corpus

283 952 350 1017 suit.
396 952 487 1017 huius
522 951 604 1018 enim
639 953 747 1017 salutis
771 971 866 1017 causa
886 952 974 1017 nasci
996 952 1086 1033 inops
1109 951 1206 1017 uoluit
1229 973 1267 1017 ex
1288 953 1428 1037 uirgine:

283 1076 344 1121 non
368 1056 539 1137 pecuniam,
563 1076 624 1122 non
648 1076 767 1141 agrum,
791 1076 852 1120 non
876 1076 971 1137 pocus
994 1055 1139 1121 caelorum
1159 1057 1305 1121 dominus
1326 1056 1430 1137 elegit.

283 1180 400 1241 pauper
415 1180 490 1244 ergo
513 1160 544 1225 In
561 1160 687 1225 homine
702 1166 823 1225 tontum
839 1180 894 1224 suo
911 1160 976 1224 fuit.
1020 1162 1153 1225 sednon
1170 1160 1268 1225 solum
1284 1162 1430 1225 iudicium

283 1265 392 1345 inopie,
424 1266 479 1330 sed
510 1272 541 1329 et
569 1265 739 1329 ulndIctam
773 1284 945 1345 pauperum
970 1266 1112 1329 dominus
1134 1265 1235 1330 saciet.
1280 1265 1430 1330 iudicium

233 1393 257 1431 ιο
284 1369 385 1450 inopIs
408 1369 517 1434 referri
540 1370 579 1433 ad
603 1368 836 1433 damnationem
860 1388 976 1445 eorum,
1007 1368 1058 1452 qui
1081 1369 1185 1434 iniust-i
1215 1369 1245 1433 in
1270 1369 1431 1434 dominum

285 1474 460 1550 extiterunt,
482 1478 610 1555 oportet.
656 1472 802 1537 conuenit
823 1472 907 1536 enim
931 1492 983 1537 eos
1002 1473 1171 1537 secundum
1187 1472 1345 1550 iudicium,
1368 1494 1429 1537 non
1533 1549 1534 1570 Χ

284 1579 454 1642 secundum
479 1576 649 1641 uindIctam
672 1575 809 1641 inditari.
855 1576 1009 1642 interimis
1030 1584 1148 1642 naturae
1167 1584 1223 1654 est,
1248 1578 1300 1661 qui
1317 1578 1431 1643 debeat
1534 1639 1535 1650 ,

284 1680 443 1745 uindIcari.
488 1681 684 1745 uindicantur
718 1680 812 1744 ceteri
845 1700 1005 1761 pauperes,
1039 1681 1150 1758 idest,
1185 1682 1235 1763 qui
1268 1682 1428 1746 domiuum
1535 1741 1536 1744 ,

285 1784 427 1865 exemplo
461 1784 613 1864 passionis
647 1784 744 1849 secuti
779 1790 860 1863 sunt,
898 1785 951 1867 qui
985 1805 1023 1849 er
1057 1792 1236 1864 cont-emptu
1269 1786 1377 1851 saculi
1401 1798 1432 1851 et
1536 1817 1537 1822 ¹

233 1914 257 1951 ra
284 1889 422 1971 pecuniae
444 1908 593 1969 pauperes
627 1888 757 1953 fuerunt.
804 1888 840 1952 fit
870 1908 945 1973 ergo
975 1888 1119 1953 iudicium
1149 1888 1258 1968 inopis
1288 1909 1361 1954 curu
1391 1891 1430 1955 oh

284 1993 461 2073 passionem
485 1992 599 2058 domiui
624 1992 709 2073 impii
733 1994 914 2059 iudicantur.
958 2012 1111 2072 pauperes
1134 2012 1207 2057 uero
1221 1994 1430 2069 niudicantur‚

285 2116 415 2181 quorum
440 2097 497 2162 sub
520 2116 574 2161 ara
596 2096 765 2161 occisorum
784 2097 912 2181 sanguis
934 2097 1048 2162 clamat
1069 2097 1239 2162 uindictam
1262 2098 1294 2161 in
1319 2098 1431 2179 impios

283 2200 459 2282 postulans:
484 2201 534 2285 qui
559 2200 672 2265 cotidie
696 2201 726 2264 in
751 2200 850 2284 gloria
871 2201 1013 2285 martyrii
1043 2214 1206 2266 manentes
1236 2201 1288 2266 dei
1311 2202 1429 2267 nomini

284 2304 476 2370 confitentur.

232 2518 257 2556 ao
329 2495 378 2561 17.
404 2495 442 2560 lh
479 2515 592 2561 sermo·
619 2495 694 2575 ipse,
733 2514 795 2578 quo
834 2494 971 2575 psalmus
1008 2495 1166 2574 clauditur,
1201 2495 1245 2560 ita
1280 2496 1428 2581 loquitur:

284 2606 464 2664 attamen
487 2599 586 2664 iusti
611 2599 925 2663 confitebuntur
947 2599 1098 2663 nomini
1122 2606 1187 2664 tuo
1210 2608 1250 2665 et
1271 2598 1426 2665 habita-

285 2704 382 2768 bunt
415 2703 518 2768 recti
557 2722 641 2768 cum
681 2703 788 2768 lucie
825 2712 902 2767 tua.
958 2705 1108 2767 iustorum
1142 2703 1297 2769 consessio
1332 2710 1428 2785 potest

285 2808 376 2871 etiam
402 2806 566 2888 corporalis
589 2807 696 2885 uideri,
727 2808 800 2891 quia
822 2805 925 2887 plures
948 2808 980 2870 in
1002 2826 1095 2871 carne
1118 2807 1222 2873 adhuc
1244 2807 1319 2873 licet
1341 2808 1428 2893 positi

286 2910 334 2975 dei
358 2911 474 2975 nomini
498 2911 689 2976 confitentur.
734 2912 807 2975 recti
841 2920 944 2975 autem
977 2908 1152 2975 habitantes
1184 2932 1254 2975 cum
1279 2912 1360 2977 facie
1382 2913 1428 2978 dei

234 3034 258 3072 rs
285 3012 363 3079 nihil
387 3012 418 3079 in
442 3034 476 3079 εθ
499 3014 655 3096 corporale
677 3014 811 3087 retinere
830 3014 1058 3098 intelleguntur.
1103 3021 1213 3080 natura
1228 3016 1312 3080 enim
1329 3017 1427 3082 carnis

286 3118 335 3183 dei
374 3138 433 3181 non
472 3120 586 3199 patitur
623 3125 781 3199 aspectum
827 3119 893 3200 ipso
932 3119 1069 3183 dIcente:
1115 3138 1229 3184 nemo
1266 3120 1426 3185 uidebit

285 3221 489 3287 hominurn
519 3223 665 3289 faciem
696 3243 819 3288 meam
850 3229 887 3288 et
916 3224 1035 3288 uiuet.
1080 3222 1139 3287 hoc
1161 3222 1224 3287 iam
1258 3224 1426 3289 caelestium

286 3333 333 3391 est
356 3333 386 3391 ct
409 3328 695 3393 transformatorum
719 3334 749 3392 et
784 3333 935 3392 terrenam
970 3325 1197 3406 corruptionem
1231 3326 1350 3392 caelesti
1384 3328 1428 3391 in·

285 3432 479 3512 corruptione
513 3431 705 3507 mutantium,
751 3450 830 3515 quos
867 3431 929 3495 iam
965 3431 1132 3495 diuinitatis
1166 3429 1284 3497 honoro
1319 3431 1426 3507 claros

233 3554 258 3590 so
286 3541 526 3619 conregnaturos
548 3535 615 3615 ipse
638 3534 696 3599 dec
720 3535 800 3615 patri
823 3534 923 3599 tradet
944 3534 976 3599 in
999 3554 1132 3619 regnum
1156 3533 1300 3599 dominus
1324 3541 1425 3600 noster

286 3637 374 3703 Iesus
399 3638 549 3716 Christus,
573 3640 625 3720 qui
649 3646 696 3703 est
719 3639 898 3705 benedIctus
920 3639 952 3703 in
975 3638 1088 3704 saecula
1110 3638 1302 3703 seculorum.
1326 3658 1424 3703 amen.

329 3848 391 3902 411
410 3847 470 3900 Cor.
489 3850 513 3915 8,
529 3852 556 3903 .9.
592 3850 626 3901 ‘26
645 3847 731 3900 Exod.
750 3848 875 3914 XXXIII,
895 3850 937 3901 20.

330 4040 414 4091 dnos
433 4056 481 4091 om.
501 4038 526 4090 R
578 4037 688 4090 6nasci
705 4021 769 4091 Ineo
787 4037 877 4091 uoluit
895 4038 921 4089 R
976 4040 1008 4091 12
1027 4053 1096 4105 quae
1115 4036 1255 4090 debeatR
1310 4040 1343 4091 16
1360 4052 1422 4104 μθ-

286 4141 365 4191 peres
383 4140 450 4178 uero
468 4124 647 4178 uindicantur
665 4142 713 4177 oar.
733 4126 758 4177 R
823 4124 857 4177 ‘28
875 4123 989 4177 caelesti
1007 4123 1216 4192 incorruptione
1229 4140 1278 4177 om
1292 4124 1319 4177 R
1370 4121 1421 4175 Ex·

286 4210 367 4279 plicit
385 4210 444 4279 psal
465 4212 641 4265 cxxxvllll
658 4211 757 4280 incipit
777 4211 847 4264 CXL
864 4212 899 4264 R.
