3075 4967
322 263 386 328 694
662 266 781 319 saneti
805 265 941 319 Hilarii
965 266 1129 335 episcopi

323 452 422 519 Exodi
445 454 594 534 inscripta
617 461 696 532 sunt
720 455 859 538 Aegypti
890 453 1002 540 plagae,
1033 454 1206 520 Pharaonis
1229 473 1329 535 poena,
1357 473 1453 537 regum

323 564 440 623 mortes
471 565 502 623 et
525 557 646 624 hostilis
670 563 760 624 terrae
784 558 911 623 obtenta
939 558 1108 624 hereditas.
1153 560 1209 624 sed
1240 557 1267 624 si
1296 557 1452 624 secundnm

323 661 503 742 apostolum,
527 682 597 745 quae
620 663 651 727 in
675 661 744 747 lege
768 667 848 736 sunt
870 662 983 728 umbra
1005 669 1053 728 est
1076 663 1257 740 futurorum,
1284 682 1352 746 quae
1373 662 1402 726 in
1423 681 1454 725 ea

323 771 411 849 gesta
445 766 576 844 suerunt,
610 765 841 850 allegorumena
875 773 953 844 sunt,
988 787 1049 831 non
1080 765 1286 850 neglegenter
1317 766 1455 832 audienda

284 897 297 933 s
324 875 402 948 sunt,
434 870 507 953 quia
529 869 585 935 sub
609 869 813 951 corporalium
830 876 993 954 gestorum
1017 869 1081 936 fide
1104 871 1135 934 in
1159 869 1301 951 exemplo
1323 871 1383 935 sint
1402 871 1455 951 spi·

322 972 457 1038 ritalium
481 993 609 1057 operum
632 976 805 1040 eonstituta
852 993 974 1059 magnae
1004 986 1109 1039 autem
1139 973 1311 1057 diligentiae
1339 993 1386 1039 res
1407 981 1455 1048 est,

322 1078 468 1143 uirtutem
491 1078 658 1143 nerbomm
674 1076 904 1144 conlocatorum
920 1079 1097 1159 expendere
1112 1084 1145 1144 et
1158 1077 1247 1154 seire,
1264 1079 1337 1162 quid
1356 1079 1454 1161 eoique

323 1182 368 1246 rei
391 1181 448 1246 sub
472 1201 587 1260 eorum,
612 1201 681 1266 quae
704 1181 787 1248 diota
809 1188 888 1262 sunt,
912 1181 1140 1267 significatione
1162 1183 1203 1247 sit
1224 1184 1389 1264 proprium.
1429 1189 1456 1245 nt

309 1285 406 1350 'enim
430 1303 492 1350 non
515 1286 653 1351 omnium
677 1292 725 1352 est
755 1286 922 1352 herbarum
944 1306 1061 1370 genera
1089 1288 1282 1370 uirtutesque
1315 1306 1410 1361 nosse,
1430 1291 1456 1350 et

272 1416 297 1453 ιο
325 1390 350 1454 si
385 1389 454 1481 qui·
470 1390 619 1471 inperitus
650 1409 685 1455 ao
716 1391 840 1456 neseius
869 1391 902 1455 in
924 1410 1037 1475 agrum
1071 1391 1121 1456 his
1155 1391 1330 1456 salubribus
1364 1389 1456 1454 herbis

324 1494 451 1560 diuitem
475 1494 602 1572 uenerit,
626 1493 731 1560 omnia
752 1493 873 1559 inutilia
895 1502 926 1560 et
948 1495 1121 1576 promiscue
1152 1495 1260 1579 genita
1288 1495 1456 1560 existimans

324 1598 499 1678 preteribit,
524 1604 556 1664 at
577 1619 650 1664 uero
673 1601 701 1664 si
724 1599 839 1680 peritus
862 1605 894 1665 et
918 1601 1024 1664 doetus
1048 1598 1130 1664 huno
1152 1594 1411 1680 pretiosissimum
1431 1598 1457 1661 in

325 1701 376 1766 his
397 1703 591 1787 germinibus
625 1721 735 1787 agrum
769 1703 864 1768 luerit
895 1703 1065 1788 ingressus,
1100 1704 1214 1782 omnia,
1249 1723 1317 1787 qnae
1339 1703 1378 1767 ab
1399 1700 1457 1766 aliis

325 1807 480 1888 praetoritn
496 1814 593 1884 erunt,
617 1810 755 1873 demetet
778 1819 811 1872 et
833 1827 878 1883 ea,
909 1826 978 1891 quae
1001 1807 1039 1872 ab
1064 1807 1182 1890 ignaris
1204 1814 1296 1873 erunt
1317 1805 1456 1891 neglecta

273 1932 298 1970 rs
325 1911 488 1976 mirabitur
517 1911 627 1988 sciens,
659 1912 781 1995 quando
804 1910 878 1977 utile
902 1912 1115 1978 metendorum
1147 1931 1255 1976 eorum
1286 1919 1405 1992 tempus
1425 1909 1458 1973 sit

325 2021 356 2079 et
377 2015 408 2078 in
432 2034 501 2098 quae
536 2034 653 2099 genera
686 2015 853 2081 sanitatum
886 2013 937 2079 his
971 2016 1119 2080 utendum
1143 2015 1183 2081 sit
1205 2023 1237 2081 et
1259 2023 1406 2100 qnantum
1426 2031 1457 2076 er

325 2117 374 2182 his
397 2123 451 2183 aut
474 2139 533 2202 quo
557 2137 654 2202 usque
677 2119 901 2184 moderandum
924 2119 973 2196 sit,
1004 2120 1049 2184 sio
1070 2127 1102 2184 et
1123 2120 1155 2183 in
1178 2119 1295 2185 diuinis
1310 2117 1457 2199 seripturis

325 2242 394 2288 esse
415 2222 660 2307 intellegendum
683 2227 739 2300 est,
762 2229 804 2301 ut,
819 2224 846 2287 si
869 2242 923 2288 eas
944 2223 1087 2304 inperita
1101 2242 1192 2289 aures
1207 2229 1239 2288 et
1253 2243 1343 2288 mens
1358 2221 1458 2287 rustica

326 2326 437 2404 audiat,
461 2337 620 2410 tamquam
642 2327 754 2392 otiosas
778 2332 810 2391 et
831 2346 893 2391 non
917 2327 1110 2392 necessarius
1139 2325 1305 2411 neglegat;
1337 2339 1369 2391 at
1395 2344 1457 2390 uero

326 2431 351 2496 si
376 2429 480 2496 calens
504 2432 544 2496 ad
567 2431 774 2514 cognitionem
798 2431 847 2495 dei
871 2431 1051 2496 auditurae
1074 2430 1170 2496 lector
1191 2431 1348 2496 adstiterit
1369 2437 1400 2495 et
1418 2427 1456 2493 oui

326 2535 473 2617 frequens
497 2534 586 2600 lentio
610 2539 641 2600 et
663 2533 810 2615 spiritalis
832 2535 942 2618 gratim
965 2536 1081 2600 donum
1104 2534 1267 2600 seientiam
1282 2531 1456 2599 diiudicandi

326 2637 448 2722 singula
470 2637 733 2722 intellegendiqne
763 2639 951 2720 praestiterit,
985 2639 1148 2704 mirabitur
1180 2639 1285 2704 omnia
1307 2647 1398 2722 atque
1417 2634 1457 2699 bis

326 2744 493 2808 secundum
524 2741 678 2808 naturales
712 2763 819 2808 eorum
849 2743 978 2808 uirtutes
1001 2749 1032 2807 et
1060 2741 1244 2808 efficientias
1273 2749 1378 2808 utetur
1408 2758 1456 2803 non

258 2887 260 2891 v
325 2846 459 2929 ignarus,
476 2847 599 2930 quando
622 2846 698 2930 quid
720 2847 972 2928 praesumendum
996 2846 1037 2911 sit
1059 2853 1090 2912 et
1112 2846 1143 2910 in
1168 2865 1262 2929 quam
1281 2846 1457 2912 curationem

372 3037 595 3092 rinscrrnuo
655 3039 777 3092 samona
808 3043 833 3092 a·
894 2998 1037 3094 nnosur'
1054 3040 1080 3087 u
1138 3037 1187 3091 seu
1214 3037 1239 3091 n
1267 3037 1294 3090 o
1321 3036 1371 3091 sea
1395 3033 1460 3088 mr

704 3123 784 3164 rleadl

325 3179 344 3230 4
362 3176 569 3246 allegorumena
589 3177 628 3231 Ge
645 3177 833 3247 allegor-emta
852 3177 877 3229 P
892 3178 1072 3248 allegorimra
1091 3178 1134 3229 Τα
1187 3178 1204 3231 ὅ
1221 3149 1366 3244 geetordm
1382 3177 1459 3246 gesto

327 3281 391 3317 rum
410 3264 436 3317 G
488 3265 518 3317 in
545 3265 672 3333 exemplo
700 3265 726 3318 G
752 3264 783 3318 in
810 3266 968 3333 exemplum
987 3264 1067 3317 PTE
1116 3266 1232 3318 bnosse
1248 3280 1300 3317 om.
1321 3264 1347 3317 G
1397 3259 1459 3316 lusi

328 3351 375 3420 qui
393 3351 529 3420 inperitus
549 3368 580 3405 ao
598 3351 707 3406 nescius
728 3351 805 3406 GPT
831 3352 855 3405 si
882 3351 944 3420 quis
971 3350 1118 3420 imperitus
1146 3366 1178 3404 eo
1204 3349 1316 3404 neamus
1334 3369 1354 3401 α
1370 3349 1392 3403 si
1408 3345 1458 3415 quis

327 3488 473 3558 imperitus
502 3493 551 3544 aut
580 3489 690 3544 neaoius
717 3509 729 3541 a
801 3492 831 3544 11
857 3489 1016 3558 promisone
1046 3437 1163 3571 egendum
1181 3489 1209 3542 P
1260 3490 1294 3542 ln
1312 3488 1348 3542 ed
1365 3481 1459 3542 ueroG

327 3593 574 3662 praetiosissimum
603 3596 628 3648 G
655 3594 807 3662 pretiosum
826 3591 906 3647 ΡΤΕ
966 3595 998 3648 lu
1025 3593 1198 3661 germinibus
1219 3593 1284 3645 GPe
1300 3589 1458 3660 graminibus

328 3679 367 3734 Tb
422 3683 455 3735 14
473 3681 626 3750 praeterite
643 3681 746 3735 enntP
801 3679 1111 3750 neglectaeaneoleote
1124 3679 1150 3732 P
1201 3680 1234 3733 16
1252 3678 1282 3732 in
1301 3695 1357 3764 qng
1373 3689 1459 3756 μσς

327 3783 354 3848 (ο
373 3793 396 3837 el
415 3801 430 3838 e
447 3785 474 3836 in
493 3781 557 3851 ras.)
576 3783 603 3836 P
663 3785 694 3838 17
714 3785 755 3838 aie
782 3788 811 3838 et
828 3783 859 3838 ln
877 3783 931 3836 ΤΕ
946 3785 1003 3850 (aad
1019 3784 1045 3836 T
1061 3785 1089 3836 ia
1106 3800 1189 3852 onurq.
1217 3784 1278 3838 odd
1305 3788 1336 3837 et
1362 3777 1407 3851 qd)
1428 3775 1458 3830 sit

327 3875 355 3925 et
376 3873 414 3940 qd
432 3871 462 3925 in
480 3870 507 3923 P
558 3873 591 3926 18
609 3876 638 3925 et
655 3871 695 3925 sio
713 3888 758 3924 eas
778 3868 858 3938 (Μ
911 3870 1049 3940 inperitae
1067 3887 1147 3925 aurea
1167 3871 1193 3924 G
1212 3868 1344 3940 impiatae
1361 3861 1459 3922 ansul

317 4009 430 4079 ¹impiae
449 4008 492 4076 (ee
509 4011 537 4064 in
549 4011 613 4074 rua.)
633 4009 845 4082 anreslPimpia
862 4007 937 4063 auris
948 4009 977 4062 Ε
1026 4011 1062 4064 20
1079 4009 1102 4062 si
1121 4010 1215 4064 salens
1227 3957 1459 4094 GTlsizoslelP

330 4165 360 4202 ae
379 4150 467 4203 lector
488 4149 583 4202 GPTa
601 4154 650 4203 aut
667 4149 786 4203 leobora
811 4095 942 4202 'astiterit
962 4148 988 4201 G
1040 4150 1075 4202 22
1092 4147 1183 4216 adque
1202 4148 1229 4202 G
1278 4149 1316 4202 23
1333 4161 1456 4201 eornm-

271 4308 276 4318 Ι
329 4239 425 4289 utetur
443 4252 499 4288 non
518 4237 540 4289 l.
559 4237 575 4289 I.
595 4237 708 4289 orniai'rrae
725 4245 748 4289 et
763 4245 856 4306 posteo
873 4235 1011 4289 inseruisse
1028 4237 1131 4288 uidetur
1150 4233 1184 4289 G.
