3075 4967
352 317 533 368 tractatus
552 312 587 366 in
604 312 777 384 psalmum
796 309 940 364 CXXXIV.
1164 307 1227 374 707

99 523 144 568 rex
164 503 445 590 interpretationem
469 501 564 567 habet
587 500 730 568 maceria
754 500 820 565 siue
842 498 925 568 ualli.
949 499 1051 564 Basan
1067 517 1140 564 uero
1155 517 1226 564 con-

97 607 214 674 fusionis
238 608 304 673 siue
327 607 462 689 pudoris.
508 625 618 689 regem
641 604 724 672 hunc
745 601 1023 688 ergo'coniueionis
1038 602 1227 686 pudorisque

96 715 181 776 nostri
215 712 349 789 extinxit
384 709 507 777 soluens
542 709 710 775 seeundum
748 707 921 789 apostolum
965 706 1130 772 maceriam
1175 705 1227 772 uel

95 814 207 892 uallum
231 816 263 881 id
286 823 343 898 est,
367 834 427 898 quo
450 835 468 879 a
491 813 668 900 cognitione
691 811 740 878 (lei
760 810 1012 893 prohibebamur,
1035 809 1226 877 obstaculum

94 919 216 985 diruens.
263 919 374 985 occidit
397 919 509 984 deindo
525 917 629 983 omnia
643 911 741 1002 regna
756 915 913 982 Obanaan.
958 913 1107 981 (lhancan
1129 914 1227 981 male·
1265 943 1278 978 a

94 1023 198 1090 dictum
222 1043 292 1089 esse
315 1023 445 1088 Genesis
476 1023 567 1088 docet
589 1027 622 1087 ot
644 1040 713 1088 esse
736 1039 861 1086 seruum
884 1020 1014 1085 fratrum
1037 1039 1163 1085 suorum
1187 1019 1225 1084 ob

93 1127 335 1193 contumeliosam
367 1127 433 1193 eius
463 1127 494 1191 in
526 1133 648 1206 patrem
678 1123 832 1190 iniuriam.
878 1124 1089 1204 interpretatio
1123 1129 1226 1189 autern

93 1232 216 1296 nomInis
240 1230 387 1296 Obanaan
419 1231 513 1297 motio
544 1236 599 1296 est.
645 1249 715 1313 quae
747 1229 843 1314 igitur
875 1247 932 1292 nos
965 1228 996 1293 in
1030 1227 1105 1293 uitia
1134 1232 1166 1292 et
1193 1227 1226 1291 in

92 1333 280 1401 maledictam
302 1335 493 1417 impietatem
524 1334 759 1400 commonebant
788 1339 884 1416 atque
913 1333 946 1397 in
975 1351 1033 1398 nos
1056 1332 1086 1396 ui
1109 1352 1167 1397 sua
1190 1351 1226 1396 ao

91 1445 234 1517 potestate
257 1441 438 1524 regnabant,
463 1438 605 1504 domiuus
628 1438 764 1503 extinxit.
812 1437 896 1521 quod
918 1443 1022 1502 autem
1044 1455 1102 1518 per
1123 1435 1224 1500 uarias
1253 1460 1278 1496 ιο

89 1542 217 1620 uirtutes,
253 1563 322 1626 quse
345 1544 376 1608 in
400 1541 472 1608 liliis
495 1542 689 1608 obediencia
712 1547 884 1622 operantur,
907 1559 967 1604 non
989 1545 1125 1624 regnent
1154 1559 1225 1620 pec-

89 1652 150 1710 cata
170 1648 201 1712 in
226 1647 323 1724 nobis,
358 1645 532 1727 apostolum
567 1646 731 1712 audiamus
765 1645 936 1710 dicentem:
969 1663 1045 1709 non
1080 1649 1226 1729 regnet

89 1751 256 1832 amplius
279 1752 316 1815 in
341 1750 505 1816 mortali
528 1769 697 1830 corpore
720 1761 859 1814 uestro
883 1753 1104 1829 peccatum.
1128 1767 1226 1831 regna

88 1873 156 1939 ergo
179 1855 247 1920 haec
269 1855 370 1920 occisa
392 1863 478 1933 sunt;
501 1854 565 1919 iam
590 1855 674 1918 enim
696 1873 757 1918 non
782 1854 979 1918 dominantur
1001 1852 1032 1917 in
1056 1852 1156 1918 nobis.

125 1958 173 2023 21.
196 1959 260 2026 Sed
298 1957 409 2024 occisis
448 1958 497 2023 hle
536 1958 610 2042 quid
648 1957 868 2040 consequitur?
922 1956 1036 2021 dedit
1073 1963 1224 2021 terram
1253 1977 1277 2013 n

87 2081 214 2128 corum
250 2062 536 2142 hereditatem,
571 2061 848 2127 hereditatem
884 2059 1048 2125 Israhel
1078 2058 1225 2141 populo

87 2185 158 2231 suo.
204 2168 279 2232 data
303 2168 426 2251 quidem
451 2174 532 2234 terra
555 2173 727 2250 astragum
744 2175 775 2232 et
790 2166 931 2249 gentium
947 2165 1091 2246 superius
1107 2183 1225 2230 memo·

86 2275 225 2350 ratarum,
261 2273 316 2337 sed
350 2271 466 2337 amissa
495 2289 619 2336 mrsum
649 2277 704 2335 eat.
749 2269 844 2336 hodie
866 2291 884 2334 a
907 2269 1052 2354 gentibus
1074 2267 1226 2346 incolitur,

85 2371 203 2442 Israhel
237 2376 351 2460 ubique
381 2375 451 2441 exul
482 2381 544 2455 eat;
578 2381 609 2440 et
642 2376 797 2460 quomodo
831 2382 922 2444 terra.
956 2393 1027 2457 quae
1061 2375 1133 2438 date
1167 2382 1224 2454 ost,

85 2475 238 2546 hereditas
261 2478 332 2546 est?
378 2493 482 2545 manet
504 2499 580 2563 ergo
603 2479 688 2544 idem
711 2481 797 2555 ordo,
832 2483 866 2543 ut
887 2479 945 2544 snb
976 2477 1035 2557 his,
1065 2497 1136 2561 quae
1159 2496 1225 2543 cor·
1252 2495 1277 2532 oo

85 2582 224 2661 poraliter
247 2591 339 2668 gesta
362 2589 440 2658 sunt,
471 2603 515 2662 aa,
550 2602 619 2666 quae
649 2581 828 2664 spiritaliter
850 2587 956 2648 essent
977 2583 1123 2667 gerenda
1146 2601 1225 2662 prae·

84 2687 195 2768 scripta
218 2688 288 2752 sint.
334 2689 407 2753 data
441 2689 537 2772 igitur
560 2707 722 2768 corporum
746 2693 921 2752 nostrorum
943 2686 1081 2751 terrain
1103 2685 1226 2751 heredi·

84 2798 172 2856 tatem
208 2799 263 2868 est,
297 2811 366 2876 quaa
401 2799 491 2856 autea
523 2801 590 2856 erat
623 2791 655 2854 in
689 2788 838 2856 Ohauaan
873 2790 1049 2865 maledicta,
1083 2789 1115 2856 in
1147 2789 1226 2856 uitia

82 2895 209 2974 mobilis,
232 2895 264 2960 in
290 2897 391 2961 Busan
426 2894 614 2962 contusionis
647 2895 837 2979 pudorisque
870 2895 973 2978 plena,
1007 2895 1039 2960 in
1064 2897 1225 2959 Amorraeo

83 3001 270 3067 exacerbans
305 3007 336 3066 et
369 3001 508 3076 inritam,
544 3019 636 3082 quam
671 3001 853 3080 possidebat
885 3001 916 3064 in
950 2997 999 3083 Og
1032 2997 1224 3064 infidelitatis
1251 3015 1277 3052 ¹⁶

83 3105 222 3182 maceria,
258 3123 353 3188 quam
387 3109 591 3185 occupauerat
621 3104 652 3168 in
684 3103 766 3169 Seon
797 3104 889 3170 arbor
913 3103 1113 3168 iufructuosa.
1158 3102 1225 3167 hoec

83 3204 174 3289 igitur
208 3215 292 3273 terra
325 3207 423 3275 soluto
458 3205 648 3274 infidehtatis
681 3207 762 3273 uallo
793 3213 824 3273 et
854 3207 957 3274 excisa
990 3227 1028 3272 ex
1057 3226 1094 3272 ea
1116 3205 1225 3272 arbore

81 3309 270 3376 infructuosa
303 3311 377 3377 deta
411 3317 460 3376 est
493 3309 648 3378 hereditas
686 3315 717 3376 et
750 3312 824 3377 data
861 3310 981 3376 Israhel
1002 3309 1126 3392 populo
1160 3329 1224 3376 suo.

82 3429 147 3496 quae
182 3422 288 3480 autem
322 3414 390 3480 haec
412 3415 594 3481 hereditatis
613 3414 766 3481 terra'sit
797 3422 827 3480 et
857 3415 911 3498 qui
940 3415 981 3481 sit
1010 3413 1061 3479 hio
1093 3412 1223 3495 Israhel,

120 3571 257 3642 3Ephes.
275 3573 310 3640 11,
331 3573 371 3626 14.
407 3575 424 3626 o
443 3571 510 3626 Gen.
529 3573 575 3641 IX,
593 3573 635 3627 25.
674 3575 706 3627 12
724 3571 802 3627 Rom.
820 3571 867 3638 VI,
887 3573 927 3626 12.

122 3709 320 3765 ΙωιΙΙίεΞΡ
369 3711 450 3764 duel
469 3710 515 3764 uel
528 3709 710 3765 uantidep
725 3709 771 3764 uel
790 3710 890 3764 uallia
943 3709 1171 3780 lacoguitioue
1185 3711 1225 3765 To

80 3795 113 3848 ad
140 3796 299 3865 cognitione
326 3797 364 3850 Pe
428 3797 586 3852 bohauaau
616 3796 739 3850 chanaan
768 3795 948 3851 maledictum
976 3797 1002 3850 P
1028 3795 1086 3862 (abi
1114 3799 1224 3850 alterum

79 3881 201 3937 chanaan
219 3902 291 3956 supr.
309 3882 373 3950 scr.)
391 3885 416 3936 T
434 3883 761 3939 Chauaan.malediotum
774 3883 903 3939 Chanaau
916 3885 945 3938 E
995 3886 1012 3938 8
1030 3884 1059 3938 in
1077 3885 1224 3940 maledicta

81 3967 223 4038 impietate
242 3971 314 4025 Pin
330 3969 480 4025 maledicta
498 3971 640 4040 impietate
661 3971 685 4022 T
737 3971 795 4024 9in
812 3988 861 4025 nos
880 3971 934 4024 PE
949 3971 979 4025 in
996 3971 1077 4026 nobis
1097 3973 1121 4024 Τ
1174 3988 1225 4057 sup

79 4071 104 4136 (a
130 4073 210 4141 arca)
236 4091 268 4129 ac
296 4075 322 4128 P
380 4077 413 4130 10
431 4075 568 4129 extincxit
595 4076 623 4129 P
682 4077 715 4130 ll
733 4092 789 4129 uon
819 4076 858 4128 Tb
885 4093 920 4128 ue
945 4093 976 4132 err
1003 4092 1053 4130 neo
1081 4075 1108 4128 P
1131 4075 1183 4164 hpo
1210 4094 1225 4131 e

82 4178 112 4230 18
136 4177 222 4232 hodie
252 4179 344 4232 P'TE
370 4195 441 4248 quae
471 4179 553 4234 hodie
582 4177 618 4233 P¹
679 4182 714 4234 23
741 4179 771 4232 in
801 4179 870 4233 uitia
901 4180 937 4233 Pe
967 4185 996 4234 et
1025 4180 1055 4233 in
1085 4181 1154 4234 uitia
1185 4181 1224 4234 Tb

81 4265 113 4317 29
130 4264 182 4351 hac
203 4266 287 4320 israel
306 4267 336 4320 P.

1016 4387 1067 4442 ⁴5*
