3075 4967
306 292 369 358 668
647 293 765 359 ssncti
783 292 922 346 Hilarii
941 292 1109 361 episcopi

305 490 376 549 ante
399 482 495 549 oculis
518 483 583 548 suis
606 482 703 561 dabit,
726 501 818 566 quam
838 481 939 548 locum
957 481 1155 548 habitationis
1172 483 1316 548 inueniat.
1358 481 1431 548 buius
1524 509 1525 513 ¹

306 587 401 653 etiarn
423 587 525 652 somni
547 587 656 654 beatus
679 585 857 667 patriarcba
881 585 972 651 iacob
988 587 1025 651 in
1051 586 1371 664 benedictionalem,
1392 589 1431 671 qui
1521 586 1526 595 '

305 693 450 775 princeps
493 691 599 776 gentis
642 691 733 756 istius
778 691 894 769 extitit,
939 691 1080 755 meminit
1108 691 1245 758 dicens:
1288 689 1430 757 catulus

305 796 438 862 leonis
475 795 589 874 Iuda,
634 815 678 860 er
715 794 870 860 frutice
912 793 1031 861 iilius
1070 814 1188 876 meus,
1226 795 1431 878 procidens

265 928 278 962 u
306 899 496 968 dormisti
513 907 555 965 ut
577 898 639 965 teo
662 904 699 964 et
721 899 1010 965 sioutoetutns
1034 898 1177 966 leonis.
1211 900 1303 982 quis
1326 899 1432 964 susci·

306 1004 412 1071 tabit
445 1001 554 1069 eum?
600 1009 631 1070 et
652 1003 792 1086 superior
815 1009 846 1076 et
868 1022 1066 1087 consequens
1091 1003 1266 1068 benedictio
1289 1022 1345 1068 nec
1364 1001 1432 1068 atati

305 1110 389 1176 Iudae
411 1127 471 1174 ncc
493 1107 591 1193 gestis
613 1107 766 1187 conuenit,
790 1107 845 1172 sed
869 1107 906 1185 ei,
930 1107 982 1191 qui
1007 1127 1045 1194 ex
1068 1107 1154 1173 luoae
1176 1107 1288 1172 frutice
1311 1107 1391 1172 sicuti
1404 1127 1432 1170 er

272 1240 278 1254 „
305 1213 408 1278 radice
431 1212 527 1278 Iessae
550 1220 605 1290 est,
629 1213 682 1296 qni
705 1218 736 1278 et
758 1210 876 1278 catulus
899 1210 996 1276 leonis
1020 1219 1067 1276 est
1090 1215 1121 1276 et
1144 1211 1236 1276 Iacob
1268 1212 1326 1277 erit
1357 1209 1432 1274 iilius.

305 1338 343 1382 ex
366 1317 425 1382 hac
448 1317 530 1381 enirn
555 1316 641 1381 ludae
664 1317 746 1382 tribu
769 1315 871 1381 Maria
894 1321 948 1393 est,
983 1336 1054 1401 quae
1084 1315 1198 1380 domini
1224 1315 1318 1380 nostri
1342 1333 1432 1380 secon-

253 1445 278 1480 10
306 1424 380 1487 dnm
411 1440 535 1487 carnem
564 1427 666 1487 mater
695 1420 760 1485 suit.
806 1419 858 1484 bic
890 1439 965 1506 ergo
989 1420 1150 1503 procidens
1174 1419 1318 1485 dormiuit
1339 1427 1369 1484 ut
1387 1417 1432 1483 leo.
1525 1461 1526 1466 κ

304 1525 353 1592 leo
377 1533 544 1590 terrorest
576 1524 652 1590 seris
674 1524 819 1590 omnibus
850 1531 880 1590 et
901 1524 996 1590 ueluti
1020 1525 1184 1590 dominans
1207 1529 1257 1590 est
1279 1530 1431 1590 ceterarum

306 1630 490 1695 bestiamm:
514 1635 546 1694 et
567 1627 619 1694 hie
641 1627 725 1694 solua
748 1649 803 1710 per
826 1628 1046 1695 confidentiam
1071 1635 1102 1694 et
1123 1628 1319 1694 securitatem
1334 1627 1431 1693 dormit

304 1734 486 1814 intrepidus,
532 1743 629 1798 terror
650 1732 790 1800 omnium
813 1731 947 1817 uigilans
970 1740 1025 1809 est,
1051 1733 1118 1814 ipse
1141 1739 1246 1798 autem
1269 1750 1386 1798 securus
1405 1731 1431 1793 in

305 1855 412 1902 somno
435 1844 491 1902 est.
536 1837 703 1903 etidcirco
725 1837 861 1902 addidit:
896 1838 988 1921 quis
1011 1837 1239 1902 suscitabit
1260 1856 1350 1913 enm,
1370 1833 1431 1918 quia

254 1965 278 2000 u
306 1942 467 2022 intrepida
490 1946 521 2006 et
543 1941 741 2026 praepotentia
764 1946 881 2006 nutura
904 1941 1102 2006 securitatem
1133 1939 1216 2006 nnita
1250 1940 1362 2006 externi
1381 1945 1432 2002 ter·

306 2047 383 2110 roris
421 2045 571 2110 timiditas
607 2045 767 2129 inquietet.
813 2064 853 2110 ne
889 2063 964 2128 ergo
1002 2044 1168 2128 quisquam
1205 2043 1321 2110 humile
1354 2049 1432 2124 atque

306 2149 452 2233 passibile
488 2148 701 2229 inpassibilem
739 2148 892 2232 unigeniti
930 2149 980 2214 dei
1024 2148 1231 2214 substantiam
1273 2163 1431 2232 perpmsam

306 2254 556 2319 existimaremus
578 2253 610 2317 in
634 2272 671 2318 es
691 2259 799 2328 morte,
821 2271 917 2336 qnam
941 2251 1043 2329 subiit,
1077 2251 1151 2320 iera
1182 2251 1275 2317 huius
1296 2249 1431 2330 intrepide

305 2358 487 2423 dormientis
522 2356 700 2438 exemplum
737 2358 778 2421 ud
815 2375 931 2423 securae
969 2357 1076 2422 mortis
1120 2355 1357 2440 intellegentiam
1391 2357 1431 2416 est

253 2481 278 2517 u
305 2461 454 2528 relatum:
477 2468 511 2526 ut
533 2467 619 2526 extra
641 2460 771 2526 humani
795 2460 913 2526 timoris
936 2480 1006 2526 esse
1029 2461 1060 2524 in
1084 2477 1192 2524 somno
1216 2459 1268 2524 iilo
1298 2458 1428 2542 inquieta·

305 2566 411 2631 dinem
449 2567 618 2657 doceretur,
657 2565 710 2648 qui
743 2585 799 2647 per
832 2565 956 2650 generis
990 2565 1036 2630 sui
1074 2575 1256 2648 naturaeque
1293 2563 1428 2632 nimum

305 2670 460 2736 dormiens
483 2669 562 2748 iicet
586 2671 697 2735 timere
719 2689 781 2734 non
798 2678 910 2751 posset.
955 2673 1075 2734 seruata
1090 2677 1190 2734 autem
1209 2665 1429 2752 diligentissime

305 2794 342 2838 ea
363 2774 441 2839 ratio
464 2781 519 2853 est,
542 2780 576 2838 ut
598 2773 630 2838 in
653 2773 814 2858 unigenito
837 2773 895 2839 deo
918 2772 1024 2838 aeterni
1056 2779 1087 2837 et
1116 2773 1275 2857 gignentis
1305 2789 1367 2835 eum
1388 2765 1428 2830 dei

305 2877 404 2962 gioria
427 2883 611 2954 nosceretur,
635 2897 705 2943 eum
729 2877 857 2942 dieitur:
884 2876 992 2942 siout
1015 2876 1075 2941 teo
1098 2883 1137 2940 et
1159 2875 1266 2942 sicut
1288 2871 1428 2942 catulus

253 2999 277 3035 e,
306 2982 450 3048 leonis.
494 2983 534 3046 ad
558 2982 590 3046 id
614 2983 707 3060 enim,
731 2981 814 3065 quod
836 3001 873 3046 ex
896 2981 954 3046 deo
978 2981 1045 3062 ipse
1066 2979 1216 3057 subsistit,
1250 2977 1363 3045 catulus
1391 2983 1427 3068 est

304 3085 417 3151 ieonis:
453 3087 492 3152 ed
526 3087 559 3151 id
592 3105 673 3161 uero,
697 3087 781 3171 qnod
817 3085 863 3150 teo
897 3095 953 3162 est,
984 3090 1120 3166 paternae
1150 3085 1181 3148 in
1213 3104 1250 3149 eo
1282 3077 1427 3148 maiestatis

347 3281 364 3333 3
382 3277 449 3332 Gan.
467 3277 564 3342 XLIX,
583 3281 609 3332 9.

346 3451 521 3522 θραῖῖίιτοα
536 3451 560 3504 V
598 3451 628 3504 in
645 3450 907 3506 benedictionemV
945 3445 1191 3518 tfpcedenaPR¹
1236 3437 1426 3502 nsuseitsuiti

302 3540 423 3594 8iassae
447 3539 472 3592 V
494 3539 530 3607 cs.
548 3539 612 3592 ΑΜ.
640 3537 690 3603 IV,
708 3537 747 3591 80
774 3537 843 3591 iesse
861 3537 939 3590 RPT
989 3534 1129 3589 9domini
1155 3536 1245 3589 nestri
1266 3529 1360 3588 Itdffii
1376 3534 1391 3582 ᾗ
1410 3525 1426 3578 V

303 3626 409 3680 domini
426 3643 439 3679 e
457 3625 569 3678 domino
587 3629 684 3678 nostro
702 3625 768 3677 PTb
821 3627 856 3678 10
873 3629 963 3678 mater
986 3625 1046 3677 odd.
1074 3641 1106 3676 m.
1128 3621 1148 3674 2
1174 3622 1199 3675 V
1251 3619 1390 3689 procedens
1404 3631 1424 3665 tt

303 3714 450 3782 procidens
477 3731 511 3766 m.
538 3711 602 3765 313
656 3714 686 3766 ll
706 3715 799 3764 terror
825 3711 852 3764 R
877 3710 980 3764 terrori
1013 3710 1061 3763 VT
1085 3709 1269 3763 terrorizr’
1292 3699 1424 3761 terroriat

293 3789 440 3854 'dominari
459 3804 501 3854 eat
525 3799 550 3852 V
600 3801 634 3853 14
651 3798 760 3853 addidit
777 3797 831 3851 ΗΡ
846 3815 877 3852 et·
894 3796 971 3850 addit
989 3813 1056 3850 corr.
1075 3797 1101 3848 Τ
1117 3795 1196 3850 addit
1220 3795 1245 3847 V
1295 3793 1339 3862 qui
1358 3786 1424 3844 susti·

302 3885 375 3940 tauit
397 3886 423 3939 V
473 3888 507 3940 15
523 3884 634 3940 externi
659 3885 777 3939 terroris
795 3885 822 3938 R
849 3881 930 3937 exffni
957 3883 1074 3937 terroris
1102 3883 1126 3934 Τ
1152 3877 1266 3936 exirent
1292 3870 1426 3966 teguria?

303 3989 412 4044 externi
430 3994 504 4044 nme
527 3990 644 4044 terroris
668 3990 693 4043 V
744 3992 778 4043 17
796 3988 934 4057 unigeniti
952 4005 983 4042 es
999 3985 1128 4056 inigeniti
1146 4005 1179 4040 ru.
1199 3985 1219 4038 2
1243 3987 1268 4038 V
1317 3985 1347 4038 18
1362 3981 1386 4034 in
1401 3991 1424 4030 aa

302 4081 393 4130 morte
410 4078 437 4130 R
454 4077 484 4130 in
501 4082 591 4130 morte
607 4077 632 4130 V
646 4094 663 4130 a
679 4075 831 4130 mortePT
881 4075 973 4128 faeere
990 4072 1111 4127 huiusV
1160 4073 1306 4158 intrepida
1318 4071 1342 4123 P
1354 4068 1423 4121 iutra·

302 4180 385 4248 pidao
403 4181 429 4233 R
483 4184 515 4236 19
532 4180 631 4235 mortis
658 4181 756 4234 om.V
805 4181 840 4234 90
858 4179 965 4233 timoris
989 4179 1052 4232 VRe
1078 4178 1193 4232 terroris
1212 4177 1264 4230 PT
1263 4177 1277 4228 b
1326 4175 1357 4227 112
1371 4167 1421 4222 lioet

303 4267 401 4319 oruV
450 4269 486 4321 24
502 4273 664 4355 nasceretur
681 4267 708 4320 P
757 4267 792 4320 25
810 4265 934 4322 substitit
952 4267 977 4318 R
1030 4266 1064 4320 26
1082 4263 1117 4318 sd
1143 4279 1211 4318 nero
1231 4265 1257 4316 P
1272 4263 1298 4316 id
1323 4273 1381 4314 nero
1396 4251 1422 4306 ii-
