3075 4967
251 270 314 335 '264
585 272 703 326 saneti
727 272 863 326 Hilarii
887 271 1050 340 episcopi

251 459 395 526 sacrificii
429 460 655 537 deferebantur,
689 459 868 526 holocausta
900 467 972 527 sunt
1005 467 1189 543 nuncupate.
1236 482 1293 542 per
1324 460 1396 526 haec

251 566 346 648 igitur
367 585 485 649 genere
507 584 669 646 pennarum
703 570 856 648 martyres
879 566 911 630 in
933 565 1008 631 fidei
1031 565 1241 632 testimonium
1264 585 1398 646 corpora

252 689 307 734 sna
330 668 508 735 holocausta
529 675 688 748 nonerunt,
710 675 744 734 nt
765 669 797 733 in
823 669 873 735 dei
896 671 1029 747 domum,
1062 670 1095 736 id
1126 675 1174 736 est
1203 671 1234 734 in
1258 668 1397 736 caelestis

252 771 397 839 domicilii
431 771 653 838 habitationem
684 774 904 838 consummatis
934 773 1105 840 hostiarum
1138 793 1262 838 suarum
1297 774 1398 838 sacri-

212 901 225 940 r
252 874 331 941 liciis
352 874 522 942 introirent

294 980 346 1046 24.
370 980 434 1046 Sed
456 976 531 1064 qirid
562 983 688 1047 tandem
722 981 755 1046 in
791 981 851 1049 hac
882 1001 1045 1064 corporum
1080 1001 1203 1047 suornm
1237 979 1400 1046 oblatione

250 1085 424 1151 nouerant?
467 1084 586 1151 scilieet
607 1091 642 1150 ut
664 1105 721 1167 per
743 1085 810 1150 haec
834 1085 974 1169 martyrii
997 1085 1043 1150 sni
1066 1084 1208 1164 exempla
1222 1091 1336 1168 gentes
1356 1083 1400 1148 ad

251 1208 341 1268 spem
362 1189 452 1273 regni
475 1189 583 1254 aeterni
606 1189 773 1255 erudirent.
820 1190 873 1273 qui
896 1189 979 1255 enim
1001 1197 1066 1254 tum
1090 1186 1250 1254 Christum
1279 1189 1400 1270 praedi-

253 1292 448 1368 cabantnon
471 1293 539 1372 sibi,
562 1293 674 1376 quibus
698 1301 763 1358 tum
787 1299 854 1358 erat
875 1293 1027 1378 cognitus,
1050 1293 1215 1367 sednobis
1231 1293 1282 1375 qni
1299 1292 1400 1356 futuri

201 1427 223 1463 te
251 1395 353 1462 adhuc
376 1417 506 1476 eramen,
539 1396 588 1462 nel
612 1398 723 1480 quibus
758 1403 824 1462 tum
860 1404 928 1462 erat
960 1397 1143 1482 incognitus,
1173 1396 1399 1477 praedicabant.

251 1520 320 1583 quse
353 1520 458 1566 eorum
494 1501 672 1581 praedicatio
706 1501 806 1566 omnis
840 1501 1028 1581 posteritatis
1057 1499 1154 1566 fidem
1184 1501 1224 1565 ad
1253 1501 1401 1584 martyrii

251 1602 440 1670 desiderium
462 1605 614 1670 accendit.
660 1605 823 1670 nonenim
847 1625 939 1670 cansa
961 1604 1020 1670 aba
1043 1605 1256 1686 predicabant
1277 1606 1339 1671 nisi
1365 1615 1403 1671 nt

250 1705 323 1772 fidei
347 1727 410 1772 suae
433 1713 465 1773 et
487 1708 627 1791 martyrii
651 1708 792 1789 exemplo
815 1708 918 1789 plures
940 1715 1095 1792 martyres
1118 1709 1286 1777 erudirent
1310 1711 1403 1794 qnod

250 1810 365 1876 Paulus
402 1811 506 1876 docuit
539 1812 660 1877 dicens:
707 1832 781 1896 ego
815 1810 962 1878 Paulus
996 1812 1161 1878 uinctus
1196 1813 1287 1878 lesu
1322 1834 1402 1894 pro

199 1947 224 1982 u
250 1915 366 1981 nobis
389 1917 592 1999 gentihus.
636 1923 729 2004 atque
752 1917 792 1981 ob
815 1917 846 1980 id
870 1917 902 1980 in
926 1916 1016 1982 huius
1042 1918 1269 1999 predicationis
1292 1919 1403 1986 fructu

252 2019 309 2084 deo
332 2040 367 2085 se
381 2027 453 2086 uate
468 2022 601 2086 reddere
616 2019 804 2086 confitentur
826 2020 979 2088 dicentes:
1012 2022 1178 2088 reddam
1202 2023 1277 2088 tibi
1300 2031 1403 2090 note

251 2144 344 2202 mea,
367 2144 450 2209 quae
474 2125 759 2192 distinxerunt
782 2125 893 2190 labia
916 2145 1008 2191 mea.
1054 2131 1093 2191 et
1123 2125 1300 2192 locutum
1331 2137 1404 2194 est

250 2249 292 2294 os
314 2249 442 2296 meum
464 2230 504 2294 in
529 2229 801 2296 tribulatione
835 2250 935 2296 mee:
973 2229 1217 2296 holocausta
1245 2231 1404 2298 medul-

251 2331 335 2398 lata
356 2334 529 2399 offeram
552 2335 628 2399 tibi
648 2334 1400 2412 cumincensoetarietibns‚0sferam

199 2463 224 2501 so
252 2437 329 2501 tibi
353 2438 476 2503 bones
499 2458 584 2504 cum
608 2438 746 2504 hircis.
793 2459 832 2502 an
856 2439 978 2522 ignorat
1007 2437 1159 2519 prophete
1190 2459 1227 2504 ex
1260 2459 1403 2520 persona

252 2541 356 2606 deiin
379 2542 545 2622 spirituse
568 2542 717 2608 locutum:
752 2563 828 2607 non
862 2543 1063 2624 accipiam
1099 2543 1144 2608 de
1179 2544 1291 2608 domo
1326 2549 1403 2610 tna

250 2645 407 2711 uitulus
440 2665 571 2730 neque
606 2646 652 2712 de
686 2647 884 2731 gregibus
916 2647 996 2712 tuis
1026 2645 1166 2712 hircos
1197 2653 1242 2712 et:
1288 2668 1404 2714 nnm-

251 2751 347 2831 quid
370 2752 617 2818 manducabo
640 2771 786 2818 carnes
822 2759 1024 2818 taurorum
1054 2757 1120 2816 aut
1151 2753 1401 2836 sangninem

251 2853 454 2921 hircorum
479 2853 651 2936 potabo?
686 2863 717 2921 et
739 2875 875 2922 rursum:
900 2856 1089 2940 queniam
1119 2857 1152 2921 si
1183 2855 1403 2924 noluisses

199 2981 224 3020 ss
252 2959 519 3036 sacrificium,
550 2959 760 3026 dedissem
791 2959 936 3044 utique,
968 2958 1227 3024 holocsustis
1257 2965 1400 3026 autern

250 3083 324 3128 nan
356 3061 661 3128 delectaberis?
706 3069 808 3129 cessat
841 3063 935 3147 igitur
968 3063 1120 3144 opinionis
1154 3070 1266 3128 nostrae
1298 3082 1402 3138 error.

250 3173 286 3232 ut
307 3166 375 3232 haec
389 3168 511 3232 uouisse
526 3173 678 3252 martyres
695 3166 918 3231 existimemus.
953 3168 1008 3231 sed
1019 3166 1051 3232 in
1065 3166 1222 3252 martyriis
1234 3171 1399 3248 posterum

295 3297 329 3348 14
345 3293 446 3364 Ephes.
465 3295 513 3362 111,
532 3297 557 3348 r,
592 3297 625 3349 nr
644 3295 689 3347 ss.
707 3295 804 3362 xurx,
822 3297 847 3349 s.
882 3295 918 3349 na
936 3295 1005 3348 rste.
1025 3297 1066 3349 rs.
1102 3296 1137 3348 aa
1154 3293 1198 3347 ns.
1217 3293 1247 3360 t,
1267 3295 1309 3347 ra.

294 3402 431 3469 2gsners
448 3417 597 3469 poenarum
618 3400 697 3452 RPE
713 3417 864 3469 poenarum
882 3415 984 3468 genera
999 3400 1024 3451 T
1075 3401 1141 3452 But
1159 3400 1188 3451 in
1207 3398 1250 3452 dei
1265 3399 1349 3451 RTE
1366 3406 1399 3453 ut

250 3487 280 3541 di
308 3488 333 3540 P
388 3487 418 3541 id
443 3493 485 3542 est
511 3487 592 3541 RPE
617 3505 688 3556 supr.
718 3505 767 3540 scr.
797 3487 821 3539 Τ
882 3488 1056 3540 innuerunt
1086 3486 1165 3538 RPF,
1192 3486 1342 3539 uoluerunt
1375 3489 1403 3539 T

251 3577 285 3628 10
302 3574 472 3643 adhnerupr.
485 3591 577 3627 acum.
588 3575 604 3626 1
613 3574 638 3627 R
693 3575 725 3627 ll
744 3574 834 3626 omnis
852 3574 908 3627 RE
924 3590 1033 3627 omnem
1047 3573 1097 3625 PT
1150 3573 1184 3626 13
1201 3577 1309 3640 martyr
1321 3586 1355 3616 Ξ
1367 3589 1400 3627 es

251 3659 332 3724 (crus.
348 3660 378 3726 a)
398 3661 424 3714 R
441 3665 577 3728 martyras
596 3661 622 3712 Τ
673 3659 747 3728 quod
765 3679 796 3713 ea
814 3660 962 3728 quodquod
981 3658 1006 3708 R
1062 3661 1095 3712 14
1112 3659 1173 3712 iesu
1188 3659 1213 3711 R
1227 3659 1401 3727 cs.Subutiaer

250 3748 304 3816 III,
323 3747 377 3801 790·
404 3750 464 3801 adn.
492 3747 596 3802 Christi
622 3749 684 3802 lesu
711 3747 791 3799 PTE
844 3748 876 3798 17
894 3747 1099 3800 distincxsrunt
1128 3745 1176 3798 VP
1229 3748 1261 3798 le
1279 3743 1400 3800 offeram

249 3835 301 3889 tibi
319 3863 353 3872 -
371 3835 503 3888 arietibus
529 3836 557 3888 ia
583 3852 666 3902 murq,
685 3833 789 3886 ΜΗ
841 3832 987 3901 schyren
1015 3833 1041 3885 R
1067 3831 1160 3900 hyrcis
1187 3850 1218 3886 ca
1243 3830 1344 3899 hyrcos
1377 3833 1402 3885 1¹

249 3925 281 3976 21
301 3923 331 3976 in
340 3923 441 3991 spiritu
450 3923 600 3976 zzserr
652 3922 687 3974 26
704 3919 872 3974 holocaustis
892 3924 984 3974 sutem
1002 3936 1057 3973 non
1068 3920 1093 3972 R
1104 3920 1139 3988 cf.
1154 3920 1274 3972 Sabnrier
1289 3918 1329 3974 II.
1342 3919 1400 3974 104

248 4063 310 4114 adri.
337 4060 503 4115 holocaustis
530 4079 584 4115 non
612 4061 690 4113 PTE
740 4061 775 4114 26
794 4064 881 4112 cessat
909 4059 1003 4111 Rl'Tu
1032 4063 1152 4112 cessetr
1205 4058 1239 4110 27
1257 4015 1400 4138 martyruis

249 4181 316 4217 corr.
333 4181 366 4216 m.
387 4163 402 4214 1
421 4163 446 4216 R
472 4169 608 4231 martyras
629 4163 654 4215 T
705 4162 847 4230 martyriis
865 4181 895 4214 cr
913 4161 1044 4230 martyris
1064 4161 1090 4212 P
1149 4167 1291 4228 posterum
1319 4161 1401 4214 RPT

249 4257 423 4318 posterorum
443 4251 475 4302 E.
