3075 4967
293 269 355 333 194
629 269 747 322 sancti
771 268 902 322 Hilarii
931 266 1093 335 episcopi
1162 307 1165 314 .

292 458 410 524 debiles
445 459 648 524 habitationes
681 475 740 522 nec
773 456 973 522 lamentanda
1007 457 1210 534 tabernacula,
1245 457 1300 522 sed
1336 457 1430 522 salem

291 564 391 644 potius
414 562 481 627 hac
505 563 611 628 mundi
645 561 737 626 huius
759 560 849 626 uallis
873 559 1025 640 exhibeat,
1049 581 1102 627 eos
1125 561 1242 627 scilicet
1264 579 1433 644 eorumque

292 666 419 744 similes,
443 667 555 751 quibua
578 667 694 732 dictum
717 674 782 731 est:
805 685 874 731 uos
898 667 1001 732 estis
1033 666 1091 731 sal
1116 671 1243 740 terra,
1266 667 1297 730 in
1322 665 1433 749 quibus

291 772 428 837 maxime
451 773 569 837 anticus
592 769 642 836 ille
665 789 785 854 nosque
807 771 977 836 incendens
999 769 1098 836 hostis
1121 771 1271 836 extinctus
1288 775 1344 835 ast.
1381 789 1435 850 pro

253 903 266 938 a
293 875 342 940 his
366 877 461 960 igitur
481 876 513 941 in
535 874 600 940 fine
621 875 850 940 commutandis
881 881 911 939 et
942 874 999 940 sub
1030 875 1206 940 testimonio
1229 893 1266 940 ac
1288 873 1368 938 tituli
1392 875 1435 938 in-

292 981 459 1062 scriptione
480 982 521 1045 ad
545 979 648 1045 Dauid
670 978 837 1045 edocendis
859 978 998 1061 psalmus
1022 979 1073 1044 hic
1097 977 1247 1056 scribitur,
1281 997 1344 1042 non
1380 977 1436 1042 elio

293 1097 440 1166 tempore,
463 1103 558 1168 quam
580 1104 651 1150 cum
675 1082 802 1148 Nathan
825 1081 977 1167 propheta
999 1082 1100 1148 throni
1135 1084 1242 1148 aeterni
1265 1101 1376 1166 regem
1401 1101 1437 1147 ex

294 1189 394 1254 Dauid
417 1189 537 1254 semine
560 1189 718 1254 nuntiauit.
763 1187 795 1252 in
829 1209 865 1252 eo
899 1188 984 1252 enirn
1016 1195 1155 1267 tempore
1189 1187 1265 1265 hanc,
1299 1205 1373 1270 quse
1406 1188 1438 1251 in

293 1294 386 1359 rebus
409 1295 507 1377 gestis
530 1294 779 1374 prescribantur,
803 1289 912 1358 effecta
928 1298 1006 1370 sunt,
1030 1293 1060 1356 in
1078 1312 1139 1377 quo
1155 1290 1437 1374 prophetiaaeterni

246 1421 268 1456 ιο
296 1398 380 1481 regn's
402 1405 528 1463 ostensa
550 1405 606 1462 eet.
650 1395 878 1482 intellegendus
902 1415 977 1480 ergo
1000 1396 1138 1478 psalmus
1161 1416 1216 1476 pro
1241 1395 1291 1460 bis
1315 1402 1372 1472 est,
1387 1396 1438 1478 qui

295 1501 537 1579 inmutabuntur,
559 1503 592 1566 in
617 1501 717 1566 Dauid
740 1507 892 1566 aeternum
915 1519 1024 1585 regem
1053 1500 1227 1576 edocendis,
1252 1505 1283 1564 at
1305 1501 1361 1583 qui
1386 1519 1439 1580 pro

295 1607 417 1670 amissis
430 1606 570 1687 patribus
587 1613 677 1671 erunt
692 1625 729 1670 er
745 1605 988 1670 commutatione
1003 1606 1065 1669 iarn
1082 1605 1146 1669 iiiii.
1170 1605 1212 1669 ita
1228 1606 1312 1670 enim
1329 1605 1440 1684 coepit:

339 1709 368 1774 3.
395 1709 504 1787 Deus,
528 1709 749 1791 reppulisti
774 1729 846 1774 nos
869 1715 907 1774 et
929 1709 1175 1774 destruxisti
1199 1728 1285 1774 nos:
1310 1710 1440 1773 iratus

295 1833 336 1879 es
367 1821 404 1878 et
437 1815 631 1879 misertus
669 1833 710 1879 es
744 1813 869 1878 nobis.
915 1813 1175 1878 commouisti
1214 1819 1369 1877 terram
1404 1823 1440 1878 et

236 1941 272 1977 ,ιι
298 1917 558 1982 conturbasti
592 1937 692 1983 eam:
741 1937 837 1982 sana
886 1918 1163 1983 contritiones
1204 1919 1307 1995 eius,
1348 1917 1442 2001 quia

297 2028 401 2086 mota
424 2030 494 2088 est.
539 2023 763 2088 ostendisti
788 2022 934 2104 populo
958 2029 1023 2087 tuo
1047 2023 1153 2098 dura,
1183 2022 1341 2106 potasti
1373 2041 1442 2085 nos

297 2127 729 2208 uinoconpnuctionis.
775 2127 930 2192 dedisti
948 2126 1230 2192 metuentibus
1254 2135 1291 2190 te
1316 2127 1443 2210 signi-

189 2303 194 2312 ·
298 2230 545 2309 ficationem,
568 2239 611 2296 ut
632 2231 799 2315 fugiant
820 2251 838 2296 a
861 2230 968 2296 facie
991 2250 1118 2296 arcus.
1164 2232 1337 2296 secundum
1358 2251 1444 2295 com-

298 2354 423 2400 munem
445 2336 549 2401 saculi
573 2355 699 2401 sensum
721 2335 775 2399 irae
799 2329 1049 2418 miserationique
1072 2355 1132 2399 non
1157 2336 1309 2412 conuenit,
1341 2353 1445 2418 neque

246 2459 272 2494 ιο
298 2439 392 2519 ipsius
414 2438 446 2503 in
469 2441 596 2505 eosdem
612 2447 741 2523 uterque
757 2439 808 2505 bic
824 2440 908 2504 idem
924 2440 1086 2505 conueniet
1100 2438 1247 2515 adfectua,
1270 2445 1305 2503 ut
1316 2438 1445 2504 ultionis

297 2541 443 2608 uoluntati
478 2544 618 2608 uoluntas
653 2545 860 2608 miserationis
893 2545 1030 2609 admixta
1063 2545 1111 2608 sit.
1159 2542 1232 2608 solis
1255 2551 1360 2608 antem
1386 2543 1445 2606 hoc

297 2647 434 2726 patribus
457 2649 507 2728 pie
529 2649 734 2713 irascentibus
756 2649 905 2732 congnrit,
937 2657 970 2712 ιιι
1000 2649 1173 2714 misericors
1205 2665 1311 2713 eorum
1343 2649 1391 2711 ira
1414 2649 1445 2711 in

297 2752 431 2830 nemetis
454 2753 495 2816 sit
516 2751 658 2829 tiliorum,
681 2753 852 2818 secundum
871 2753 965 2818 etiam
981 2752 1056 2817 iilud
1074 2752 1154 2816 boati
1173 2750 1266 2818 Pauli.
1290 2771 1364 2816 cum
1389 2752 1446 2814 ita

297 2855 442 2920 Satanae
464 2857 500 2920 in
525 2856 720 2921 interitum
743 2857 870 2922 carnis
894 2858 1020 2945 tradit,
1043 2867 1082 2921 ut
1104 2857 1276 2937 spiritus
1301 2857 1446 2921 saluus

246 2976 270 3014 ιι
298 2959 347 3022 sit
369 2960 407 3023 in
430 2960 494 3025 die
523 2961 682 3037 domini,
698 2961 842 3026 uindicta
857 2962 1020 3042 praesentis
1040 2961 1236 3026 seueritatem
1252 2961 1292 3024 ad
1308 2960 1445 3026 salntem

297 3063 422 3143 spiritus
444 3063 594 3144 proficere
627 3066 851 3130 demonstrans.
896 3072 1028 3131 aternus
1062 3083 1136 3148 argo
1167 3064 1217 3130 illa
1253 3071 1285 3130 et
1308 3065 1446 3129 caelestis

340 3203 473 3257 aMatth.
492 3203 524 3266 V,
546 3206 584 3256 13.
621 3206 686 3258 231
705 3205 765 3257 Gor.
785 3207 809 3272 5,
829 3207 852 3257 5.

342 3325 427 3378 lnec
445 3343 475 3377 es
491 3341 543 3378 nec
561 3341 626 3382 cum
643 3344 675 3377 m.
695 3327 710 3378 1
729 3325 755 3379 V
804 3327 900 3380 sallem
925 3327 1017 3395 potius
1037 3327 1063 3378 P
1087 3328 1156 3379 sales
1183 3327 1276 3394 potius
1298 3325 1323 3377 T
1340 3325 1446 3410 uallem

297 3411 390 3478 potius
409 3409 442 3473 (ιι
459 3413 487 3464 io
504 3429 557 3464 rac.
576 3429 594 3464 c
611 3431 644 3465 m.
664 3411 697 3476 2)
715 3411 741 3465 V
790 3415 807 3464 4
825 3413 1113 3481 antiqusltantiquus
1123 3413 1203 3465 PTE
1253 3415 1270 3466 6
1288 3429 1305 3465 a
1324 3411 1448 3466 dauidT

1330 3498 1344 3535 ιι

298 3550 419 3604 Dauide
480 3551 622 3605 admontis
653 3551 720 3603 Vna
746 3551 892 3604 edocentes
912 3551 943 3618 P,
970 3551 1003 3613 cs.
1029 3553 1110 3604 Acori.
1135 3570 1164 3620 p.
1192 3551 1227 3604 16
1282 3552 1404 3604 Vtroni
1426 3551 1450 3602 I'

298 3653 332 3690 cx
349 3655 421 3706 supr.
439 3655 488 3690 scr.
506 3654 539 3689 m.
560 3639 575 3689 1
600 3638 626 3690 R
649 3657 698 3690 om.
723 3637 748 3690 V
798 3637 938 3692 beamine
964 3653 1022 3692 esse
1046 3638 1097 3691 VE
1147 3637 1288 3692 nuntiauit
1315 3657 1345 3690 er
1375 3655 1447 3692 nun·

299 3724 374 3777 tinnit
392 3742 425 3776 m.
444 3723 464 3776 2
483 3724 664 3778 Vnunciauit
683 3725 709 3776 R
762 3726 793 3777 ll
813 3724 842 3778 in
861 3724 941 3778 dauid
962 3725 1052 3777 om.V
1077 3785 1079 3792 Α
1102 3727 1135 3778 12
1154 3723 1272 3778 erantV
1326 3727 1358 3778 13
1378 3725 1446 3778 dax·

298 3811 427 3864 trucxisti
450 3810 477 3864 V
524 3811 613 3864 iratus
637 3828 666 3864 ee
685 3810 763 3864 nobis
783 3829 812 3863 ex
830 3811 917 3864 iratus
936 3816 979 3864 est
997 3813 1060 3864 ιιιὶ)
1076 3811 1203 3865 Viratus
1221 3829 1250 3866 es
1268 3811 1349 3866 nobis
1372 3811 1446 3876 I'Tb,

297 3897 334 3963 cs.
353 3899 472 3950 Sabctier
491 3899 528 3964 II,
548 3897 601 3951 119
655 3901 687 3952 16
705 3903 843 3952 commota
863 3899 900 3950 Pb
953 3903 1002 3952 tuo
1022 3915 1070 3950 oon.
1089 3899 1115 3951 R
1168 3898 1270 3966 potasti
1288 3915 1319 3949 aa
1336 3899 1446 3965 putasti

300 3983 371 4034 aa?
394 3984 419 4034 V
469 3987 501 4038 17
519 3985 706 4038 metuentibus
724 4003 755 4037 ex
773 3984 923 4040 metuentis
943 4003 974 4038 or.
994 3983 1011 4036 1
1031 3985 1056 4037 V
1105 3986 1140 4038 aa
1157 3985 1232 4038 idem
1250 4001 1298 4037 om.
1318 3984 1359 4036 Pb
1415 3989 1447 4038 ut

299 4088 349 4122 om.
363 4069 388 4122 V
436 4073 468 4123 21
488 4070 628 4125 uoluntati
640 4071 770 4125 uoluntas
789 4069 855 4136 (tati
867 4072 953 4125 uolun
966 4073 1026 4124 cdd.
1038 4089 1069 4123 m.
1081 4069 1113 4134 2)
1130 4071 1154 4124 V
1168 4070 1306 4124 uoluntati
1319 4067 1361 4134 (in
1376 4075 1445 4132 ros.)

299 4157 427 4211 uoluntas
452 4158 479 4210 P
527 4157 697 4212 miserationi
725 4175 756 4211 a
781 4157 967 4211 miserationis
995 4157 1020 4210 R
1072 4159 1106 4210 22
1125 4157 1268 4211 misericor
1292 4157 1316 4209 V
1367 4159 1405 4210 23
1423 4157 1445 4210 si

298 4242 420 4298 filiorum
439 4245 465 4297 R
516 4246 552 4298 94
568 4245 598 4298 ιιι
616 4261 665 4296 om.
684 4245 710 4297 R
761 4246 797 4298 25
815 4245 925 4298 uindice
949 4245 974 4295 V
1023 4245 1057 4296 26
1075 4245 1123 4297 ille
1142 4244 1266 4298 caelestis
1287 4243 1372 4296 PTE.
