3075 4967
399 288 581 336 tractatus
605 283 635 335 in
659 283 833 350 paalruum
857 280 940 334 bxv,
1178 281 1239 346 257

124 474 291 538 etomuia
324 471 468 556 lingua
497 473 760 549 confiteatur,
792 473 886 556 quia
916 472 1101 538 domiuus
1126 471 1240 537 lesus

123 577 153 640 in
171 575 297 660 gloria
319 577 383 642 dei
405 576 539 657 patria
562 582 632 640 eet
679 585 710 641 et
732 575 801 641 haec
830 595 892 640 uon
923 577 962 641 de
985 575 1155 642 diuinitatis
1178 595 1240 641 sune

123 681 189 745 dicta
209 686 277 745 aunt
297 685 456 760 potestate.
501 679 554 744 illa
576 679 666 758 enirn,
680 685 716 744 ut
737 699 864 760 aemper
886 691 932 744 eat
955 680 1126 756 dominans,
1150 681 1242 745 itaet

123 784 309 849 dominabitur
337 803 479 865 semper:
509 785 566 849 aed
595 785 626 848 in
649 791 800 849 aeternam
823 783 953 868 gloriam
979 785 1044 850 eiua
1067 785 1241 865 adsumptae

121 908 151 952 er
167 888 280 972 uirgine
301 888 404 953 carnia
425 894 535 952 natura
556 887 751 953 transfertur.
796 887 884 953 Iesus
908 889 991 954 enim
1015 889 1080 954 eiua
1097 887 1240 966 hominia,
1280 913 1293 953 a

121 993 162 1074 qui
182 1012 217 1057 ax
237 992 337 1057 Maria
359 997 449 1056 natus
471 997 528 1070 eat
558 992 744 1072 nuncupatio
779 999 844 1070 eet;
867 997 898 1056 et
922 991 991 1057 Iesu
1014 1011 1136 1066 nomeu,
1159 995 1240 1075 quod

120 1115 197 1176 anper
218 1114 309 1160 omne
331 1115 444 1160 nomen
468 1101 527 1176 eat
549 1093 688 1160 donatur.
732 1115 794 1160 nou
817 1095 900 1161 enim
924 1095 984 1175 bic,
1011 1103 1044 1160 ut
1066 1096 1098 1160 in
1121 1097 1241 1170 ceteris,

22 1270 23 1273 Ἴ
121 1199 178 1264 lecu
197 1197 326 1272 Christo,
356 1199 413 1263 sed
444 1197 513 1263 lesu
545 1204 672 1263 tantum,
716 1199 745 1264 ei
768 1199 854 1262 euim
877 1219 896 1262 a
917 1198 1091 1264 calcatibus
1126 1207 1156 1263 et
1180 1205 1241 1265 ter·

22 1354 23 1371 2
121 1303 251 1368 reatribus
273 1308 306 1367 et
326 1302 458 1367 infernis
493 1303 621 1368 adorato
652 1307 683 1368 et
705 1321 761 1384 per
795 1321 919 1368 omnem
953 1301 1091 1386 linguam
1125 1303 1157 1367 in
1191 1305 1240 1368 dei

121 1408 201 1485 patria
221 1406 320 1491 gloria
342 1427 412 1473 eaeo
433 1406 575 1472 confesso
597 1407 704 1472 aterni
728 1408 818 1492 regni
842 1407 973 1472 donatur
988 1407 1159 1473 arbitrium.
1184 1409 1240 1472 sed
1269 1433 1293 1470 ro

22 1504 23 1511 '
121 1517 147 1575 ut
164 1513 192 1575 in
212 1509 357 1592 pluribus,
380 1530 462 1576 nunc
485 1529 608 1595 quoque
638 1511 775 1576 latinitas
805 1517 907 1576 nostra
938 1531 999 1576 non
1023 1511 1097 1576 satie
1119 1511 1241 1592 proprie

121 1614 360 1699 significationem
384 1615 459 1680 dicti
482 1616 576 1698 graeci
599 1616 720 1682 elocuta
749 1621 806 1682 eet.
853 1617 935 1699 quod
965 1615 1048 1680 enim
1081 1615 1241 1717 probianum

121 1719 260 1784 scribitur:
284 1720 351 1803 qui
367 1719 650 1784 dominabitur
671 1721 711 1784 iu
730 1720 887 1785 uirtute
903 1720 1024 1784 suain
1041 1725 1241 1796 aeternum,

121 1822 146 1885 iu
165 1825 268 1906 gracia
290 1824 333 1887 ita
363 1823 490 1906 legitur:
520 1821 570 1908 τῷ
593 1823 791 1904 δεσπόζοντι
814 1822 850 1888 ἐν
872 1821 915 1906 τῇ
939 1823 1115 1910 δυναστείᾳ
1137 1815 1242 1888 αὐτοῦ

121 1927 173 1990 tori
191 1926 315 2001 αἰῶνος.
361 1927 443 2010 quod
465 1927 626 1992 nobiscum
654 1927 917 2005 maternum,
948 1927 980 1991 id
1004 1925 1135 2007 simplex
1157 1933 1188 1992 et
1210 1927 1240 1990 in
1269 1949 1293 1988 m

121 2049 198 2095 omne
220 2036 340 2111 tempus
374 2031 441 2094 siue
475 2029 661 2095 definitionis
696 2030 823 2096 alicuius
859 2031 1045 2112 proprietate
1078 2050 1242 2096 commune

121 2147 173 2198 est:
193 2136 271 2218 quod
294 2133 447 2200 cumillis
477 2133 538 2198 τοῦ
561 2133 691 2212 αἰῶνος,
722 2136 754 2199 id
785 2136 860 2200 certi
891 2141 923 2200 et
953 2135 1107 2218 designati
1138 2135 1241 2202 saculi

122 2236 363 2320 significationem
386 2238 493 2303 habet.

159 2341 201 2406 13.
222 2342 409 2425 Unigenitus
437 2342 520 2406 enim
554 2343 605 2407 dei
638 2341 719 2409 fitius
753 2343 812 2408 etei
846 2344 988 2426 regnauit
1018 2361 1150 2424 semper,
1181 2363 1241 2408 non

22 2474 23 2521 ξ
122 2454 211 2510 tamen
233 2466 357 2527 semper
379 2446 522 2529 regnauit
543 2446 575 2511 in
599 2465 733 2526 corpore.
781 2466 855 2530 ergo
871 2447 922 2512 ubi
939 2447 1093 2532 designati
1117 2453 1148 2512 et
1164 2453 1241 2512 tam-
1269 2471 1294 2507 ao

122 2568 201 2631 quam
222 2550 422 2615 demonstrati
452 2549 555 2614 saculi
586 2550 756 2614 dominatio
779 2571 835 2630 per
856 2551 896 2627 id,
931 2552 1014 2634 quod
1037 2550 1099 2616 τοῦ
1121 2550 1242 2626 αἰῶνος

122 2653 225 2731 dicitur,
246 2656 358 2719 uirtute
380 2654 467 2718 uerbi
489 2655 585 2735 ipsiua
608 2655 789 2731 continetur,
813 2661 933 2735 tempus
964 2654 1037 2719 illud
1061 2656 1241 2732 ostenditur,

22 2788 23 2815 3
121 2775 171 2838 quo
191 2757 359 2842 glorificato
381 2759 413 2822 in
436 2757 568 2842 gloriam
592 2759 641 2824 dei
664 2760 784 2840 corpori
807 2767 838 2824 et
860 2779 973 2824 nomeu
998 2759 1046 2824 dei
1067 2759 1198 2824 donatur
1213 2766 1244 2824 et

122 2879 245 2944 ragnum.
290 2869 321 2927 et
343 2861 434 2928 huius
457 2862 581 2946 quidem
605 2863 786 2928 dominandi
819 2863 922 2928 saculi
952 2872 1073 2945 tempus
1104 2863 1242 2930 absolute

121 2965 257 3043 ammius
280 2968 370 3032 docet
391 2967 514 3032 dicens:
548 2986 634 3032 cum
663 2968 929 3032 euacuauerit
960 2985 1112 3032 omnem
1135 2967 1241 3048 prin·
1269 2988 1294 3025 aa

122 3067 282 3148 cipetum
311 3077 351 3135 et
381 3077 629 3151 potestatem
660 3078 698 3136 et
727 3073 930 3148 uirtutem,
955 3079 994 3135 et
1016 3071 1243 3136 nouissima

156 3175 215 3228 251
232 3176 291 3230 Gor.
312 3179 418 3244 1⁶,24;
437 3179 478 3231 26.

159 3263 212 3314 lia
234 3263 259 3315 P
274 3273 335 3334 poet
359 3263 406 3318 aba
430 3265 446 3316 1
470 3265 510 3317 tiu
528 3281 593 3317 eron
655 3264 735 3318 adei
753 3265 841 3332 patria
859 3265 874 3318 ἒ
893 3265 970 3318 RPT
988 3269 1029 3317 eat
1046 3263 1091 3316 dei
1108 3263 1197 3331 patris
1217 3264 1244 3314 E

122 3345 207 3402 taint
223 3351 248 3403 R
298 3353 383 3404 ‘leat
408 3350 541 3404 donatum
560 3351 639 3402 PTE
687 3351 733 3404 hic
750 3369 823 3421 supr.
841 3369 889 3404 acr.
908 3352 934 3404 P
986 3353 1017 3404 ll
1044 3351 1174 3418 propriae
1193 3350 1245 3402 ΗΡ

123 3434 280 3504 rapuero
292 3457 393 3492 acon
415 3437 479 3504 nn
534 3439 567 3491 14
580 3427 641 3490 Τω
657 3427 854 3492 ΑεΤΙΟΖΟΝ
870 3425 1241 3492 ΠΕΝΤΝΑΥΝΑΠΕΤΑ

123 3518 270 3587 dotatio!
288 3531 389 3605 (postea
412 3552 478 3588 erue.
502 3534 533 3587 iu
555 3532 619 3592 hoct
636 3535 663 3587 R
696 3520 1240 3588 ΤωΔΕΕΞΤΟΖΟΝΞΤΕΝΤΙΔΙ·

22 3698 23 3701 ¹
124 3619 264 3690 ΝΛΠΕΙΛ
275 3627 407 3693 ΑΙ·ΤοΥ
422 3627 576 3693 bitoito(
587 3639 754 3694 Pto.dcatio
764 3643 863 3693 conten
874 3639 920 3693 edi
928 3655 979 3692 nas
989 3638 1065 3692 teiali
1074 3638 1145 3690 tulin
1155 3653 1204 3688 noe
1215 3655 1240 3688 α.

124 3725 152 3778 lc
166 3730 280 3787 Toranio
293 3737 358 3789 aazia
374 3713 496 3788 oenss'iiu.
509 3753 595 3804 proca
610 3737 707 3805 scripta
721 3745 780 3787 auat
796 3745 819 3789 et
835 3735 959 3788 articulus
974 3739 1008 3806 τῇ
1025 3741 1084 3786 unte
1100 3730 1241 3796 δυναστείᾳ

123 3823 276 3890 coempto
289 3823 504 3893 pronuntiatione
521 3824 576 3875 ciue
593 3824 714 3893 componi
731 3819 776 3888 (ti)
795 3832 914 3875 accurate
930 3831 966 3874 act
978 3830 1114 3884 exaratum·
1133 3820 1175 3888 qui
1186 3835 1244 3870 cour

124 3902 187 3955 ‘fiam
202 3924 230 3960 ea
246 3911 356 3980 ucatfflia
374 3911 402 3962 ia
425 3909 478 3962 ΒΡ
499 3911 594 3963 elucent
612 3920 636 3962 et
654 3927 670 3962 a
690 3909 881 3976 Tiecdendorfio
910 3906 962 3972 (II,
982 3907 1033 3971 68)
1059 3907 1189 3977 probetur,
1216 3906 1243 3956 iu

125 3996 268 4049 emmam
282 3998 449 4065 reponam
504 3999 537 4050 re
551 3993 799 4050 municionum
853 3997 884 4048 rr
900 3983 982 4047 ΤΟΥ
1006 3981 1243 4048 ΑΤωΟΝΟΕΒ

124 4075 153 4128 21
170 4078 307 4138 dominatio
332 4085 411 4138 ΡΓΕ
432 4085 632 4138 demonstratio
655 4084 681 4136 R
732 4085 768 4136 22
786 4083 851 4136 illut
875 4083 899 4134 V
948 4084 982 4135 23
1008 4099 1061 4149 quo
1094 4081 1178 4133 Vl'Tr
1205 4081 1243 4150 qd

126 4161 166 4212 Rss
210 4185 319 4239 corpore
344 4172 368 4225 V
416 4168 900 4233 noeumuauericz(11uc.eraa.)
922 4169 948 4221 R
999 4171 1034 4222 26
1053 4168 1243 4222 &nouissima

127 4247 161 4299 Re
177 4258 201 4305 et
214 4258 355 4312 nouissime
374 4256 404 4322 (e
422 4261 449 4311 r'n
467 4276 519 4310 rua.
538 4257 575 4323 P)
594 4258 651 4310 PT.

173 4371 237 4413 xxm.
250 4375 316 4418 arrae.
330 4379 387 4418 raet.
402 4389 455 4428 pm
468 4377 486 4417 1.
1057 4361 1088 4412 17
