3075 4967
415 332 596 381 tractatus
614 328 649 380 in
667 327 840 395 psalmum
859 324 979 380 CXVIII.
1204 332 1268 397 429

136 518 269 585 contulit:
301 516 419 583 seilicet
448 518 620 599 perspectis
650 518 795 582 omnibus
826 518 970 583 bumanae
993 520 1178 599 operationis
1200 522 1268 603 uiis,

135 634 289 708 postquam
312 624 387 707 quid
418 629 501 688 esset
531 622 590 688 sibi
619 621 694 686 utile
723 623 879 706 cogitauit,
910 622 984 689 fidei
1014 643 1077 688 sue
1099 627 1214 705 pedem
1236 628 1268 692 in

136 729 302 793 testimonia
325 729 430 793 diuina
453 729 589 793 detorsit.
624 728 769 811 cogitatio
792 728 876 793 enim
900 726 977 792 nihil
999 736 1101 809 potest
1122 729 1268 810 subitum,

136 832 202 898 nibil
233 854 359 910 nouum,
392 832 470 898 nibil
503 833 694 913 inopinatum
728 834 958 914 pertimescere,
993 853 1064 898 cum
1087 837 1127 901 de
1149 836 1267 901 consilii

136 939 281 1003 sententia
310 940 421 1013 omnia,
451 958 520 1021 quse
550 937 692 1002 accidere
715 935 823 1013 solent
854 944 1024 1017 sperantur,
1046 938 1269 1021 praefininntur,
1307 970 1320 1008 a

137 1045 287 1108 adeuntur.
332 1050 363 1108 et
384 1044 416 1108 id
440 1042 640 1126 consequenti
662 1060 756 1105 uersu
779 1044 915 1106 docetur.

170 1148 219 1212 11.
245 1147 356 1213 Postea
367 1148 452 1213 enIm
464 1166 557 1230 quam
568 1146 636 1210 uias
652 1165 724 1210 suas
739 1144 892 1226 propbeta
904 1146 1095 1231 cogitauerat
1110 1156 1141 1213 et
1154 1151 1269 1229 pedem

135 1254 165 1316 ad
187 1251 366 1317 testimonia
389 1251 439 1316 dei
462 1256 665 1331 conuerterat,
690 1248 787 1315 libere
809 1248 959 1333 loquitur:
993 1260 1160 1332 paratus
1182 1272 1267 1318 sum

136 1362 165 1419 et
194 1375 270 1420 non
302 1374 386 1420 sum
416 1356 614 1432 turbatus,
644 1363 686 1418 ut
716 1355 946 1419 custodiam
978 1358 1168 1421 mandata
1189 1363 1265 1421 tua.

136 1462 177 1541 qui
213 1461 253 1525 ad
287 1458 404 1542 aliquid
434 1466 630 1539 preparatur,
660 1457 754 1541 longo
784 1478 842 1523 usu
873 1461 912 1523 ad
944 1459 983 1534 id,
1015 1461 1045 1523 in
1076 1480 1136 1543 quo
1166 1461 1195 1526 ei
1218 1473 1268 1527 est
1294 1489 1320 1527 ro

135 1564 295 1630 meditatio.
318 1571 514 1645 preparatur,
538 1583 576 1627 ne
599 1583 671 1628 eum
694 1566 733 1629 de
756 1563 903 1643 propositi
923 1564 970 1629 sui
986 1565 1139 1629 sententia
1160 1564 1267 1649 negle-

136 1678 254 1750 gentem
277 1677 307 1733 et
331 1669 487 1733 incautum
509 1668 557 1731 uis
580 1665 683 1750 aliqua
716 1668 886 1748 reponens
917 1668 1100 1733 turbationis
1122 1670 1264 1735 excutiat.

135 1772 278 1852 pmpbeta
311 1772 414 1855 itaque
447 1771 533 1836 nouit
566 1791 635 1836 esse
672 1772 805 1852 plurima
842 1772 946 1836 saculi
984 1772 1136 1837 scandala
1181 1774 1267 1839 nouit

135 1875 307 1942 insidiantes
338 1896 407 1941 esse
429 1874 574 1940 bumanae
597 1882 713 1941 naturae
737 1878 1000 1960 aduersantesque
1023 1878 1161 1943 uirtutes.
1206 1878 1266 1943 scit

135 1980 296 2059 periculose
331 1980 453 2045 dulcem
487 1999 555 2046 esse
590 1980 792 2046 ambitionem
826 1979 933 2064 gloriae
970 1982 1134 2047 saecularis.
1179 1982 1265 2048 nouit
1292 2006 1318 2047 n

136 2102 271 2150 emamus
309 2084 534 2149 lasciuientium
572 2084 760 2149 temtnarum
798 2104 868 2149 esse
906 2086 1129 2150 continentium
1165 2086 1262 2153 oculis

137 2190 287 2268 captiosos.
332 2190 389 2255 soit
423 2197 528 2269 turpes
562 2208 725 2268 corporum
759 2190 943 2270 cupiditates
981 2190 1105 2255 adfectu
1142 2189 1264 2256 blandae

137 2292 292 2374 uoluptatis
325 2294 477 2375 inrepere.
523 2294 580 2358 scit
613 2300 716 2359 cetere
745 2294 891 2359 uitiomm
922 2313 1036 2377 genera
1065 2294 1265 2361 inlecebrosis

138 2396 259 2463 aditibus
282 2398 437 2481 ingruere·
482 2399 567 2463 nouit
590 2400 683 2463 etiam
706 2398 848 2479 plurimis
864 2417 898 2463 se
913 2398 1161 2483 inreligiosorum
1184 2400 1264 2466 odiis

139 2500 285 2568 subiacere
308 2512 338 2569 et
361 2504 399 2567 ob
423 2502 675 2585 pradicationem
699 2503 749 2567 dei
772 2504 958 2587 pietatisque
981 2503 1153 2569 doctrinam
1168 2504 1263 2568 uariIs
1293 2524 1318 2565 eo

138 2606 377 2690 persequentium
408 2606 600 2673 contumeliis
635 2626 703 2672 osse
725 2610 911 2672 uexandum.
956 2627 996 2672 ne
1025 2608 1120 2692 Igitur
1148 2606 1266 2673 turbari

139 2711 175 2771 tot
195 2718 221 2775 et
244 2712 338 2776 tantis
360 2710 481 2777 insidiis
504 2711 719 2795 ingruentibus
741 2721 855 2791 posset,
886 2720 993 2777 contra
1015 2713 1120 2776 omnia
1142 2732 1175 2777 se
1198 2710 1266 2777 bac

139 2806 199 2876 fidei
216 2814 334 2879 excidia
352 2816 537 2895 praeparauit
560 2816 682 2881 dicens:
718 2824 887 2896 paratus
917 2836 1001 2881 sum
1024 2828 1062 2881 et
1084 2836 1159 2880 non
1181 2836 1267 2881 sum

140 2918 324 2991 turbatus.
348 2927 388 2984 ut
411 2921 641 2985 custoditam
664 2922 855 2985 mandata
878 2930 951 2986 tua

177 3020 221 3087 12.
243 3022 346 3089 Habet
367 3044 475 3104 parem
497 3025 606 3089 beatis
636 3024 792 3105 apostolus
822 3022 914 3089 buius
946 3024 1178 3105 praeparationis
1201 3043 1265 3089 sua
1294 3046 1320 3083 se

141 3118 271 3191 fiduciam
288 3127 408 3194 dicens:
426 3128 515 3212 quis
531 3148 602 3194 nos
620 3128 834 3209 separabit
853 3150 872 3193 a
892 3130 1069 3194 caritate
1086 3126 1267 3193 Christi?

142 3225 346 3297 tribulatio
377 3253 423 3296 an
447 3233 641 3317 angustia
671 3240 736 3297 aut
766 3234 905 3314 passIo
940 3241 1006 3297 aut
1040 3232 1167 3297 sames
1199 3236 1267 3296 aut

141 3334 289 3401 nuditas
321 3344 388 3402 aut
420 3336 648 3418 periculum
679 3344 744 3401 aut
773 3336 962 3421 gladius?
1005 3336 1112 3401 sicut
1141 3335 1265 3415 scrip-

142 3434 209 3500 lum
234 3446 311 3507 est:
347 3441 632 3523 quiapropter
665 3448 702 3507 te
733 3442 1040 3507 mortificamur
1073 3446 1159 3505 tota
1191 3438 1266 3516 dis,

142 3534 313 3619 deputati
345 3564 480 3611 sumus
510 3545 617 3611 sicut
647 3564 742 3611 oues
766 3545 1001 3611 occisionis.
1047 3546 1117 3609 sed
1139 3544 1178 3607 in
1200 3539 1265 3607 bis
1292 3564 1319 3603 ω

141 3647 312 3715 omnibus
335 3668 576 3731 superamus
599 3656 637 3715 et
658 3650 864 3715 uincimus
887 3655 1056 3729 propter
1077 3667 1171 3722 eum,
1196 3646 1265 3731 qni

174 3746 502 3841 mmmmm

174 3868 325 3931 ireddere
349 3874 374 3929 V
423 3875 597 3931 finiunturO
647 3878 677 3931 11
698 3892 749 3931 neo
765 3875 868 3930 eumV
919 3877 952 3929 14
970 3892 1024 3944 que
1042 3876 1162 3928 uirtutes
1180 3891 1265 3944 ceap

140 3948 166 4001 ¹5
180 3970 235 4017 0⁸⁸0
253 3962 412 4031 opinionem
430 3958 664 4032 ambitionemque
683 3964 711 4015 E
762 3965 796 4017 17
814 3963 951 4030 captiosos
969 3980 999 4015 ea
1017 3961 1155 4030 captiosus
1168 3958 1231 4014 m.2
1243 3960 1269 4013 V

138 4035 165 4088 18
178 4044 327 4103 uoluntatis
356 4049 380 4102 C
412 4055 535 4104 ceterum
566 4050 588 4105 V
644 4066 747 4119 genere
774 4066 822 4103 om.
856 4050 882 4104 V
930 4049 966 4104 20
983 4048 1186 4116 proscutionem
1218 4046 1267 4100 VC

137 4118 165 4173 Ὦ
179 4136 290 4189 excitliis
315 4136 376 4191 VRc
429 4137 516 4206 possit
534 4136 600 4209 etp
650 4137 895 4205 araegonenses
912 4136 1041 4204 angustia
1059 4132 1159 4188 aaa
1175 4149 1264 4202 angu-

138 4206 195 4265 stiae
209 4222 260 4288 ρΕ
309 4220 391 4277 lamis
408 4223 435 4277 R
487 4226 522 4278 28
540 4222 612 4278 siout
639 4226 699 4277 add.
726 4242 759 4277 m.
787 4222 808 4276 2
831 4222 944 4277 Vsicnt
961 4250 995 4260 -
1013 4237 1063 4275 nos
1089 4220 1190 4275 dilexit
1215 4238 1265 4274 one

137 4290 197 4364 Pil)
214 4308 280 4375 quie
297 4314 412 4378 propter
429 4338 463 4347 -
481 4326 531 4363 nos
550 4309 649 4364 dilexit
667 4328 714 4363 om.
736 4310 759 4363 0
808 4312 843 4364 80
860 4314 1002 4377 tamqnam
1019 4323 1086 4362 oues
1105 4306 1164 4360 RE.
