3075 4967
302 266 364 333 878
776 268 972 337 nppennrx.

308 473 440 557 trition
458 478 631 557 tractatos
649 473 683 556 in
703 474 872 577 psalmon
887 473 1008 557 lxvii.
1026 494 1070 558 or
1084 476 1158 558 eod.
1174 474 1331 559 Parisino
1347 478 1454 561 iton.

505 631 546 695 ln
570 630 697 697 finem
723 630 854 697 Dauid
876 630 1058 713 psalmus
1082 633 1247 699 eantioi.

345 754 552 839 Exsurget
582 756 688 830 dens,
719 760 757 819 et
788 754 1048 835 dissipentur
1084 755 1246 821 inimiei
1268 744 1373 822 eius.
1419 772 1455 823 et

303 858 477 939 specialiter
510 858 702 942 intellegitur
732 859 791 923 iste
820 858 957 939 psalmus
980 866 1011 924 et
1032 859 1229 944 generaliter.
1273 860 1456 941 specialiter

264 989 276 1025 a
305 964 407 1043 ipsum
442 964 600 1028 domiuum
624 962 799 1047 [hortatur]‚
822 970 856 1028 ut
876 969 1023 1048 resurgat
1044 983 1064 1027 a
1085 964 1215 1029 mortuis
1238 972 1269 1029 et
1291 966 1455 1045 disperdat

303 1068 444 1133 inimicos
468 1088 548 1144 suos,
573 1066 630 1133 hoo
654 1072 703 1132 est
725 1066 882 1132 diabolum
904 1074 936 1132 et
958 1068 1125 1133 exereitum
1155 1068 1221 1133 eius
1243 1076 1297 1133 ant
1319 1068 1452 1135 Iudaeos.

303 1170 489 1255 generaliter
512 1179 624 1249 autem,
649 1173 772 1255 quaudo
794 1172 825 1237 in
850 1171 1046 1237 tribulatione
1068 1192 1175 1237 snmus
1198 1180 1229 1238 et
1251 1174 1396 1256 augustia
1417 1181 1453 1240 et

304 1276 451 1341 dieimne:
486 1295 669 1360 exsurge,
693 1276 840 1359 utquid
864 1276 1072 1355 dormitas,
1108 1276 1293 1347 domine?
1338 1279 1452 1343 adiuns

304 1380 375 1447 noe!
421 1379 575 1464 quomodo
606 1385 636 1444 et
663 1379 794 1460 apostoli
818 1380 848 1443 in
873 1378 1014 1445 nauicula
1038 1379 1104 1464 [ad]
1128 1381 1263 1446 excitum
1287 1383 1447 1447 domiuum

252 1506 276 1542 ιο
304 1484 506 1551 dormientem
531 1484 683 1549 dieentes:
708 1484 916 1567 magister,
940 1483 1054 1549 salua
1077 1503 1156 1559 nos,
1180 1487 1370 1565 perimus,

347 1586 395 1653 Et
424 1587 598 1671 fugiant,
634 1587 700 1671 qni
736 1588 913 1654 oderunt
945 1588 1213 1664 eumaiaoie
1247 1590 1344 1655 eius.
1390 1612 1450 1654 non

305 1692 381 1757 dixit
404 1711 551 1773 perenn
562 1698 581 1767 t,
606 1692 661 1757 sed
685 1691 859 1775 fugiant,
882 1691 954 1775 quin
976 1699 1153 1772 peccatores
1168 1693 1201 1756 iu
1216 1700 1385 1774 conspeetu
1401 1695 1450 1759 dei

304 1814 364 1859 non
388 1801 517 1875 possunt
539 1800 629 1861 stare.
677 1796 851 1877 praeuidens
874 1794 1026 1876 propheta
1047 1802 1124 1865 orat.
1148 1804 1240 1862 uteo
1263 1806 1450 1881 exsurgente

305 1898 465 1965 diabolioae
503 1900 724 1965 dominationes
763 1899 919 1984 effugiant,
953 1901 1025 1983 quia
1057 1907 1090 1965 et
1122 1919 1203 1966 nuno
1237 1901 1452 1967 indubitanter

254 2023 278 2061 ιι
304 2004 495 2070 eredendum
520 2010 576 2082 est,
600 2004 682 2087 quod
704 2005 745 2069 ad
768 2004 994 2069 innodationem
1018 2004 1084 2069 eins
1111 2004 1247 2069 nominis
1277 2012 1360 2070 stare
1390 2026 1449 2069 uon

305 2108 433 2189 possint.
477 2107 584 2173 sieut
622 2107 771 2173 definit
808 2108 956 2185 furnus,
994 2108 1215 2173 deiioiant:
1254 2128 1315 2172 nou
1353 2124 1387 2174 ut
1419 2110 1451 2173 in

304 2210 437 2277 nihilum
469 2212 664 2289 reducantur,
699 2210 755 2277 sed
784 2218 818 2276 ιιι
840 2213 1001 2295 quieseant
1023 2231 1041 2275 a
1064 2212 1202 2292 pennatis
1224 2212 1298 2277 suis.
1343 2214 1454 2277 sient

305 2315 402 2381 fluit
424 2336 516 2381 oera
539 2316 687 2381 asaele
710 2316 829 2401 ignis.
877 2316 957 2382 sieut
980 2335 1052 2382 nera
1074 2315 1204 2382 soluitur
1219 2324 1251 2381 et
1265 2336 1327 2381 uon
1351 2318 1454 2398 perdit

305 2426 446 2485 naturam
472 2422 579 2497 suam,
615 2419 670 2485 sod
704 2420 864 2501 rnollescit,
904 2420 948 2485 sio
982 2427 1014 2486 et
1047 2422 1098 2485 isti
1132 2439 1192 2485 uon
1226 2428 1364 2502 pereant,
1396 2422 1454 2486 sed

255 2539 280 2579 ιι
307 2527 464 2605 deponant
486 2523 637 2589 malitium
659 2545 765 2603 suam;
795 2525 893 2590 etsie
922 2530 1139 2589 conuertuntur
1171 2524 1454 2605 ard-paenitentiam

307 2633 338 2693 et
360 2628 525 2693 salsentur.
571 2628 630 2693 sie
652 2635 823 2710 pereant
845 2634 1088 2709 peccatores
1111 2648 1130 2692 a
1152 2627 1261 2693 faeie
1284 2630 1357 2703 dei,
1380 2630 1456 2713 qnia

307 2740 484 2812 peccatores
500 2752 559 2797 uon
577 2738 649 2797 sunt
665 2732 751 2817 digni
766 2731 873 2798 uidere
889 2732 990 2798 deum.
1037 2738 1076 2797 et
1096 2733 1196 2797 insti
1220 2732 1365 2813 epulan
1376 2740 1455 2798 tur:

307 2837 358 2920 qui
384 2842 568 2916 permanent
589 2836 621 2900 in
644 2856 699 2901 sua
721 2836 847 2914 iustitia,
871 2838 924 2923 qni
946 2836 1021 2900 uitia
1036 2856 1096 2901 non
1111 2836 1236 2915 habent,
1261 2835 1457 2901 delectentur

306 2938 337 3002 in
362 2939 485 3003 domino
508 2946 565 3004 eto.

256 3178 281 3218 t
377 3127 509 3210 ιιιιιιι
528 3098 783 3231 exarsionis
801 3127 845 3212 oa
863 3149 918 3232 ps.
937 3128 990 3209 vr.
1009 3134 1046 3212 o
1065 3128 1131 3210 vr.
1150 3148 1194 3212 ar
1212 3128 1287 3211 ιιι.
1306 3128 1387 3210 arim

550 3268 838 3371 toolsoinrtersi,
857 3289 947 3352 nnno
964 3267 1127 3350 dromon
1145 3268 1225 3350 ιιι.

352 3424 487 3509 Singulis
519 3426 609 3491 rebus
639 3425 839 3507 imponuntur
869 3427 1003 3503 uomina,
1034 3434 1066 3491 ut
1090 3447 1128 3490 err
1149 3425 1324 3490 nominibus
1346 3436 1379 3489 ot
1405 3446 1455 3491 res
1536 3459 1537 3486 ι

308 3538 550 3615 cognomentum
573 3530 618 3595 sio
642 3536 673 3594 et
695 3530 807 3611 psalmi
831 3529 925 3595 titulis
948 3530 1108 3612 praenotati
1132 3533 1212 3607 sunt,
1235 3534 1269 3594 ut
1292 3549 1327 3594 en
1355 3528 1456 3593 titulis

308 3632 521 3718 intelligantur
544 3639 576 3698 et
599 3633 719 3715 psalmi.
765 3634 889 3718 quintus
912 3633 1051 3715 psalmus
1073 3633 1132 3699 hoo
1156 3632 1242 3698 titulo
1264 3638 1454 3713 praenotatus

256 3758 281 3797 aa
309 3746 371 3804 est:
395 3738 433 3802 iu
456 3736 582 3803 linem
607 3758 676 3821 pro
700 3758 851 3822 eaquae
877 3737 1454 3820 hereditatemoouseqoitur:

308 3848 412 3907 sextus
436 3840 572 3923 psalmus
596 3842 655 3908 hoe
678 3842 764 3908 titulo
788 3841 1054 3927 praenotator1in
1078 3841 1204 3907 linem
1227 3841 1264 3905 in
1289 3840 1453 3924 hymnis

308 3965 376 4027 pro
410 3952 560 4023 ostana,
596 3946 779 4027 psalmus
813 3947 953 4021 Dauid,
987 3947 1039 4031 qui
1074 3952 1106 4011 et
1139 3946 1206 4027 ipse
1239 3946 1297 4011 sub
1332 3944 1453 4010 alleluia
1535 3969 1536 4020 1

352 4134 453 4191 ndffid
506 4136 635 4191 hortatur
653 4138 749 4206 addidi,
768 4138 804 4206 cs.
819 4156 848 4208 p.
862 4135 925 4203 277,
945 4138 979 4189 II
1031 4136 1101 4190 aad
1120 4138 1210 4191 addidi
1264 4139 1298 4191 lt
1316 4136 1453 4219 diabolice

310 4243 342 4295 15
361 4244 399 4309 qd
455 4244 485 4296 lti
504 4242 592 4310 possit
646 4247 713 4295 dut
769 4242 957 4309 respersit
1013 4244 1043 4295 19
1061 4241 1193 4295 mollireit
1246 4242 1277 4295 81
1301 4242 1330 4294 in
1353 4239 1450 4309 ymnis.
