3075 4967
334 270 393 335 190
666 270 785 323 sancti
810 270 942 323 Hilarii
967 271 1131 338 episcopi

329 462 511 537 noscendus,
535 462 591 525 sed
615 461 712 524 deus
736 460 865 536 laceb,
889 461 993 537 idest,
1018 460 1099 543 quia,
1123 461 1223 544 quiin
1240 459 1365 524 homine
1381 460 1466 524 Iacob

329 567 406 629 dens
428 563 602 630 intellectus
619 572 650 630 at
664 565 748 629 uisus
765 571 822 642 est,
845 565 1019 629 dominator
1034 564 1075 628 sit
1090 570 1181 630 terrae
1204 562 1321 636 finium.
1345 584 1466 648 quorum

329 675 360 732 et
382 676 503 734 creator
525 677 573 733 est
596 667 799 733 confitendus,

374 773 423 836 12.
448 773 510 838 Sed
533 772 601 838 illos
623 773 748 839 interim
773 773 968 838 desolationis
991 794 1027 837 aa
1051 773 1252 854 dispersionis
1284 794 1346 838 suae
1371 786 1466 837 manet

289 905 302 942 a
330 896 427 956 poeua.
474 897 547 942 nam
570 878 627 942 atsi
658 877 915 942 consummationi
950 885 1122 959 temporum
1155 883 1285 959 propter
1319 883 1419 959 patras
1441 889 1465 941 et

329 980 443 1046 electos
461 982 526 1047 lraec
543 983 733 1062 dispensatio
749 983 969 1047 misericordiae
985 993 1170 1052 reseruetur,
1193 983 1355 1047 interiecto
1371 989 1467 1046 tamen

329 1086 508 1166 diapsalma,
532 1088 607 1169 quid
629 1087 661 1150 in
678 1107 731 1152 eos
746 1087 873 1151 interim
888 1087 1019 1168 repetita
1035 1085 1261 1170 significatione
1276 1086 1467 1152 constitutum

329 1189 428 1264 suerit,
466 1191 646 1255 ostenditur.
692 1193 833 1274 sequitur
872 1191 971 1255 enim:
1018 1197 1055 1256 et
1100 1197 1398 1255 conuertentur
1435 1189 1468 1252 in

328 1314 546 1374 uesperum
569 1301 607 1359 et
630 1295 777 1360 famem
800 1295 1013 1376 patientur
1035 1300 1076 1359 ut
1098 1314 1219 1359 canes
1237 1295 1470 1360 etcircumi·

277 1425 301 1460 ιο
328 1397 673 1464 buntoiuitatem.
718 1399 800 1479 ipsi
824 1401 1122 1482 dispergentur
1155 1400 1201 1462 ad
1237 1399 1470 1463 manducan-

328 1503 432 1568 dum:
456 1505 489 1568 si
512 1511 647 1568 autem
670 1523 746 1567 non
771 1504 1076 1588 saturabuntur,
1101 1509 1138 1567 et
1161 1502 1471 1567 murmurabunt.

329 1608 444 1672 amissa
473 1609 597 1673 ciuitate
629 1607 807 1691 temploque
831 1610 955 1673 deserto
979 1614 1009 1671 at
1032 1609 1203 1672 secundum
1239 1609 1359 1672 romani
1392 1607 1471 1690 regis

328 1712 430 1776 edicta
452 1713 680 1777 circumeuntes
704 1717 833 1790 tantum,
858 1732 917 1776 non
941 1713 1035 1777 etiam
1051 1713 1192 1777 ineuntes
1209 1713 1368 1777 ciuitatem
1385 1711 1470 1775 samis

329 1836 381 1880 eos
415 1836 476 1880 non
510 1816 601 1881 huius
634 1817 723 1897 panis
747 1825 778 1881 st
812 1817 883 1894 cibi,
918 1817 972 1881 sed
1007 1815 1205 1894 oblationum,
1241 1814 1410 1880 hostiarum
1443 1829 1469 1879 st

277 1944 302 1979 a
327 1921 490 1993 uisionum
534 1921 646 2003 quibus
694 1921 838 1985 omnibus
877 1921 1099 1998 saturabantur,
1139 1919 1271 1998 adficiet,
1309 1920 1469 1984 aduersum

329 2025 487 2090 custodem
503 2044 594 2088 suum
609 2043 722 2088 canum
737 2025 924 2104 inprobitate
937 2023 1093 2090 latrantes.
1117 2032 1156 2089 et
1178 2024 1376 2107 disperge
1386 2043 1405 2086 n
1415 2030 1471 2088 tur

328 2129 373 2192 ad
407 2129 745 2193 manducandum:
782 2128 853 2211 quia
887 2149 943 2209 per
978 2129 1102 2194 diuersa
1136 2129 1274 2209 speciem
1309 2129 1467 2193 sacerdotii

329 2231 409 2297 illius
443 2233 574 2317 legitimi
607 2241 638 2299 et
673 2231 840 2297 holocausti
875 2240 906 2298 et
937 2233 1181 2297 circumcisionis
1205 2233 1372 2308 imitantur,
1405 2253 1469 2298 cunr

329 2335 396 2401 haec
430 2344 550 2402 tantum
583 2358 644 2402 non
679 2339 738 2402 nisi
770 2338 850 2400 intra
875 2335 1122 2420 Hierosolymam
1156 2338 1218 2402 sint
1241 2336 1380 2420 legitima
1404 2357 1470 2402 con·

277 2461 302 2497 πο
329 2441 444 2505 stituta.
491 2442 547 2506 sed
581 2444 621 2507 ad
653 2442 904 2507 manducandum
939 2441 1070 2520 dispersi
1102 2461 1161 2504 non
1186 2449 1368 2506 saturantur.
1416 2461 1470 2504 non

329 2546 412 2609 enim
436 2546 496 2610 nisi
520 2548 634 2611 sanctis
658 2553 689 2612 et
712 2547 769 2611 dao
794 2546 913 2626 placitis
936 2551 968 2610 et
990 2544 1045 2609 loci
1082 2545 1177 2625 ipsius
1213 2565 1249 2610 ac
1274 2545 1380 2626 templi
1407 2565 1471 2610 con-

330 2650 487 2715 stitutione
510 2650 663 2734 religiosis
693 2649 950 2716 sollemnitatibus
982 2648 1193 2730 explebuntur.
1240 2650 1295 2714 sed
1319 2649 1422 2714 adhuc
1446 2667 1471 2713 er

330 2754 653 2819 murmurabunt:
689 2775 727 2820 ne
763 2755 819 2818 lrac
855 2755 981 2837 quidem
1013 2753 1095 2818 farne
1126 2752 1326 2818 lestiuitatum
1350 2773 1471 2818 suarum

330 2858 465 2936 edomiti,
487 2866 521 2923 ut
544 2859 716 2923 secundum
739 2878 886 2934 murmur,
910 2879 970 2940 quo
994 2857 1024 2921 in
1049 2859 1170 2922 deserto
1194 2858 1287 2922 deum
1311 2859 1474 2922 exacerba-

277 2978 302 3014 25
330 2968 448 3040 uerunt,
472 2963 658 3044 paenitentiae
682 2963 786 3046 quiete
812 2963 1000 3042 resipiscant.

375 3087 386 3137 1
404 3084 469 3152 quia
478 3085 525 3153 qui
537 3085 633 3137 Beacd.
644 3087 671 3137 ia
680 3087 749 3145 adn..
761 3085 826 3153 qnia
841 3083 933 3137 VRPa
944 3083 990 3152 qui
1001 3103 1031 3136 ea
1041 3084 1106 3152 quia
1117 3085 1141 3135 Τ
1150 3084 1217 3150 quis
1252 3082 1438 3137 ddominator
1447 3101 1470 3134 rr

329 3171 516 3225 dominabitur
540 3189 574 3224 m.
598 3169 618 3223 2
648 3170 670 3222 V
721 3173 737 3224 ὅ
758 3177 918 3239 temporum
936 3189 966 3224 ea
984 3176 1137 3238 temporam
1157 3189 1189 3224 m.
1210 3170 1229 3222 ἑ)
1253 3169 1277 3224 V
1328 3169 1434 3223 dhane
1452 3169 1476 3221 P

473 3253 486 3278 0

329 3293 481 3361 dispensati
499 3312 565 3346 cora.
584 3313 617 3346 m.
637 3292 699 3346 :211
749 3293 851 3361 iquid
870 3312 899 3346 aa
918 3291 1001 3360 quide
1021 3311 1053 3345 m.
1069 3293 1125 3344 rV
1175 3293 1204 3346 in
1223 3311 1252 3345 ar
1270 3292 1343 3345 inter
1363 3311 1394 3344 nr.
1417 3287 1476 3358 :lll'

329 3381 429 3434 toanis
443 3381 466 3432 V
511 3379 701 3434 circuibuntlt
748 3380 914 3434 ldineuntes
924 3399 954 3432 aa
963 3396 1018 3432 non
1028 3379 1155 3432 ineuntes
1166 3379 1227 3431 aa?
1240 3379 1441 3433 Vintroeuutcs
1453 3378 1474 3428 T

328 3467 414 3521 fames
423 3467 501 3521 ΡΙἜ
549 3469 641 3522 ldaad
653 3467 709 3522 cibi
722 3467 748 3519 P
757 3467 814 3521 cibi
824 3468 849 3519 T
900 3466 1075 3520 ostiarumV
1119 3465 1472 3520 dtuisionumliuisionum

334 3555 436 3608 Wrs'
488 3557 519 3608 15
537 3555 734 3608 saturabantur
753 3551 882 3620 (abeatur
900 3555 960 3606 odd.
980 3571 1011 3606 m.
1032 3553 1051 3605 2
1069 3553 1104 3616 V)
1123 3552 1216 3606 VBToe
1228 3554 1427 3606 saturabuntur
1442 3551 1472 3604 l'r

331 3646 362 3696 17
382 3641 585 3696 manducantur
604 3659 634 3694 aa
652 3640 875 3694 manducandum
894 3658 926 3692 m.
946 3641 965 3691 2
988 3640 1013 3693 V
1063 3641 1210 3694 sacerdotii
1239 3640 1313 3693 illius
1338 3658 1368 3692 er
1385 3655 1473 3693 sacar·

328 3730 454 3784 dotillius
473 3748 506 3781 m.
523 3726 543 3782 3
561 3729 588 3782 R
611 3727 759 3782 sacerdotii
784 3727 854 3780 alius
879 3745 909 3780 aa
932 3727 1119 3781 sacerdotium
1143 3727 1213 3781 alius
1240 3746 1273 3781 m.
1292 3728 1312 3779 2
1335 3727 1360 3780 V
1384 3743 1473 3781 sacer·

328 3817 399 3870 datii
416 3816 484 3870 alias
503 3835 545 3868 aa.
569 3814 685 3868 Vatrec.
740 3815 774 3868 18
791 3815 926 3868 olocausti
950 3814 973 3866 V
989 3813 1070 3868 holon
1087 3813 1195 3867 ÷austl
1219 3812 1432 3868 Pholochausti
1453 3813 1474 3863 T

332 3906 363 3957 19
376 3903 534 3956 inteainT
579 3901 786 3955 hierosolimam
799 3899 1016 3970 Rhiarosolyma
1029 3899 1077 3954 VT
1117 3899 1472 3968 20dispesai÷(arcs.ull

332 3989 355 4039 B
407 3992 438 4042 21
460 3989 513 4042 nisi
541 4006 589 4040 om.
625 3988 685 4042 Vra
738 3987 824 4055 ipsius
852 3988 950 4056 templi
978 4005 1009 4041 ac
1037 3986 1236 4042 constitutione
1261 3987 1285 4040 V
1310 3987 1397 4056 ipsius
1424 3985 1472 4038 hac

330 4075 427 4144 templi
452 4074 682 4128 constitutioned
752 4077 787 4128 22
813 4075 1035 4128 solemnitatibus
1056 4075 1108 4127 TE
1177 4070 1474 4128 &murmurabuntll

330 4161 925 4226 murmurabunt(eamor1ourabuntnrm.⁶.)
944 4161 978 4226 V)
998 4161 1084 4214 VPrt
1121 4149 1172 4216 ’23
1191 4163 1262 4215 lamo
1281 4163 1341 4216 add.
1361 4159 1429 4214 m.2
1455 4157 1476 4208 V

331 4250 366 4301 24
383 4254 415 4303 ut
433 4267 482 4302 om.
500 4249 526 4302 R
579 4247 619 4316 qd
637 4247 667 4302 in
685 4247 794 4302 deserto
812 4249 837 4301 lt
890 4251 924 4302 25
942 4248 1107 4316 resipiscant
1125 4267 1155 4301 ar
1173 4249 1336 4317 resipistant
1357 4267 1391 4301 m.
1409 4250 1428 4298 2
1446 4245 1473 4296 l'.
