3075 4967
305 272 346 337 50
643 274 761 326 sanati
784 272 917 327 Hilarii
945 272 1110 341 episcopi

305 482 388 527 sum
419 468 457 527 et
487 482 559 526 nou
593 462 787 526 demutor.
832 461 926 527 beata
958 459 1011 525 illa
1040 466 1072 526 et
1103 461 1242 543 perfecta
1263 468 1436 545 aeterneque

304 567 425 632 uniatis
459 566 579 632 bouitas
613 586 674 630 non
709 566 823 649 patitur
852 566 1086 631 conuersionem
1118 585 1176 631 naa
1206 567 1376 631 demutatur
1405 585 1437 630 er

304 670 364 735 alio
387 672 417 736 in
441 669 524 735 aliud
547 676 631 735 motu
654 670 823 735 accidentis
846 670 1017 734 instinctus.
1062 684 1092 735 et
1125 669 1185 735 hoc
1214 668 1265 734 hio
1299 670 1380 734 idem
1400 670 1437 733 sic

304 781 409 841 sancto
432 775 540 856 spiritu
562 775 691 858 loquens
716 774 870 858 propheta
892 780 1029 852 testatur,
1052 774 1174 839 dicens:
1198 776 1295 840 deus
1319 774 1437 839 iustus

266 879 432 955 sinder,
466 880 590 944 fortis
620 884 658 943 et
687 880 983 963 magnanimus,
1016 878 1213 961 numquid
1246 879 1438 943 irascetur

306 1004 374 1064 per
411 982 598 1067 singulos
636 983 749 1047 dies?
801 982 883 1047 uisi
921 983 1230 1059 conuertimini‚
1267 982 1438 1068 gladium

187 1092 209 1113 ’·
305 1107 415 1152 suum
445 1086 634 1165 uibrauit,
679 1107 816 1153 arcum
854 1106 967 1152 suum
1001 1087 1182 1152 tetendit
1215 1096 1254 1151 et
1286 1086 1439 1168 parauit

306 1191 435 1270 illum;
470 1192 575 1279 etin
608 1192 698 1273 ipso
728 1191 893 1273 parauit
931 1212 1027 1256 uasa
1064 1191 1224 1268 mortis,
1270 1191 1440 1275 sagittas

306 1316 398 1361 suas
422 1297 579 1361 arsuris
603 1302 798 1377 operatus
822 1304 891 1360 est.
921 1315 982 1359 non
1007 1316 1083 1379 ergo
1112 1296 1152 1359 ad
1185 1296 1264 1359 iram
1287 1294 1441 1377 magnani-

254 1428 277 1463 ιο
305 1420 374 1465 mus
398 1403 582 1478 demutatur,
606 1400 664 1467 sed
686 1408 796 1481 potens
817 1400 910 1466 iudex
932 1420 1058 1480 poenaru
1089 1400 1227 1465 decreuit
1256 1400 1296 1464 ad
1319 1398 1440 1479 culpam.

304 1524 376 1569 nam
400 1524 461 1569 uon
486 1506 736 1571 concertantibus
759 1504 899 1588 gladium
924 1504 1055 1569 uibrauit
1089 1510 1120 1569 et
1142 1522 1248 1568 arcum
1270 1502 1398 1568 tetendit
1415 1513 1442 1565 et

304 1608 335 1672 in
360 1628 395 1673 eo
417 1609 537 1689 parauit
567 1628 642 1674 uasa
671 1610 787 1686 mertia,
818 1608 948 1691 sagittas
978 1627 1051 1673 suas
1081 1608 1197 1673 arsuris
1228 1615 1371 1688 operatus
1392 1612 1441 1671 est

305 1718 448 1793 operatus
469 1717 573 1779 autern
596 1718 644 1777 est
666 1733 726 1777 non
750 1714 791 1777 ad
812 1720 928 1776 motum
950 1712 1004 1777 irae
1027 1713 1205 1792 repentina,
1228 1731 1299 1795 quse
1321 1731 1377 1791 per
1397 1730 1442 1775 cu-

305 1816 463 1897 piditatem
487 1816 656 1883 ulciscendi
679 1816 780 1881 subito
803 1836 933 1881 secema
955 1816 1001 1894 sit,
1025 1815 1081 1881 sed
1104 1826 1248 1897 operatus
1264 1815 1442 1890 arsurisest

254 1945 278 1983 ra
305 1920 358 2003 qui
380 1942 436 2002 per
458 1922 689 2002 inpaenitentem
719 1919 910 1985 uoluntatem
939 1921 998 2002 ipsi
1030 1940 1065 1985 se
1099 1920 1285 1985 constituent
1307 1920 1443 1983 urendos.

305 2029 336 2089 et
365 2024 424 2103 hia,
447 2027 500 2109 qui
531 2045 592 2090 uon
623 2030 880 2102 comederentur,
903 2023 1026 2108 gladius
1060 2025 1199 2090 uibratus
1232 2031 1289 2101 est
1322 2043 1383 2088 non
1412 2040 1444 2086 ex

309 2128 518 2195 demutatione
534 2130 587 2194 irae
603 2129 794 2210 promendus
809 2131 849 2194 ad
864 2128 1002 2214 singulos
1014 2165 1055 2175 -
1067 2128 1278 2212 nequeenim,
1294 2129 1349 2211 qui
1363 2144 1444 2209 mag·

312 2232 453 2298 uenimus
469 2239 525 2311 est,
548 2252 604 2315 per
626 2233 693 2299 dies
708 2233 847 2318 singulos
863 2234 1005 2299 irascitur
1021 2270 1062 2280 -
1079 2233 1134 2297 sed
1149 2233 1222 2315 quie
1236 2232 1383 2297 iudicium
1398 2232 1445 2294 de

312 2338 415 2415 creuit,
439 2337 562 2421 gladius
586 2338 651 2403 eius
674 2358 712 2403 ex
734 2356 833 2419 poenae
864 2338 1081 2403 constitutione
1110 2338 1174 2401 iem
1202 2342 1364 2418 promptus
1396 2340 1445 2399 est

254 2464 280 2500 ro
313 2460 367 2519 psa
389 2447 491 2506 autem
516 2441 649 2522 poenalis
671 2442 778 2507 iudicii
802 2440 952 2523 spiritalia
973 2441 1148 2506 ministeria
1176 2441 1208 2504 in
1231 2439 1346 2525 gladio,
1369 2458 1445 2517 arcu,

313 2544 496 2629 sagittisque
519 2552 742 2624 memorantur;
774 2566 843 2629 quae
866 2546 939 2628 quia
959 2550 1132 2627 praeparata
1153 2543 1306 2610 habentur
1328 2543 1447 2612 arsuris.

305 2667 365 2713 non
389 2668 426 2713 ax
448 2654 533 2713 motu
556 2650 610 2714 irae
640 2650 833 2730 temporariae
863 2660 1085 2730 preparantur,
1115 2648 1171 2714 ssd
1201 2668 1238 2713 ea
1267 2668 1306 2713 ex
1336 2645 1447 2713 decreti

306 2752 520 2819 constitutione
567 2754 828 2835 temperatissima
858 2755 934 2819 deus
968 2753 1113 2819 bonitatis
1147 2772 1209 2817 suae
1243 2751 1448 2836 aequabilitate

305 2858 482 2921 moderatus
505 2867 568 2923 est:
592 2877 654 2923 non
676 2858 826 2924 occultam
849 2857 965 2924 scilicet
988 2857 1213 2923 constitutionis
1236 2857 1333 2937 ipsius
1361 2855 1447 2919 huius

254 2983 278 3021 os
306 2962 502 3025 seueritatem
526 2968 556 3026 et
578 2962 770 3046 incognitam
792 2961 1004 3046 relinquendo,
1028 2970 1238 3044 terroremque
1254 2962 1320 3025 eius
1336 2960 1448 3025 denun-

305 3063 481 3129 tiationibus
504 3067 732 3146 promouendo,
757 3071 788 3131 et
809 3066 909 3148 ipsam
925 3066 1019 3144 illam,
1044 3066 1243 3130 constitutam
1258 3064 1336 3140 licet
1360 3062 1448 3146 longe

304 3173 408 3233 tamen
431 3168 472 3232 ad
493 3170 612 3250 peccati
635 3170 845 3251 paenitentiam
868 3169 1014 3235 dilatione
1036 3168 1229 3234 remorando.

346 3274 363 3324 4
381 3272 425 3325 Ps.
443 3272 503 3341 VII,
524 3276 565 3327 12.

340 3395 352 3446 l
373 3398 402 3447 et
410 3394 548 3462 perfectae
568 3400 750 3464 aeternaeque
768 3396 794 3450 V
808 3396 1146 3464 etpersectaaeternaque
1158 3396 1186 3446 E
1229 3392 1415 3447 descedentis
1429 3391 1451 3444 l'

303 3484 332 3533 et
348 3480 402 3534 hoo
419 3480 465 3534 hio
484 3481 556 3535 idem
577 3486 672 3536 sancto
686 3482 713 3537 V
727 3487 755 3536 at
772 3482 827 3535 hoc
844 3482 918 3535 idem
936 3482 982 3536 hie
995 3486 1091 3536 saneto
1101 3483 1130 3534 Ε
1145 3482 1180 3551 cs.
1190 3482 1235 3535 Pa.
1253 3480 1330 3533 CXX
1346 3498 1404 3551 cop.
1418 3478 1448 3531 11

303 3569 321 3620 4
348 3566 454 3635 profete
495 3568 521 3621 V
552 3568 704 3637 prophaeta
731 3570 757 3622 R
827 3572 844 3623 5
871 3569 955 3622 iudex
980 3570 1070 3622 iustus
1097 3570 1153 3623 RE
1215 3567 1400 3636 magnanimis
1425 3566 1449 3619 R

303 3653 434 3707 irascitur
458 3655 483 3707 lt
535 3656 552 3709 6
577 3656 704 3709 conuersi
730 3656 839 3710 fueritis
865 3656 921 3709 RE
971 3659 987 3709 7
1015 3659 1044 3708 et
1070 3672 1165 3709 arcum
1184 3673 1263 3709 suum
1283 3656 1339 3708 RE
1389 3656 1450 3708 set

303 3740 333 3792 in
351 3756 383 3793 eo
394 3740 448 3793 RE
498 3741 733 3811 dmagnianimus
748 3742 774 3795 V
824 3742 856 3795 10
872 3742 1058 3811 deputaturll
1111 3745 1142 3796 ll
1162 3742 1285 3796 uibrabit
1298 3744 1324 3796 R
1378 3744 1411 3795 12
1423 3744 1450 3793 et

304 3825 419 3895 sagittas
436 3844 500 3883 suas
512 3829 563 3882 Vn*
614 3830 646 3883 le
664 3830 826 3897 repentinae
839 3828 935 3884 iraeE
986 3844 1056 3897 quae
1073 3846 1125 3897 per
1143 3848 1174 3883 ea
1191 3828 1413 3898 quorsumn?
1429 3827 1451 3880 l'

305 3914 336 3966 15
364 3907 632 3969 constituantmur⁰⁵
652 3920 680 3968 at
697 3915 740 3969 his
759 3934 826 3969 corr.
843 3915 915 3969 m.2
938 3916 963 3970 V
1017 3919 1049 3970 16
1068 3921 1271 3970 conuertuntur
1289 3935 1320 3969 aa
1337 3932 1450 3969 annuet*

305 4004 429 4054 terantur
447 4020 480 4053 m.
500 4002 519 4053 ⁶.)
542 4003 608 4065 V(e)
665 4003 696 4056 17
715 4002 917 4071 magnianimus
940 4003 966 4057 V
1015 4004 1050 4057 20
1068 4003 1195 4056 arcusV
1245 4004 1278 4057 21
1298 4019 1370 4071 quae
1387 4000 1450 4070 quis

305 4094 486 4171 praeparatus
500 4090 526 4143 V
540 4108 570 4157 q;
590 4095 623 4157 qt
642 4089 840 4158 praeparataR
858 4090 924 4158 quia
940 4094 1106 4158 praeparata
1115 4090 1144 4141 Ε
1200 4092 1235 4143 23
1250 4085 1450 4158 aequalitateR

304 4173 527 4230 mantuanis
558 4162 816 4258 auctmeognaia
842 4175 1207 4245 aotenganimitatemadlt
1233 4176 1448 4231 remotionen

305 4258 468 4316 dilatatione
488 4262 519 4315 li.
