3075 4967
298 235 360 300 776
635 237 756 292 sancti
780 228 917 290 Hilsrii
940 235 1105 306 episcopi

298 427 547 494 contentionibus
570 425 658 494 labor
692 429 733 492 sit
765 435 797 492 et
819 447 956 512 pugnum
977 429 1175 494 meditentur.
1221 428 1272 493 isti
1305 427 1443 493 infelices

297 532 416 598 animas
443 532 628 616 extinguunt
650 531 736 598 etin
759 551 875 598 nanum
896 531 1044 598 ecclesias
1065 532 1124 598 sibi
1140 540 1344 617 congregant
1367 551 1443 614 ques

298 637 440 702 ciuitates
463 637 516 701 dei
546 637 718 702 secundum
752 635 966 718 propheticam
990 642 1021 702 et
1042 637 1258 720 euangelicam
1280 643 1443 702 consuetu·

297 740 402 808 dinem
429 739 598 822 nuncupari
621 739 771 825 frequens
794 746 825 806 et
846 740 978 822 plurima
999 741 1163 808 auctoritas
1185 747 1242 806 est
1286 739 1346 806 hoc
1368 760 1442 824 ergo

256 869 269 908 ι
297 843 491 928 significatur
513 843 564 909 bis
586 843 693 911 dictis:
721 844 802 909 uiri
825 845 1071 929 sanguinum
1095 844 1305 911 declinate
1327 865 1346 909 a
1369 865 1442 920 me;

296 948 389 1032 quic
434 948 725 1014 contentiones
763 949 804 1013 in
841 949 1117 1033 cogitatione:
1155 949 1368 1030 accipient
1405 951 1440 1013 in

296 1072 441 1118 uanum
464 1053 662 1118 ciuitates
685 1072 788 1118 suas.
831 1053 890 1118 uiri
903 1054 1089 1138 sanguinum
1106 1061 1179 1119 sunt
1193 1061 1321 1135 propter
1334 1054 1442 1134 deper-

237 1201 240 1208 ·
296 1157 432 1223 diturum
449 1157 621 1222 animarum
637 1164 775 1237 reatum;
797 1156 954 1224 declinare
969 1157 1119 1232 iubentur,
1142 1158 1215 1241 qnia
1229 1157 1440 1223 contentiones

295 1260 326 1326 in
351 1261 536 1344 cogitatione
559 1266 646 1340 sunt;
680 1261 712 1326 in
748 1281 863 1327 uanam
899 1262 1037 1328 ciuitates
1071 1262 1121 1327 dei
1144 1261 1307 1342 accipiunt
1328 1260 1440 1326 infruc-

244 1387 269 1426 to
297 1369 457 1430 bresetum
482 1364 684 1430 ecclesiarum
709 1371 807 1432 coetns
830 1385 886 1446 per
901 1366 1102 1432 schismatum
1120 1365 1249 1432 discidia
1264 1367 1440 1431 reddentes

340 1469 391 1533 46.
416 1467 478 1535 Sed
502 1468 600 1551 plane,
623 1469 695 1554 quia
718 1490 780 1554 pax
802 1477 834 1535 et
856 1470 972 1536 institia
1001 1478 1033 1536 et
1060 1470 1176 1536 ueritm
1198 1475 1254 1548 est,
1284 1469 1439 1534 adfectum

295 1575 327 1638 in
344 1592 396 1640 eos
415 1593 506 1638 suum
522 1573 657 1639 ostendit
680 1573 803 1639 dicens:
836 1594 968 1639 nonne
990 1575 1182 1641 odientes
1204 1581 1250 1652 te,
1273 1573 1438 1650 domine,

295 1677 406 1743 odiui
440 1685 479 1742 et
514 1697 637 1759 super
670 1677 864 1744 inimicos
899 1685 989 1744 tuos
1026 1677 1314 1744 tabescebam?
1358 1697 1438 1760 per·

295 1780 403 1848 fecto
439 1782 531 1847 odio
566 1784 727 1848 oderam
763 1803 848 1862 cos;
881 1782 1041 1848 inimici
1075 1783 1176 1848 iacti
1209 1789 1303 1849 sunt
1333 1781 1437 1846 mihi.

249 1904 274 1944 re
301 1891 349 1951 est
372 1885 553 1970 religiosum
575 1885 689 1964 odium,
712 1887 918 1972 quotiensque
939 1888 967 1952 is
989 1887 1080 1954 nobis
1103 1887 1173 1954 odio
1194 1893 1252 1965 est
1275 1887 1328 1971 qni
1346 1887 1436 1952 deum

295 1989 369 2054 odit.
416 1990 559 2056 inimicos
582 1989 707 2074 quidem
731 1998 852 2056 nostros
874 2011 980 2056 amare
1002 1991 1217 2072 precipimnr3
1240 1993 1295 2057 sed
1311 1997 1436 2066 nostros

294 2113 360 2158 non
384 2100 416 2159 et
431 2093 490 2160 dei.
536 2114 609 2160 nam
625 2094 710 2159 iurte
726 2097 820 2160 deum
842 2101 874 2160 et
894 2102 1016 2176 patrem
1032 2104 1063 2161 et
1078 2100 1212 2160 matrem
1227 2100 1260 2160 et
1272 2095 1435 2178 coniugem

295 2207 327 2262 et
361 2197 443 2262 tilios
477 2204 508 2262 et
540 2198 653 2264 iratres
687 2199 792 2264 odisse
826 2199 972 2264 deuotum
1002 2206 1057 2266 est
1104 2200 1171 2266 odit
1199 2219 1276 2282 ergo
1298 2197 1434 2263 odientes

295 2302 385 2367 deum
421 2308 451 2367 et
486 2303 679 2368 inimicorum
715 2301 786 2369 odio
821 2303 953 2368 tabescit
985 2314 1017 2368 et
1039 2305 1105 2371 odit
1126 2304 1200 2369 odio
1234 2303 1378 2383 perfecto,
1406 2307 1434 2366 et

242 2427 268 2470 ao
294 2404 410 2473 inimici
433 2406 491 2472 sibi
515 2406 590 2473 facti
613 2413 692 2472 sunt.
738 2426 801 2473 non
835 2408 918 2474 enim
953 2407 1037 2473 filius
1067 2408 1210 2473 diuersus
1232 2427 1251 2471 a
1274 2419 1360 2488 patre
1382 2414 1433 2480 est

296 2515 330 2575 nt
353 2530 412 2575 non
437 2509 525 2576 elteri
548 2511 692 2578 inimicus
715 2513 838 2597 utrique
862 2511 916 2578 fiat
936 2512 1088 2578 inimicus.

341 2615 391 2679 47.
416 2613 577 2680 Concludit
607 2617 720 2682 deinde
751 2615 901 2682 libertatis
931 2634 995 2681 suae
1015 2615 1131 2682 fiducia
1152 2614 1317 2699 simulque,
1337 2620 1371 2679 nt
1392 2633 1433 2677 ea.

295 2738 364 2803 quae
388 2738 445 2799 per
466 2719 692 2800 prescientiam
724 2727 885 2804 tamqnam
915 2726 1004 2805 geste
1033 2725 1267 2794 memorsuerat
1294 2737 1373 2784 nnnc
1394 2719 1432 2782 ad

295 2823 589 2889 demonstrationem
614 2825 763 2904 temporis
787 2825 928 2910 gerenda
949 2829 1144 2903 monstraret,
1169 2824 1293 2890 dicens:
1315 2821 1431 2904 proba

241 2948 272 2988 ee
299 2947 366 3004 me,
390 2928 496 3004 dens,
521 2935 559 2993 et
582 2928 687 2995 scito
711 2949 779 2994 cor
802 2948 942 3006 meum;
965 2929 1180 3012 interroga
1203 2927 1428 2994 meetscito

293 3031 467 3096 semitas
490 3052 607 3098 meas.
641 3039 681 3098 et
702 3032 804 3112 uide,
828 3034 862 3098 si
885 3033 949 3097 uia
971 3031 1215 3116 iniquitatis
1235 3033 1274 3097 in
1294 3037 1428 3097 meost

293 3142 330 3200 et
353 3137 482 3202 deduc
505 3156 563 3201 me
587 3136 625 3201 in
648 3137 753 3203 uiam
779 3143 979 3202 aeternam.
1023 3135 1170 3201 hnmanae
1191 3142 1309 3202 nature
1322 3134 1427 3200 fiducia

295 3239 355 3304 ista
378 3260 440 3305 non
463 3247 518 3316 est,
541 3249 574 3306 ut
595 3241 720 3323 probari
743 3261 777 3306 se
801 3241 883 3319 uelit,
907 3247 942 3306 nt
962 3241 1035 3306 sciri
1057 3261 1110 3306 cor
1132 3261 1225 3306 suum
1241 3239 1377 3322 postulet
1397 3247 1427 3300 ut

296 3343 443 3428 cognosci
475 3344 604 3410 semitas
634 3364 705 3410 suas
736 3352 886 3428 expectet
916 3351 951 3410 ut
971 3345 1082 3426 inspici
1105 3364 1166 3409 non
1191 3351 1317 3422 metuat
1336 3343 1360 3408 si
1380 3341 1427 3404 uia

339 3555 401 3606 let
424 3569 518 3621 pugna
544 3552 717 3607 meditantur
740 3554 766 3606 R
819 3553 866 3607 isti
893 3571 924 3606 cc
950 3552 998 3606 isit
1024 3571 1057 3606 m.
1076 3552 1094 3605 1
1112 3553 1138 3606 R
1190 3547 1426 3621 intinguuntG

292 3635 440 3709 extingunt
458 3641 504 3692 Rc
556 3639 671 3693 eclesias
691 3640 716 3692 G
770 3642 835 3694 bct
852 3633 1424 3709 euangeliodGeuangelicsteusngeli·

292 3741 407 3794 comque
435 3726 463 3778 E
513 3726 578 3781 din
605 3727 789 3796 cogitationes
816 3729 843 3781 R
894 3728 959 3781 sin
986 3744 1088 3781 uanum
1116 3727 1143 3780 R
1169 3727 1199 3780 hi
1225 3727 1256 3781 in
1282 3739 1374 3781 umam
1397 3720 1424 3772 E

293 3813 326 3865 10
343 3812 461 3867 discidia
480 3815 531 3866 GR
549 3813 664 3867 dissidia
682 3815 711 3866 Ε
762 3815 796 3868 ln
813 3815 923 3868 odiente
941 3814 1052 3869 domino
1071 3815 1097 3867 R
1151 3815 1185 3867 14
1202 3831 1249 3868 coe
1276 3813 1302 3867 R
1327 3812 1380 3864 illos
1398 3807 1425 3859 Ε

295 3899 327 3952 15
346 3899 529 3968 quotiensque
555 3901 579 3953 is
605 3903 699 3972 scripsi
724 3901 907 3970 quotiensque
925 3901 956 3954 in
975 3901 1002 3953 G
1018 3901 1245 3970 quotiensq1÷ia
1263 3901 1288 3955 R
1304 3899 1373 3964 (crat
1390 3893 1422 3958 ¹¹)

291 3985 418 4053 quotiens
442 3987 466 4040 is
484 4005 498 4040 c
516 3988 643 4055 quotiens
671 3987 733 4040 inb
791 3991 823 4042 lt
842 3987 1031 4057 praecipimur
1057 4007 1089 4042 ex
1113 3989 1305 4057 praecepimus
1320 4003 1350 4038 ra.
1365 3979 1422 4034 IR

291 4130 399 4178 nostros
417 4143 473 4180 non
494 4128 519 4180 G
537 4133 734 4182 nostroszz
745 4141 843 4182 Ξιιοιι
863 4129 890 4182 R
943 4131 975 4183 19
993 4128 1058 4182 odio
1078 4128 1104 4181 G
1121 4075 1213 4181 nuiss
1265 4128 1298 4180 20
1313 4119 1421 4177 sibiGE

290 4228 339 4264 cnr.
357 4212 383 4265 R
435 4215 470 4266 22
488 4213 590 4268 fidncia
610 4216 635 4268 G
653 4215 785 4269 fiduciam
804 4215 860 4268 RE
909 4215 945 4270 nt
962 4214 1057 4269 dicens
1078 4215 1131 4268 GR
1149 4213 1221 4268 dixit
1239 4213 1272 4266 E.
