3075 4967
422 275 604 323 tractatus
628 271 664 323 in
682 268 856 338 psalmum
873 270 908 322 11.
1198 266 1239 330 39

120 461 145 525 ni
164 462 255 543 itaque
277 462 415 525 seniores
439 460 533 525 libros
556 459 614 523 hos
638 458 861 525 transferentes
883 464 915 523 et
936 456 1107 539 spiritalem
1134 478 1238 523 secun·

118 566 179 629 dum
195 564 287 646 Moysi
304 565 500 629 traditionem
517 564 705 629 occultarum
722 564 932 647 cognitionum
952 564 1113 627 scientiam
1137 564 1240 643 adepti

117 669 245 752 ambigua
266 668 379 753 linguan
403 668 556 733 hebraica
591 669 673 733 diota
703 675 733 732 et
761 668 850 731 uaria
879 667 1024 750 quaedam
1048 687 1085 731 er
1107 686 1142 731 se
1164 686 1241 731 nun-

118 774 207 837 tiantia
233 774 399 838 secundum
433 774 562 837 uirtutes
596 792 700 837 rerum
734 772 826 837 certis
858 778 889 835 et
922 770 1053 851 propriis
1074 770 1240 835 uerborum

117 876 372 959 significat-ionibus
407 875 636 954 transtulerunt,
675 877 821 940 doctrina
858 876 988 941 scientia
1024 874 1240 939 multimodam
1268 896 1280 931 o

117 980 185 1045 illam
214 1000 386 1046 sermonum
418 978 664 1065 intellegentiam
695 986 914 1060 temperantes.
959 985 990 1043 et
1013 999 1050 1043 ex
1073 1000 1109 1043 eo
1131 978 1175 1053 fit,
1197 990 1239 1059 ut,

118 1086 159 1165 qui
180 1093 276 1167 postea
298 1085 529 1162 transtulerunt,
553 1085 683 1150 diuersis
699 1085 802 1149 modis
829 1084 1067 1164 interpretantes
1090 1104 1239 1167 magnum

117 1190 241 1271 gentibus
274 1190 440 1256 adtulerint
470 1209 623 1265 errorem,
658 1190 730 1253 dum
766 1187 891 1253 occultu
924 1186 1005 1251 illius
1036 1193 1067 1252 et
1089 1208 1108 1251 a
1131 1187 1241 1270 Moyse

118 1292 240 1371 profectae
274 1294 445 1359 traditionis
478 1295 579 1377 ignari
613 1313 658 1372 ea,
693 1313 761 1375 quae
796 1292 945 1375 ambigue
978 1292 1084 1375 lingua
1117 1291 1242 1357 bebraea

117 1408 337 1462 comrneurorata
372 1404 450 1469 sunt.
481 1399 589 1462 incerti
620 1398 683 1461 suis
718 1398 793 1477 ipsis
816 1397 937 1460 iudiciis
971 1396 1141 1460 ediderunt.
1176 1416 1240 1459 arn·
1270 1414 1293 1449 a

119 1500 256 1583 tignitatis
288 1510 393 1567 autem
417 1502 530 1586 linguae
553 1501 707 1566 hebraica
730 1520 826 1565 unum
850 1501 1026 1566 adferemus
1056 1500 1241 1583 exemplum,

117 1624 146 1667 ar
165 1625 218 1687 quo
240 1616 338 1672 cetera
362 1608 449 1671 istius
472 1607 558 1670 modi
581 1626 650 1671 esse
673 1612 764 1688 atque
788 1607 839 1677 ita,
863 1612 896 1668 ut
910 1612 991 1680 sunt,
1014 1601 1241 1687 intellegantur.

118 1706 264 1774 Bresith
294 1712 426 1775 uerbum
450 1709 633 1775 hebraicum
657 1717 709 1775 est.
756 1709 789 1775 id
820 1713 884 1774 tres
906 1706 1132 1791 significantias
1153 1709 1185 1772 in
1209 1727 1243 1771 se

118 1810 312 1891 babetidest,
330 1822 360 1879 et
382 1816 691 1895 inprincipiaet
712 1814 916 1893 incapite,
939 1818 969 1875 et
992 1813 1030 1875 in
1053 1810 1154 1877 filio.
1187 1810 1243 1877 sed

117 1917 295 1983 translatores
308 1920 505 2001 septuaginta
528 1920 567 1983 in
590 1918 797 1999 principio
814 1918 984 1982 ediderunt.
999 1917 1243 1981 ceterisdiuerse
1271 1934 1294 1969 ¹⁶

117 2022 369 2087 transferentibus:
397 2030 428 2088 et
451 2023 620 2087 secundum
643 2021 725 2086 hanc
755 2022 991 2105 ambiguitatem
1022 2020 1090 2085 bruc
1119 2017 1242 2084 abillis

117 2124 238 2189 inomni
261 2126 462 2192 translatione
486 2134 533 2191 est
556 2126 638 2191 facta
661 2125 807 2190 confusio.

153 2262 177 2326 3.
199 2264 254 2329 Sed
288 2264 427 2347 perfecta
459 2265 569 2329 borum
604 2265 803 2347 septuaginta
841 2266 1042 2344 interpretum
1080 2263 1244 2327 auctoritas

119 2376 214 2431 ritaret.
254 2370 407 2449 primum,
446 2370 527 2452 qued
574 2376 644 2433 ante
684 2368 852 2432 aduentum
887 2365 1079 2447 corrueralem
1127 2365 1243 2429 domini

119 2472 327 2551 transtulerunt,
352 2493 410 2538 nec
433 2472 566 2537 adulatio
589 2471 813 2553 interpretandi
830 2470 970 2536 adhibita
986 2471 1118 2551 tempori
1133 2489 1243 2553 argue·
1271 2488 1295 2522 ²⁰

119 2584 164 2645 tur,
187 2582 262 2641 tauto
284 2579 439 2641 anteriore
463 2578 721 2658 interpretationis
739 2582 845 2652 aetate:
869 2574 990 2652 dehinc,
1014 2576 1096 2658 quod
1119 2575 1178 2657 ipsi
1201 2572 1242 2638 illi

119 2678 252 2759 principes
274 2682 477 2763 doctoresque
513 2700 683 2765 synagogae
707 2687 737 2745 et
760 2688 874 2761 praeter
896 2681 1056 2745 scientiam
1089 2678 1166 2762 legis
1190 2698 1245 2758 per

120 2779 230 2865 boysen
253 2805 376 2867 quoque
399 2786 538 2850 doctrina
561 2786 724 2849 secretiore
754 2784 882 2865 perfecti
912 2804 973 2847 non
1003 2788 1166 2863 potuerunt
1198 2782 1244 2845 in-

120 2886 274 2961 probabiles
298 2908 369 2954 esse
392 2890 498 2953 arbitri
522 2890 755 2969 interpretandi,
780 2890 832 2971 qui
845 2888 1011 2953 certissimi
1025 2893 1055 2951 et
1066 2886 1244 2970 grauissimi

120 2997 191 3053 erant
211 3000 346 3059 auctores
375 2994 512 3057 docendi.
560 2992 592 3056 bi
623 3012 697 3076 ergo
729 2991 867 3073 psalmos
897 2994 977 3056 inter
1000 2998 1118 3055 ceteros
1149 2989 1243 3054 libros
1272 3006 1297 3041 ²⁶

156 3200 356 3255 ltrasfarentss
372 3202 396 3253 Γ
446 3202 670 3271 ἓοοςηίιίουιιηι
686 3220 715 3254 ex
735 3201 924 3270 cognitionem
938 3198 1041 3253 ΜΓ
1091 3198 1206 3251 scientia
1226 3198 1248 3250 V

120 3298 266 3390 bambiguae
285 3322 310 3371 R
364 3322 525 3377 hebraeicae
544 3323 569 3375 Γ
617 3323 695 3376 uario
711 3324 735 3376 Γ
784 3322 882 3375 nuntia
901 3297 917 3324 n
936 3320 976 3373 tia
987 3319 1063 3389 (qrroe
1076 3322 1122 3372 litt.
1132 3329 1245 3372 correcto

120 3406 203 3459 sitnon
227 3408 347 3479 apparet)
366 3410 391 3461 lt
444 3411 461 3463 5
484 3420 544 3479 post
572 3410 776 3463 transtulerunt
807 3406 876 3460 1-2
904 3410 949 3460 litt.
977 3425 1043 3459 eras.
1073 3405 1098 3453 R
1150 3405 1245 3458 multi·

122 3503 228 3610 modnfm
246 3547 404 3584 sermonum
413 3530 674 3611 intellegentiamV
718 3530 880 3584 automno
925 3530 941 3579 7
951 3528 1183 3594 interpraetantes
1198 3526 1246 3578 Vn

121 3612 287 3671 battulerint
314 3618 370 3670 RE
420 3617 529 3670 occulte
553 3617 578 3669 V
627 3617 714 3683 moysi
740 3618 788 3669 Vn
841 3619 858 3668 9
881 3613 1040 3668 traditionis
1063 3612 1249 3680 profectaeV

121 3700 243 3769 ambiguae
266 3706 314 3757 ΓΗ
373 3703 475 3757 hebrea
499 3704 523 3757 V
575 3705 608 3757 10
636 3708 821 3757 admemorata
848 3701 891 3768 (οὔ
919 3703 935 3753 ἱ.
962 3698 1027 3765 ras.)
1055 3698 1080 3748 R
1132 3699 1246 3752 incertis

121 3783 174 3849 ipsis
190 3789 223 3839 Γα
275 3793 303 3845 11
316 3790 412 3859 lingue
421 3790 550 3844 hebraice
566 3791 589 3843 Γ
635 3789 920 3844 tesserularum
939 3786 1041 3840 ΜΓ
1064 3783 1246 3839 BPelclen

122 3868 258 3929 hebraicum
292 3879 316 3931 Γ
393 3876 591 3945 significantias
619 3896 648 3929 aa·
677 3875 862 3943 significantia
892 3894 924 3927 ru.
950 3875 970 3925 ⁴.)
1004 3874 1026 3926 V
1096 3875 1128 3925 14
1150 3872 1179 3924 id
1204 3877 1246 3924 est

123 3956 146 4009 iu
168 3962 330 4033 principiali
411 3966 443 4018 15
471 3964 596 4017 diuersae
624 3962 689 4016 ΗΓι
771 3964 801 4014 17
821 3963 850 4015 in
868 3977 978 4015 omnem
996 3958 1206 4013 translationem
1228 3958 1249 4010 Γ

126 4079 152 4129 18
180 4082 370 4153 interpraetans
412 4086 436 4138 V
502 4090 537 4140 20
572 4084 654 4139 edula
669 4048 723 4138 ssro
756 4084 780 4132 R
849 4083 955 4137 adibito
986 4081 1011 4129 Il
1080 4080 1246 4148 arguitura

126 4163 153 4215 25
176 4166 307 4252 ductarius
326 4171 340 4234 (
341 4190 376 4225 na
395 4174 421 4223 in
439 4190 492 4225 rus.
512 4190 528 4223 a
556 4191 588 4225 m.
612 4172 639 4237 l)
661 4172 798 4249 secretins
828 4170 1010 4250 sacratrinorc
1029 4168 1054 4220 Γ
1109 4183 1165 4219 nen
1183 4182 1246 4233 pro-

129 4248 236 4309 babilesr
288 4260 322 4311 24
341 4258 559 4327 interpraetandi
585 4256 638 4311 ΓΗ.
