3075 4967
414 268 594 318 tractatus
613 263 648 316 in
666 263 839 331 psalmum
858 262 1002 316 CXXXIX.
1217 261 1281 326 779

137 455 308 522 meretricis
341 453 471 539 laqueus
493 458 542 518 est
564 451 750 534 peccatoris;
785 471 908 517 oramus
943 471 1019 536 ergo
1053 453 1085 517 in
1119 451 1282 518 hiemalis

136 560 229 642 positi
251 560 405 625 dieentes:
436 559 549 639 eripe
584 576 650 633 me,
680 556 848 634 domine,
872 557 918 621 ab
942 555 1106 621 bomine
1130 557 1282 633 malea

135 665 225 730 uiro
262 664 405 747 iniquo
443 661 577 727 libera
613 681 680 727 me.
725 663 782 727 scd
816 661 940 742 propria
976 680 1047 726 esse
1084 660 1152 726 haec
1185 662 1282 727 oratio

134 769 253 834 domini
276 789 313 834 er
336 765 541 851 consequenti
564 765 701 842 docetur,
726 784 798 829 cum
817 765 874 829 ait:
899 766 964 848 qui
988 765 1282 849 cogitauerunt

134 872 322 937 malitias
345 872 384 935 in
407 873 537 936 corde.
582 869 786 954 cogitationes
809 869 911 934 cordis
934 889 1026 934 nosse
1049 889 1109 934 non
1140 877 1280 935 nostrum

134 985 193 1054 cst,
215 976 272 1041 sed
295 977 369 1048 eius.
385 976 424 1040 de
444 994 505 1058 quo
522 974 716 1040 dictumest:
741 982 932 1038 scrutans
955 973 1077 1037 corda
1100 980 1138 1039 et
1159 993 1280 1038 rencs

133 1082 244 1156 deuo,
275 1080 340 1144 eius
364 1098 496 1163 quoque,
521 1078 574 1162 qui
597 1076 673 1142 dixit
695 1077 798 1142 scions
820 1077 1022 1161 cogitationes
1037 1097 1160 1142 eorum:
1184 1078 1281 1162 quid

132 1184 337 1268 cogitatis
377 1181 482 1248 mala
522 1183 563 1247 in
603 1182 797 1246 cordibus
834 1181 1013 1246 uestris?
1057 1180 1110 1247 ille
1148 1181 1280 1247 occultos

132 1308 244 1354 omnes
276 1287 485 1372 malignorum
518 1286 658 1352 cordium
698 1299 808 1350 seusus
841 1285 1022 1366 penetrabili
1055 1293 1148 1368 atque
1181 1287 1281 1351 inuios

132 1393 237 1458 aditus
260 1393 392 1457 obeunte
414 1399 524 1457 natura
547 1390 669 1455 uirtutis
692 1409 755 1455 suae
778 1395 948 1454 contuetur.

178 1497 209 1562 4.
232 1497 295 1562 Sed
320 1496 372 1580 qui
395 1495 471 1576 eripi
496 1514 530 1560 so
552 1497 592 1560 de
615 1492 741 1558 homine
757 1513 819 1558 uno
835 1493 915 1558 malo
930 1500 961 1558 et
975 1494 1081 1578 iniquo
1098 1495 1280 1574 deprecatus

133 1607 192 1679 est,
222 1601 255 1664 in
286 1619 346 1684 quo
369 1597 547 1682 significare
581 1599 759 1662 traditorem
795 1618 887 1662 suum
915 1598 1117 1676 existimatur,
1147 1598 1210 1663 iam
1241 1600 1280 1664 de

134 1704 277 1788 plurimis
311 1702 392 1768 male
425 1703 456 1767 in
491 1702 585 1767 corde
623 1701 830 1786 cogitantibus
870 1701 1005 1785 loquitur
1042 1703 1162 1769 dicens:
1212 1706 1280 1786 qui

133 1809 427 1892 cogitauerunt
461 1805 646 1872 malitias
678 1806 717 1870 in
752 1808 884 1880 corde,
919 1811 1003 1870 tota
1037 1806 1100 1872 die
1130 1809 1280 1872 consti·

132 1911 480 1992 tuebantproelia.
526 1917 722 1976 acuerunt
745 1911 909 1994 linguas
943 1930 1036 1976 suas
1071 1912 1278 1978 sicutser·

134 2021 296 2098 pentes:
331 2035 530 2080 uenenum
564 2014 751 2096 aspidum
783 2015 854 2079 sub
878 2014 1173 2081 lcbiiseorum.
1218 2037 1279 2080 non

131 2120 218 2185 omni
243 2127 274 2185 et
297 2125 357 2184 toto
380 2120 543 2185 educrsum
568 2118 667 2184 Dauid
703 2118 752 2182 die
787 2118 880 2183 armis
915 2124 1063 2184 certatum
1097 2126 1146 2185 cst
1178 2140 1279 2204 neque

132 2245 261 2306 semper
284 2224 442 2289 instructis
460 2221 587 2304 proeliis.
634 2223 783 2287 aduersus
806 2229 908 2288 autem
926 2222 1084 2289 dominum
1109 2225 1278 2290 secundum

133 2327 336 2412 euangelioas
360 2328 552 2408 operationes
583 2328 648 2392 eius
671 2325 787 2390 nullum
812 2333 934 2407 tempus
963 2347 1094 2392 uacuum
1119 2328 1215 2393 fuisse
1239 2329 1277 2392 ab

131 2433 353 2498 insectantium
376 2431 454 2498 odiis
477 2431 659 2496 inuenimus.
703 2429 908 2513 paralyticum
939 2436 1042 2495 senat:
1075 2451 1145 2496 mor
1176 2433 1215 2498 de
1243 2455 1279 2498 eo

131 2537 171 2601 ob
196 2535 356 2613 inlicitam,
386 2541 419 2599 ul
440 2536 598 2616 putabant,
632 2535 751 2619 peccati
785 2534 1009 2618 indulgentiam
1043 2543 1195 2602 uenenato
1226 2556 1279 2603 ore

117 2641 306 2706 disseritur.
334 2640 470 2704 ‘aridam
495 2658 617 2704 menum
640 2639 804 2704 reformat:
838 2639 941 2704 statim
971 2638 1093 2706 uiolatae
1115 2638 1195 2724 legis
1218 2641 1279 2706 reis

132 2745 328 2810 adscribitur.
373 2745 531 2809 daemones
558 2749 658 2808 curat:
682 2744 827 2808 continuo
848 2763 905 2824 per
920 2743 1086 2810 Beelzebul
1101 2746 1278 2810 daemonum

132 2849 308 2932 principem
343 2847 411 2913 haec
445 2845 594 2928 perficere
629 2847 778 2932 arguitur.
829 2846 907 2911 nihil
946 2854 1002 2925 cst
1038 2850 1119 2931 quod
1154 2868 1216 2914 non
1250 2853 1277 2915 ei

131 2955 262 3036 plenum
285 2972 410 3033 semper
433 2952 552 3017 insidiis
576 2952 624 3029 sit,
656 2952 739 3034 quod
768 2972 829 3016 non
859 2951 993 3032 uiperea
1023 2953 1137 3038 linguae
1159 2973 1279 3020 ueneno

177 3146 256 3199 cns.
273 3145 333 3212 vn,
353 3146 394 3198 10.
431 3142 563 3196 amaneu.
582 3143 629 3210 rx,
648 3147 673 3197 4.

179 3323 191 3372 l
214 3318 345 3386 lequaens
373 3315 399 3368 R
451 3320 493 3369 est
519 3317 673 3384 peccatoris
703 3317 727 3368 G
754 3317 908 3384 peccatoris
935 3322 978 3369 est
1005 3318 1059 3369 RE
1117 3317 1198 3370 malis
1227 3318 1281 3369 GE

132 3405 215 3458 melis
234 3422 263 3458 er
282 3403 369 3456 malos
389 3404 414 3455 R
467 3405 546 3456 dms
565 3421 613 3456 om.
634 3403 659 3454 G
712 3403 746 3457 ab
767 3407 793 3454 G
811 3419 845 3456 ex
864 3403 890 3455 R
942 3405 1036 3458 desse
1053 3403 1120 3457 baec
1142 3405 1193 3457 GR
1209 3404 1278 3458 haec

132 3509 194 3546 esse
212 3492 240 3544 E
291 3494 308 3545 9
326 3489 492 3558 penetrabili
511 3490 600 3558 adque
618 3489 708 3543 inuios
727 3489 819 3542 aditus
838 3490 957 3543 obeunte
968 3491 993 3542 G
1010 3491 1177 3559 penetrabili
1195 3495 1278 3558 atque

132 3579 231 3648 peruio
249 3577 326 3631 aditu
344 3578 463 3631 obeunte
484 3577 523 3630 Ru
540 3576 766 3645 impenetrabiles
794 3581 876 3644 atque
903 3576 993 3630 inuios
1017 3577 1108 3631 aditus
1127 3578 1247 3631 obeunte
1265 3597 1278 3631 e

132 3717 264 3787 cs..lcad.
281 3734 307 3787 p.
325 3713 364 3770 39
418 3717 448 3769 ll
469 3715 625 3768 unocm.G
679 3715 899 3783 depraecatusG
954 3718 987 3769 12
1005 3674 1091 3768 in(¹¹¹⁰
1107 3716 1278 3784 Giniquoli

134 3807 168 3858 14
185 3803 215 3857 in
234 3803 317 3856 corde
337 3803 362 3855 G
380 3802 507 3856 corch
562 3805 593 3856 17
612 3807 670 3855 boto
692 3804 716 3854 G
740 3807 801 3856 tota
818 3803 844 3855 R
898 3805 931 3857 18
949 3803 1092 3856 instructis
1118 3804 1232 3872 proeliis
1252 3805 1278 3856 G

132 3891 271 3946 instructa
289 3887 530 3954 contexeres.
549 3888 569 3942 2
587 3890 649 3954 liu.)
668 3889 775 3958 proelia
801 3890 827 3943 R
879 3890 1011 3943 aduersus
1038 3891 1063 3942 G
1087 3890 1234 3944 aduersum
1252 3892 1278 3944 R

133 3981 167 4032 19
185 3977 359 4046 operationes
390 3977 442 4030 GR
468 3977 640 4030 narrationes
660 3977 688 4028 E
738 3979 773 4030 sa
790 3977 845 4030 reis
871 3979 964 4047 compsi
987 3994 1050 4030 rene
1072 3978 1097 4029 G
1114 3983 1206 4031 reatus
1225 3978 1280 4031 RE

1307 1415 1332 1452 lc

1306 2453 1331 2490 20

1305 2971 1331 3010 25

132 4067 167 4119 23
187 4065 334 4118 daemones
355 4065 425 4116 Gna
443 4064 637 4118 daemoniacos
656 4065 684 4116 E
699 4064 826 4133 cf.Acad.
841 4081 871 4133 p·
889 4061 929 4117 66
980 4063 1108 4118 belzebul
1128 4067 1153 4116 G
1170 4064 1277 4119 beelze-
1383 4093 1388 4099 ·

130 4151 180 4204 bul
209 4152 234 4203 lt
261 4149 416 4204 Beelzebub
445 4151 472 4202 Ε
495 4151 530 4220 cs.
553 4150 624 4204 Neue
644 4151 773 4204 Formeul.
793 4151 816 4214 1,
834 4150 891 4203 588
943 4150 1109 4204 daemonnm
1130 4151 1195 4204 GRc
1213 4151 1276 4205 dae·

133 4237 320 4290 moniornmb
372 4237 406 4288 25
425 4237 498 4304 quod
516 4255 573 4290 non
591 4239 718 4306 uipereae
737 4264 771 4273 —
789 4237 826 4290 eit
843 4255 892 4290 om.
913 4238 944 4290 G.
