3075 4967
399 289 580 338 traotatua
599 283 634 336 in
652 284 823 352 psalmum
842 283 986 337 CXXXIX.
1016 315 1019 320 -
1201 281 1264 346 785

122 484 199 554 sunt,
216 495 431 540 consummare
446 481 531 555 optat
553 485 584 538 et
602 474 753 548 uniuersa,
775 492 979 556 quaecumque
994 473 1053 538 sibi
1073 475 1104 537 in
1121 473 1265 553 passione

120 579 337 645 desiderabilia
364 585 441 654 snut,
465 577 593 663 exsequi
619 584 771 658 properat,
793 598 833 643 ne
860 577 999 661 quidex
1026 577 1076 642 hia
1103 578 1150 651 sit.
1182 580 1265 661 quod

120 684 312 764 praeueniens
334 691 477 764 pensator
499 683 655 763 impediat.
696 682 850 747 desiderio
872 682 1061 746 desiderauit
1083 701 1153 747 enm
1171 682 1263 747 disei-

121 788 201 866 pnlis
234 786 383 868 pascham
417 789 615 862 manducare,
649 785 793 852 festinato
827 785 951 866 pasohae
985 806 1104 851 oaenam
1133 787 1264 870 peregit.

120 893 277 958 desiderat
299 891 425 956 oolioom
460 891 610 972 passionis
634 891 739 956 bibero
774 891 897 955 diosus:
932 889 1114 968 oalioem,
1149 911 1264 975 quem
1305 915 1317 951 a

118 1002 238 1076 pater
259 995 623 1068 meusmihidodit,
648 1015 721 1060 rron
738 992 1028 1059 bibamillum‘?
1052 997 1264 1078 quaerentibus

116 1121 154 1165 sa
177 1099 256 1164 ultro
280 1099 336 1168 hia.
360 1101 412 1182 qui
436 1101 476 1163 ad
499 1098 818 1180 conprehendendum·
840 1119 911 1162 eum
933 1108 1091 1177 uenerant,
1116 1106 1148 1164 et
1170 1100 1265 1165 intar-

115 1205 310 1288 rogantibus
345 1203 413 1286 quis
435 1201 524 1268 Iesus
548 1211 638 1280 esset,
669 1203 808 1287 ingessit.
853 1202 912 1268 scit
934 1203 993 1267 sibi
1016 1204 1094 1269 aceti
1119 1203 1264 1284 poculum

116 1328 189 1373 esse
212 1309 398 1388 potandum:
422 1307 481 1372 hoo
504 1313 537 1372 ut
560 1307 646 1372 bibat
667 1307 810 1388 postulat.
855 1312 887 1372 et
901 1327 1050 1391 maguum
1066 1309 1096 1370 io
1122 1328 1168 1383 eo,
1192 1327 1264 1372 oum

115 1412 258 1490 bibisset,
281 1413 447 1477 uoluntatis
469 1431 532 1476 snae
548 1413 684 1477 l'rnetum
699 1413 826 1493 papiens
849 1412 905 1475 ait:
940 1418 1259 1476 consummatum
1287 1435 1312 1470 ιο
1394 1470 1398 1476 ,

116 1522 189 1592 ast,
225 1537 285 1601 quo
323 1517 354 1580 in
391 1516 486 1582 uerbo
524 1515 739 1581 desiderabilis
772 1516 836 1580 noti
869 1515 1033 1598 gratulatio
1079 1517 1262 1581 continetur.

115 1621 245 1686 liberari
268 1621 404 1685 animam
428 1639 515 1684 snam
539 1641 557 1684 a
579 1620 698 1685 framea
720 1620 751 1683 in
773 1620 902 1700 psalmis
918 1620 1100 1702 frequenter
1114 1626 1264 1698 orauerat,

115 1745 153 1789 os
186 1745 247 1788 uon
285 1725 556 1790 comminuendum
595 1723 835 1809 significuuerat
874 1725 981 1788 sortitu
1018 1729 1140 1788 uestem
1175 1743 1264 1788 suam

115 1829 319 1893 obtinendam
343 1829 586 1893 denuntiauerat.
632 1827 834 1905 haecomnia,
858 1848 927 1912 quae
951 1828 1097 1893 desiderii
1121 1829 1168 1892 sui
1183 1834 1262 1907 sunt

115 1935 157 1999 ad
180 1932 350 2014 prophetia
373 1933 467 1998 fidem
490 1940 524 1996 ut
545 1932 726 2013 inpleantur,
743 1940 824 1997 orat:
847 1953 887 1997 na
904 1932 977 2016 quid
994 1953 1030 1997 er
1046 1932 1097 1996 his
1112 1932 1262 2013 peccatori
1292 1953 1317 1990 ra

114 2039 158 2102 sit
179 2038 351 2118 potestatis,
374 2057 413 2101 ne
436 2037 583 2118 pasoham
599 2037 777 2116 praeueniat
800 2055 869 2120 quae
884 2037 1036 2101 desiderio
1057 2037 1263 2115 desideratur,

113 2161 156 2206 ne
179 2141 306 2207 oaliuem
329 2141 481 2221 passionis
505 2142 648 2224 ingerere
671 2161 731 2204 non
755 2143 868 2206 audeat
892 2178 932 2188 -
955 2160 1028 2204 nam
1059 2140 1100 2205 ad
1130 2140 1263 2218 primam

114 2246 235 2310 domini
258 2246 490 2326 responsionem
514 2251 657 2325 peccator
680 2246 789 2322 omnis,
814 2245 866 2328 qui
888 2247 928 2310 ad
947 2245 1263 2325 conprehendendum

114 2371 188 2416 eum
204 2357 343 2425 uenerat,
366 2350 496 2432 prouidit
520 2386 570 2426 -‚
594 2369 632 2413 no
655 2354 785 2422 adetum,
808 2351 888 2432 quod
905 2347 1096 2414 offerendum
1121 2357 1178 2424 est,
1202 2369 1263 2412 non

113 2459 231 2536 praesto
254 2454 302 2530 sit,
326 2473 365 2518 na
388 2463 470 2532 ante,
493 2472 588 2536 quam
611 2453 753 2536 spiritum
777 2453 896 2530 emittit,
925 2453 1032 2518 lancea
1065 2452 1148 2517 latus
1172 2453 1262 2518 miles
1288 2469 1315 2509 ὀ

114 2559 222 2634 fodiat,
247 2577 286 2622 ne
311 2557 473 2641 frangendi
496 2559 575 2622 ossis
599 2563 742 2622 manente
765 2557 868 2622 adhue
886 2557 994 2636 spiritu
1010 2563 1117 2638 pateat
1133 2558 1261 2635 messio,

114 2683 156 2728 no
180 2662 255 2746 quid
279 2682 315 2726 er
339 2661 500 2742 prophetia
522 2661 622 2726 minus
644 2661 706 2738 liat,
729 2681 769 2725 ne
785 2661 859 2745 quid
875 2662 1028 2742 paooatori
1045 2681 1082 2726 ex
1098 2661 1262 2726 desideriis

113 2767 180 2832 suis
204 2767 348 2842 tradatur,
380 2767 435 2830 sod
458 2765 489 2829 in
513 2765 681 2844 asomum,
705 2785 774 2849 quaa
797 2772 828 2830 et
851 2767 1024 2831 desiderata
1052 2765 1112 2830 sibi
1137 2776 1168 2830 et
1190 2785 1261 2846 pro·

114 2871 246 2951 phetata
268 2877 345 2947 sunt,
369 2868 551 2952 inpleantur.
598 2875 663 2934 orat
682 2876 782 2934 autam
801 2871 840 2934 da
857 2870 915 2942 his,
938 2890 1000 2934 non
1016 2871 1097 2953 quod
1114 2869 1263 2950 inplenda

114 2997 176 3040 non
201 2983 316 3048 essent.
341 2978 396 3041 sad
419 2981 453 3041 ut
475 2979 513 3042 de
536 2996 570 3042 se
593 2976 776 3058 prophetata
798 2997 868 3042 esso
890 2976 1028 3061 intellegi
1055 2978 1183 3059 possint.
1291 2991 1317 3030 π

24 3062 31 3078 ’
162 3081 211 3145 13.
235 3078 540 3166 Cogitanerunt,
570 3081 678 3164 inquit,
711 3082 909 3146 aduersus
943 3101 1016 3145 me:
1051 3101 1125 3145 uon
1149 3083 1261 3146 dere·

114 3185 284 3266 linquas
319 3203 384 3262 me,
418 3204 465 3249 ne
499 3186 658 3268 quando
692 3184 936 3250 exaltentur.
983 3185 1079 3249 multa
1109 3186 1262 3249 aduersus

113 3309 187 3353 eum
222 3287 356 3372 cogitata
389 3293 474 3368 sunt;
508 3289 564 3353 sed
598 3289 732 3353 manime
766 3288 850 3367 illud,
884 3295 918 3353 ut
949 3290 1077 3369 pecunia
1112 3288 1262 3353 militibus

159 3411 260 3464 anua.
280 3411 366 3478 xxii,
387 3413 427 3465 15.
463 3411 479 3465 a
498 3411 554 3464 rou.
573 3410 672 3478 xviri,
692 3413 732 3464 ιι.
771 3415 804 3465 ro
821 3411 892 3464 raro.
910 3411 982 3476 xix,
1000 3413 1041 3466 ao.

162 3514 380 3568 leonsummari
401 3516 426 3567 G
478 3515 626 3582 deresqui
648 3515 672 3567 G
691 3516 791 3583 exequi
810 3517 835 3568 Il
887 3515 1068 3569 dsaueniena
1087 3518 1218 3582 peccator
1236 3518 1262 3566 (ι’

113 3602 251 3670 praebens
269 3601 433 3668 peecatorR
485 3605 503 3655 4
520 3595 650 3669 pascham
663 3602 714 3654 GR
726 3601 828 3670 paseha
838 3603 866 3653 Ε
916 3619 1029 3654 caenam
1044 3601 1095 3653 GR
1107 3617 1222 3654 coenam
1236 3601 1265 3652 F.

419 3706 427 3724 ι
691 3699 706 3726 U

115 3740 291 3793 5desiderat
320 3741 371 3793 GR
401 3739 570 3794 desiderauit
599 3741 625 3792 E
677 3746 710 3809 qd
732 3741 756 3792 G
809 3742 873 3793 9et
896 3757 1027 3808 magnum
1053 3737 1093 3805 (et
1121 3758 1151 3793 ex
1179 3739 1215 3805 ei)
1236 3741 1262 3792 R

113 3844 248 3894 magnum
266 3827 295 3878 E
347 3829 380 3882 10
397 3827 436 3879 ait
463 3846 493 3880 ea
519 3833 561 3880 att
587 3845 620 3880 m.
640 3828 656 3879 1
675 3828 700 3880 R
755 3830 787 3880 14
805 3825 983 3894 optinendam
1001 3827 1046 3879 Ra
1101 3826 1143 3879 eui
1162 3845 1212 3879 om.
1236 3827 1261 3879 G

114 3919 180 3967 sunt
201 3914 226 3966 G
245 3913 300 3966 sint
321 3915 374 3966 ΗΕ
426 3917 457 3966 16
476 3911 661 3980 desiderat(?)
677 3915 703 3966 G
757 3916 788 3966 l'l
807 3914 925 3967 audeant
938 3915 963 3966 ll
1018 3916 1050 3966 18
1069 3913 1260 3981 conpraehen-

113 4001 237 4054 dendnm
258 4001 308 4052 GR
362 4002 394 4054 19
412 3999 583 4053 offerendum
603 4001 628 4053 G
651 4001 804 4069 potandum
824 4001 877 4053 RE
927 4002 963 4055 20
980 4001 1085 4054 omittit
1107 4001 1161 4052 GR
1179 4000 1260 4053 amit·

115 4092 157 4141 tat
176 4105 189 4141 e
208 4087 318 4140 emittat
342 4088 356 4138 l>
409 4085 480 4140 latus
508 4087 587 4140 miles
616 4089 641 4138 (l
667 4087 748 4141 miles
776 4087 848 4140 latua
876 4089 931 4140 RE
980 4089 1012 4140 21
1040 4087 1188 4155 frangendi
1209 4087 1264 4140 GE

117 4173 279 4243 frangendis
290 4174 315 4226 R
366 4175 401 4226 22
416 4189 450 4226 ne
466 4173 533 4241 quid
545 4175 685 4242 peccatori
697 4175 721 4227 G
731 4191 765 4227 ne
785 4174 890 4242 aliquid
908 4175 1048 4242 peooatori
1058 4175 1112 4227 RE
1163 4177 1199 4228 26
1214 4175 1261 4228 ad·

119 4260 444 4314 ueransRadneraumE
495 4261 529 4313 28
547 4271 607 4314 ante
625 4271 721 4330 etpoat
740 4265 833 4315 utun.
851 4262 898 4314 lut.
917 4261 1019 4315 aroald
1070 4261 1215 4330 pecuniam
1228 4260 1261 4313 G.

173 4381 245 4420 xxii.
260 4379 333 4420 artu.
348 4379 405 4421 eret.
421 4391 473 4430 pars
486 4381 506 4420 1.
1072 4368 1106 4419 50
