3075 4967
289 299 352 364 490
633 297 752 352 saneti
775 297 909 352 Hilarii
931 296 1092 366 episcopi

290 489 347 567 dei,
382 489 414 554 id
453 493 498 554 est
529 488 619 554 dietis
649 486 840 571 propheticis
870 486 1070 552 eontinentur.
1116 493 1224 566 sperat
1253 492 1351 551 autem
1380 485 1423 550 uel

290 594 506 660 retributiones
530 592 604 658 fidei
626 593 658 656 in
683 593 779 656 uitam
803 590 982 673 spiritalem,
1013 590 1064 655 uel
1084 591 1188 671 ipsum
1210 590 1294 655 illum
1317 591 1424 655 demini

290 699 397 775 nostri,
421 698 473 782 qui
497 698 547 762 dei
570 697 701 762 uerbum
724 703 779 775 est,
803 697 972 760 aduentum
989 700 1143 776 expectat.
1188 713 1261 775 spes
1276 695 1358 760 enim
1372 695 1425 760 ista

290 811 427 868 meretur
450 801 596 868 auxilium
620 811 649 868 et
671 801 857 868 adiutorium
879 800 938 866 dei.
983 819 1044 865 nen
1068 799 1157 865 aliter
1179 805 1231 865 aut
1253 820 1310 865 nes
1335 820 1424 866 mere·

252 935 264 970 ι
291 927 362 972 mur
385 913 436 970 aut
458 905 553 989 aliqui
576 911 647 970 ante
670 912 856 982 meruerunt,
880 924 973 988 quam
995 903 1127 969 uerbum
1143 904 1192 969 dei
1209 905 1302 969 deum
1318 911 1425 969 natura

290 1019 405 1076 nostrae
429 1027 554 1074 earnem
578 1009 628 1075 uel
652 1007 861 1074 habitaturum
883 1027 1026 1090 sperasse
1048 1007 1107 1085 uel,
1137 1007 1220 1092 quod
1242 1006 1426 1079 hauiuuarit

291 1115 467 1180 credidisse.

335 1218 363 1283 6.
387 1218 448 1283 Sed
477 1217 629 1298 propheta
659 1216 756 1282 multa
785 1218 818 1282 in
847 1237 882 1283 se
905 1236 976 1282 esse
998 1215 1146 1295 meminit
1181 1236 1249 1301 quae
1283 1217 1349 1298 spei
1371 1237 1427 1283 sua

292 1327 442 1388 donentur
463 1323 629 1400 obsistere;
665 1329 696 1388 et
725 1321 797 1388 idee
827 1322 972 1387 subiecit:
1009 1321 1221 1386 declinate
1244 1341 1262 1386 a
1283 1341 1342 1386 me
1363 1341 1428 1386 ma·

241 1452 265 1488 ιο
292 1427 412 1512 ligni3
436 1435 473 1493 et
495 1429 714 1492 scrutabor
737 1427 927 1492 mandata
949 1425 1120 1492 dei'mei.
1145 1425 1428 1492 doetrinaeeaelestis

292 1532 369 1596 ratio
385 1533 540 1610 admonet,
562 1537 596 1596 ut
611 1532 726 1597 dietum
744 1530 805 1596 hoc
820 1530 1020 1596 referendum
1033 1533 1073 1594 ad
1084 1549 1251 1611 personam
1266 1529 1429 1608 hominum,

293 1635 404 1718 quibus
427 1637 501 1700 insit
522 1635 710 1722 malignitas,
735 1636 936 1702 existimetur.
982 1633 1132 1716 propheta
1149 1635 1240 1712 enim,
1264 1636 1429 1720 quigentes

294 1740 389 1818 decet,
414 1741 466 1823 qui
489 1741 618 1805 uerbum
639 1740 689 1805 dei
714 1740 870 1821 praedicat
893 1739 984 1814 iubet
1007 1739 1051 1803 uti
1067 1759 1085 1803 a
1101 1759 1135 1804 se
1151 1739 1288 1804 uniuersi
1310 1738 1428 1822 maligni

294 1842 457 1921 declinent,
492 1845 564 1927 quia
597 1844 800 1928 congregatio
834 1855 941 1908 saneta
973 1844 1014 1908 ad
1048 1841 1173 1907 malitiae
1208 1845 1365 1923 operarios
1395 1849 1430 1908 nt

242 1973 266 2008 ιι
294 1947 431 2030 indigna.
477 1955 508 2012 et
531 1948 635 2014 neseio
659 1967 753 2032 quem
776 1949 874 2029 pessit
896 1947 1047 2028 excipere.
1093 1946 1237 2011 omnibus
1267 1946 1353 2012 enim
1380 1967 1430 2028 per

294 2059 411 2116 naturae
435 2051 633 2117 demutabilis
663 2051 854 2118 uoluntatem
888 2051 1007 2116 mulitia
1036 2052 1167 2128 adiacet
1197 2051 1338 2134 ipsisque
1366 2071 1429 2131 ape·

295 2155 381 2221 stolis
398 2156 492 2222 uerba
515 2155 586 2222 lieet
608 2157 670 2221 iam
690 2156 764 2221 iidei
787 2157 963 2222 emundatis
986 2162 1079 2239 atque
1102 2157 1219 2221 sanatis
1242 2175 1305 2220 non
1327 2155 1429 2220 abasse

295 2270 399 2326 tamen
434 2259 586 2326 malitiam
627 2281 684 2341 per
724 2261 939 2326 condicionem
972 2260 1146 2326 communis
1184 2260 1274 2324 nobis
1311 2259 1431 2343 originis

295 2364 564 2430 doeuitdeminus
599 2365 722 2431 dicens:
760 2367 795 2429 si
833 2384 929 2448 erge
965 2384 1044 2438 uus,
1081 2384 1170 2429 eum
1202 2364 1300 2429 sitis
1334 2362 1432 2436 mali,

243 2493 268 2532 ιι
294 2468 429 2534 nostis
453 2469 546 2534 data
570 2469 670 2534 bona
694 2470 787 2534 dare
817 2468 927 2535 filiis
959 2470 1123 2534 uestris.
1171 2477 1311 2535 nostrum
1335 2473 1431 2532 autem

295 2580 349 2650 est,
365 2579 396 2638 et
410 2573 508 2638 males
523 2593 628 2638 amare
645 2579 675 2638 et
690 2573 786 2639 bonos
801 2575 841 2638 ad
856 2573 1028 2639 benitatem
1044 2573 1155 2638 docere
1170 2573 1344 2638 seeundum
1358 2591 1432 2646 eum,

296 2678 348 2760 qui
359 2679 519 2744 uniuersos
532 2681 572 2742 ad
585 2697 619 2743 se
630 2677 730 2759 potius
743 2678 855 2742 inuitat
868 2677 990 2743 dicens:
1006 2677 1144 2742 uenite
1158 2678 1205 2742 ad
1220 2697 1280 2742 me
1296 2695 1432 2750 omnes,

296 2783 364 2865 qui
387 2781 593 2848 laboratis
617 2789 655 2848 et
678 2782 840 2847 onerati
863 2783 974 2857 estis,
994 2788 1030 2846 et
1051 2801 1124 2865 ego
1147 2801 1216 2845 ιιι
1239 2780 1432 2846 refieiam.

296 2887 350 2951 sed
374 2889 432 2952 seit
453 2886 603 2968 propheta
625 2886 728 2970 plures
751 2885 965 2970 malignitates
994 2886 1027 2950 in
1050 2885 1166 2952 occulte
1189 2883 1318 2950 humani
1340 2883 1432 2950 cerdis

245 3017 269 3054 aa
297 3011 374 3058 esse.
420 2993 590 3058 seeundum
614 2994 697 3058 euim
721 2993 838 3057 domini
861 2993 979 3057 dietum
1003 2991 1048 3056 de
1078 2991 1190 3055 intus
1217 2995 1433 3058 exeuntes

297 3097 525 3180 gitatienes
562 3094 683 3174 malae,
721 3097 860 3173 eaedes,
899 3094 1087 3173 moeehiae,
1132 3093 1433 3166 fornicationes,

297 3201 419 3280 furta,
465 3200 689 3280 falsitates,
735 3200 1011 3284 blasphemiae.
1062 3198 1146 3264 haee
1191 3199 1297 3264 enim
1340 3199 1432 3268 sunt

297 3326 380 3390 quee
411 3325 659 3370 communem
690 3305 894 3371 hominem
925 3304 1095 3370 faciunt.
1140 3301 1317 3369 huiusmodi
1339 3301 1432 3385 igitar,

342 3500 375 3552 ιι
392 3498 491 3553 arasth.
510 3497 571 3566 vn,
591 3499 631 3552 ιι.
667 3500 701 3552 aa
720 3497 789 3553 ruse.
808 3498 855 3566 xl,
873 3499 915 3551 ae.
951 3498 986 3550 as
1004 3496 1074 3551 nra.
1092 3495 1151 3563 xv,
1171 3497 1204 3548 ιι
1222 3511 1263 3562 sq.

257 3645 263 3658 ⁸
341 3665 545 3734 lprophetieis
573 3664 656 3719 dietis
680 3683 701 3736 p
762 3661 988 3717 ‘dretributionia
1015 3660 1100 3716 fidem
1129 3663 1153 3714 R
1214 3661 1330 3715 daliter
1354 3663 1385 3712 ut
1411 3655 1436 3705 l'

298 3752 493 3807 dhsbiturum
513 3753 548 3805 Ca
599 3751 789 3807 habitauerint
809 3751 833 3803 (ἴ
852 3749 1013 3804 habuerite
1065 3751 1130 3803 Bae
1148 3765 1197 3801 om,
1222 3749 1248 3801 V
1296 3747 1353 3816 spei
1374 3757 1433 3798 suto

298 3858 328 3893 ex
337 3840 396 3908 spei
406 3856 466 3893 esse
476 3857 540 3894 suae
550 3837 614 3892 aa?
629 3840 654 3890 V
703 3838 911 3892 acontinenrur
926 3836 974 3889 VR
1027 3837 1061 3890 13
1078 3839 1110 3889 ut
1123 3835 1187 3906 VCp
1240 3852 1258 3888 a
1275 3851 1305 3888 se
1322 3827 1433 3886 uniuersi
1533 3900 1534 3905 Ἰ

298 3945 328 3980 ea
346 3943 362 3980 a
380 3945 409 3980 se
428 3927 552 3981 uniuersi
570 3943 586 3980 a
605 3944 633 3981 se
651 3925 715 3994 aa?
730 3926 755 3978 V
807 3927 840 3979 14
859 3922 906 3979 adia
924 3941 954 3977 en
971 3917 1019 3979 se‘o
1038 3941 1071 3975 m.
1089 3919 1152 3976 313
1170 3925 1231 3976 sete
1247 3923 1272 3975 V
1286 3924 1432 3975 sanctorum
1533 3924 1534 3969 l

301 4015 354 4085 (pe
408 4015 622 4068 samaritum,
640 4014 688 4068 un
742 4012 878 4080 rumque
893 4013 941 4065 un
994 4001 1435 4080 1eussapr.aaa.p‚0arns
1533 3988 1534 4047 ἲ

299 4103 333 4157 20
368 4103 441 4157 bona
468 4103 534 4155 data
562 4101 630 4172 CpE
651 4102 725 4156 bona
755 4101 780 4154 V
846 4101 881 4154 23
916 4097 1044 4152 honerati
1066 4116 1088 4169 p
1157 4098 1193 4150 26
1226 4094 1391 4178 moechi-2
1415 4087 1435 4140 C

299 4207 497 4261 furnicationer
522 4207 547 4260 V
595 4209 628 4260 27
647 4205 808 4260 blasfemiae
836 4222 865 4257 er
891 4201 1068 4258 balasiemiae
1094 4219 1128 4254 m,
1152 4199 1173 4252 2
1197 4201 1220 4254 t·
1241 4191 1432 4254 blasfemiaalt
1533 4218 1534 4229 ¹

299 4296 333 4349 28
352 4311 528 4349 cummunem
549 4297 571 4348 (s
620 4293 760 4350 hominem
779 4310 827 4344 om.
853 4291 882 4345 V.
