3075 4967
412 270 593 319 tractatus
611 266 646 319 iu
665 266 839 335 psalmum
858 266 1001 320 CXLVIII.
1216 266 1279 331 865

130 474 199 531 me,
222 457 280 521 sed
304 455 344 533 hi,
374 457 427 539 qui
451 456 652 522 merebuntur
686 456 808 521 audIre:
842 475 966 539 prope
999 464 1061 522 ast
1094 456 1279 521 dominus

129 560 321 625 omnibns
344 561 636 626 innocentibus
659 580 755 626 eum.
800 559 861 626 illis
883 580 959 644 ergo
982 562 1123 641 proprius
1143 559 1278 643 hymnus

129 670 188 741 est,
212 665 265 747 qui
289 665 347 731 deo
378 666 637 749 propinquabunt,
672 664 725 747 qui
758 684 814 745 per
848 664 907 730 hoc
940 671 1057 730 sanctie
1080 663 1275 730 Hierusalem

128 787 265 852 regnum
289 768 412 834 besuam
436 775 552 834 esterno
575 788 671 853 regno
687 769 820 849 proximi
835 780 904 849 post
919 787 1053 853 regnum
1069 769 1187 834 domiui
1204 767 1276 833 Iesu

128 869 249 937 Christi
282 873 314 938 in
338 892 472 957 regnum
502 874 551 938 dei
582 872 677 956 putris
708 873 834 938 domino
864 880 1073 956 conregnante
1103 872 1279 938 transibunt
1319 895 1332 931 s

127 977 266 1057 apostolo
290 977 434 1043 docente:
466 997 549 1042 curu
575 978 713 1042 tradet
742 996 911 1061 regnum
942 979 1014 1041 deo
1045 978 1162 1059 petri,
1193 996 1277 1041 oum

127 1082 397 1147 euacuauerit
426 1100 583 1146 omnem
610 1081 890 1162 principatum
923 1087 962 1145 et
991 1101 1142 1147 omnem
1171 1088 1279 1162 pote·

128 1190 277 1250 statem
316 1192 354 1250 et
390 1186 596 1251 uirtutem.
642 1191 805 1266 oportet
838 1185 943 1251 enim
977 1205 1062 1250 euru
1091 1204 1277 1270 regnare.

129 1288 259 1353 donec
296 1296 419 1369 ponat
455 1309 594 1355 omnes
631 1290 824 1355 inimicos
862 1292 934 1357 sub
972 1290 1146 1375 pedibus
1180 1290 1276 1354 eius.

128 1392 319 1457 omnibus
353 1394 458 1458 enim
492 1394 697 1459 subiectis
727 1393 799 1458 sub
829 1394 1002 1475 pedibus
1026 1396 1111 1460 eius
1146 1394 1277 1458 nouis·
1305 1422 1331 1459 ro

128 1497 232 1561 sima
255 1504 481 1562 euucuatur
503 1517 618 1562 mors.
642 1518 726 1563 cum
752 1499 919 1563 dixerit:
943 1498 1278 1564 omniasubieeta

128 1610 225 1664 sunt
248 1608 396 1680 praeter
419 1601 544 1679 illurn,
562 1604 627 1685 qui
651 1604 685 1667 ei
709 1603 892 1668 subiecit
913 1604 1164 1674 omnietune
1188 1604 1276 1684 ipse

128 1705 344 1771 subiectus
379 1706 458 1771 erit
491 1703 565 1783 illi,
600 1708 666 1790 qui
690 1707 724 1771 ei
748 1705 1090 1784 subiecitomnic,
1113 1714 1155 1771 ut
1178 1707 1276 1773 daus

128 1810 187 1875 sit
209 1810 340 1873 omnia
363 1810 401 1873 iu
424 1810 620 1875 omnibus.
666 1809 718 1877 hic
741 1829 816 1894 ergo
839 1810 969 1891 populus
993 1818 1041 1877 est
1062 1812 1274 1895 propinquans

127 1933 227 1998 regno
251 1914 300 1979 dei
323 1914 419 1994 patris
442 1934 498 1995 per
520 1901 653 1997 regnum
678 1914 730 1979 filii
755 1914 805 1980 dei
829 1916 995 1995 prosimus.
1041 1921 1154 1998 regnet
1171 1916 1274 1997 itaque
1302 1940 1326 1976 rr

128 2018 275 2084 dominus
299 2018 465 2083 traditurus
489 2018 545 2083 deo
568 2019 647 2099 patri
672 2038 813 2103 regnum,
837 2039 897 2083 non
921 2020 1009 2103 regni
1025 2024 1181 2099 potestate
1199 2020 1275 2083 curi·

128 2128 224 2200 turus,
247 2123 303 2187 sed
326 2141 390 2200 nos,
414 2122 466 2205 qui
489 2141 620 2206 regnum
644 2124 709 2187 eius
732 2142 848 2196 sumus,
873 2124 930 2188 deo
953 2124 1032 2203 petri
1058 2122 1226 2187 traditurus
1242 2125 1272 2187 iu

43 2274 47 2281 -
127 2245 273 2311 regnum.
320 2226 407 2310 regni
432 2227 555 2292 traditio
579 2232 685 2292 nostra
716 2229 872 2308 prouectio
896 2233 950 2305 est
980 2233 1021 2305 ut,
1044 2227 1097 2311 qui
1120 2228 1151 2291 in
1175 2245 1272 2310 regno
1353 2266 1358 2275 -

128 2329 185 2395 tilii
209 2331 333 2407 eumue,
356 2331 387 2395 in
423 2350 519 2415 regno
553 2350 674 2414 quoque
708 2331 806 2396 simus
841 2345 872 2397 et
904 2332 1008 2413 patris,
1039 2332 1125 2415 digni
1156 2350 1212 2411 per
1240 2332 1273 2394 id

128 2454 228 2519 regnu
263 2436 366 2515 putris,
400 2435 474 2518 quia
507 2435 594 2519 digni
626 2454 723 2519 regno
753 2438 870 2501 erimus
900 2442 931 2501 et
959 2435 1023 2512 filii,
1054 2436 1185 2516 proximi
1210 2442 1272 2499 tum
1302 2464 1327 2502 eo

127 2538 226 2620 patris
247 2558 353 2622 regno,
376 2558 447 2604 eum
470 2538 525 2604 filii
549 2540 664 2604 ertmus
687 2539 719 2602 in
742 2558 847 2623 regno,
879 2540 931 2622 qni
962 2546 1010 2605 est
1038 2540 1219 2604 benedictus
1242 2540 1272 2603 in

127 2642 241 2707 saeeuia
263 2642 454 2709 saeculorum.
499 2662 600 2707 amen.

531 2846 716 2933 retusus
743 2848 873 2932 unttx.

171 2986 341 3054 Gontate
365 2989 525 3054 domino
555 2991 759 3055 canticum
789 3011 939 3070 nouum,
970 2989 1153 3056 laudatio
1184 2992 1271 3055 eius

126 3095 165 3158 in
188 3092 623 3159 ecolesiaasnctorum
647 3093 827 3178 etreliqua
1296 3112 1323 3151 π

170 3214 198 3280 1.
221 3214 368 3296 Superior
380 3214 518 3297 psalmus
529 3236 652 3281 omnem
665 3217 855 3281 ereptionum
868 3216 1080 3282 diuersitatem
1091 3215 1132 3279 sd
1144 3214 1270 3280 laudem

125 3319 175 3383 dei
199 3319 347 3383 creatoris
370 3326 418 3384 est
439 3318 635 3398 adhortatus;
659 3326 690 3385 et
705 3322 780 3384 ordo
797 3318 1005 3411 anoaelestibus
1021 3324 1140 3399 coeptus
1159 3327 1271 3383 cuncta

172 3513 182 3562 1
204 3508 247 3562 Ps.
268 3508 385 3577 CXLIV,
407 3512 445 3564 ts.
482 3512 529 3565 51
550 3510 610 3563 Cor.
631 3511 671 3577 15,
689 3511 724 3563 24
743 3527 783 3577 sq.

171 3682 246 3736 lhis
275 3682 300 3735 11
328 3681 396 3749 (sine
423 3684 498 3737 dubio
526 3694 609 3737 ertum
636 3702 666 3737 ez
691 3682 745 3748 hii)
806 3685 823 3737 2
850 3682 970 3750 hymnus
994 3682 1021 3735 R
1046 3682 1082 3751 cf.
1106 3700 1134 3752 p.
1161 3680 1228 3747 866,
1257 3682 1270 3732 7

124 3768 171 3822 hic
188 3768 308 3837 hymnus
327 3770 355 3822 E
405 3772 421 3825 5
440 3774 628 3838 conregnante
648 3772 673 3823 R
695 3774 885 3839 congregante
904 3770 932 3821 E
947 3772 981 3831 oj.
1000 3769 1064 3835 infr.
1119 3767 1271 3821 edocente

125 3907 311 3962 RdiuenteE
366 3912 398 3963 10
406 3856 531 3962 omn1s;R
549 3925 670 3963 omuese
723 3866 850 3963 subiecti.
871 3908 897 3961 R
914 3908 1070 3963 subiiciete
1123 3907 1273 3960 nouissima

124 3999 276 4049 uuauustur
295 3996 335 4048 Ro
353 3995 504 4049 nouissima
522 3997 595 4049 enim
614 3996 827 4050 euacusbiturs
881 3999 911 4050 ll
932 3996 1057 4050 subiecta
1078 4000 1144 4048 sunt
1162 3995 1187 4047 R
1205 4000 1271 4047 sunt

124 4082 250 4136 subiecta
269 4083 296 4133 E
349 4084 382 4136 13
401 4081 468 4136 deus
488 4084 523 4136 sit
543 4084 568 4135 11
586 4084 623 4137 sit
641 4084 707 4137 deus
726 4084 755 4135 E
809 4084 841 4137 la
859 4084 888 4135 iu
910 4088 999 4151 regnu
1016 4080 1112 4135 fluis
1165 4083 1197 4134 ‘21
1217 4080 1272 4133 eri·

123 4186 185 4222 mus
205 4168 233 4221 in
252 4170 397 4238 regno-iit
426 4170 528 4223 erimus
556 4187 706 4239 regnume
760 4170 789 4223 in
816 4169 908 4223 seoula
934 4170 1090 4223 seculorum
1118 4184 1199 4221 amen
1226 4169 1272 4219 titt.

125 4274 183 4309 unc.
214 4274 263 4309 scr.
290 4256 316 4310 R
368 4256 446 4311 Finit
472 4256 594 4325 psalmus
623 4256 787 4311 CXXXVIII
819 4256 918 4325 incipit
948 4254 1126 4310 CXXXVIIII
1156 4253 1219 4320 (sic)
1249 4255 1272 4307 R

124 4345 159 4395 24
177 4342 300 4395 laudatio
319 4344 345 4397 R
363 4344 397 4412 os·
414 4362 442 4413 p.
461 4342 525 4409 867,
546 4344 559 4397 7
579 4344 638 4397 iaus
654 4345 682 4395 E
732 4345 766 4397 25
785 4344 814 4396 in
833 4362 863 4397 ex
881 4361 908 4397 m
928 4362 960 4397 m.
977 4343 992 4395 1
1008 4343 1034 4395 R
1086 4341 1219 4397 ecclaesia
1239 4343 1272 4395 R.

177 4462 251 4502 XXII.
266 4461 335 4503 IIIIsr.
351 4463 407 4503 Pict.
423 4474 474 4513 pars
488 4462 506 4503 t.
1080 4448 1114 4501 55
