3075 4967
319 265 381 330 752
658 264 775 318 sancti
800 264 1121 333 Hilariirepiscopi

318 453 408 520 huius
431 453 604 535 prophetiae
627 461 691 519 tum
716 455 907 539 euangelista
929 457 1080 533 meminit,
1095 475 1168 521 cum
1191 455 1251 534 hie,
1274 477 1351 541 quos
1371 476 1442 522 cura-
1517 454 1518 469 ¹

318 560 380 634 bat,
403 565 436 624 ut
459 561 498 622 de
528 579 563 622 se
596 564 735 624 tacerent
765 559 899 625 iubebat.
945 559 1005 624 has
1039 580 1114 644 ergo
1149 562 1352 645 cogitationes
1381 562 1442 635 eius,

318 661 500 728 humilitatis
523 661 640 728 scilicet
663 668 694 728 et
716 664 881 745 patieutiae,
914 664 1009 747 longe
1044 671 1114 730 aute
1148 665 1306 744 intellexit
1329 665 1443 749 quiade

319 767 368 832 his
391 777 456 832 erat
478 765 701 847 prophetarum
724 788 778 833 ora
803 773 941 833 testatus.

280 897 292 933 a
362 871 392 935 9.
417 872 611 938 Semitom
634 893 759 937 meam
782 880 821 937 et
843 873 1115 938 directionem
1147 893 1271 939 meam
1294 875 1444 938 inuesti-

319 975 439 1060 gasti.
485 982 533 1040 ost
555 983 657 1040 autern
680 976 720 1041 de
743 977 856 1041 semita
879 983 910 1041 et
926 977 1107 1058 directione,
1129 984 1296 1061 antequam
1311 978 1345 1041 id
1358 978 1444 1058 ipsum

319 1087 475 1154 tractatur,
498 1101 559 1144 non
582 1079 713 1144 nihilum
736 1079 998 1165 praeloquendum.
1042 1081 1075 1146 id
1091 1101 1236 1164 namque,
1259 1081 1341 1164 quod
1356 1080 1444 1146 uobis·

318 1204 389 1249 oum
412 1184 523 1250 semita
546 1191 599 1256 est,
623 1183 682 1249 elia
703 1183 818 1250 uirtute
840 1191 933 1268 atque
949 1184 1163 1269 intellegentia
1177 1206 1250 1250 cum
1266 1185 1380 1251 Graecis
1393 1190 1444 1248 ast:

318 1289 435 1372 τρίβον
458 1289 542 1354 enim
564 1295 749 1369 nuncupant,
784 1289 816 1353 id
839 1294 887 1354 est
907 1289 1064 1372 frequenti
1097 1289 1240 1374 ingressu
1266 1289 1445 1371 discursuque

268 1417 292 1452 ιο
320 1393 491 1471 contritam,
514 1412 570 1472 per
593 1411 684 1476 quam
709 1413 769 1456 non
795 1392 893 1457 semel
927 1413 1029 1476 neque
1052 1393 1227 1476 aliquando,
1261 1395 1316 1458 sed
1339 1411 1445 1471 semper

319 1497 475 1564 incessum
500 1497 546 1562 sit.
592 1497 673 1580 quod
698 1502 802 1562 autern
818 1498 914 1562 nostri
938 1497 1211 1562 directionem
1234 1497 1444 1569 mansmlemnt

318 1602 350 1666 id
384 1599 428 1665 illi
451 1620 488 1665 ex
510 1599 635 1666 hebraeo
659 1601 806 1682 σχοινίον
835 1601 1030 1682 interpretati
1061 1608 1140 1665 sunt.
1187 1601 1333 1683 oporatur
1359 1607 1445 1664 eumn

320 1706 512 1788 quarundam
536 1705 676 1788 gentium
695 1706 917 1770 consuetudine
933 1711 1054 1770 certum
1072 1712 1104 1770 at
1118 1705 1320 1770 constitutum
1335 1705 1445 1769 modum

319 1809 438 1874 itineris
461 1808 626 1893 significat,
650 1815 691 1888 ut,
707 1811 788 1892 quod
805 1829 861 1874 nos
876 1809 970 1887 milia,
994 1810 1026 1874 id
1041 1808 1086 1874 illi
1109 1810 1259 1891 σχοινίον
1281 1816 1444 1887 nuncupent

268 1935 293 1971 aa
365 1913 414 1979 10.
439 1913 589 1978 Dominus
612 1913 716 1997 itaque
740 1921 845 1979 noster
866 1914 899 1978 in
922 1933 1058 1994 corporo,
1082 1916 1165 1997 quud
1188 1914 1368 1994 adsumpsit
1394 1913 1444 1975 iam

319 2024 528 2083 transcursam
550 2038 568 2082 a
591 2038 625 2083 se
648 2025 741 2102 etqua
764 2018 871 2083 tritam
885 2019 916 2082 in
933 2017 1091 2100 prophetis
1108 2020 1255 2083 semitam
1274 2014 1443 2098 percucurrit
1517 2082 1518 2107 Ξ

320 2130 492 2188 etcertum
515 2107 779 2205 constitutumque
801 2121 861 2186 sibi
883 2122 1003 2186 itineris
1027 2120 1074 2186 sui
1097 2121 1194 2186 linem
1217 2121 1355 2186 confecit.
1377 2117 1444 2202 quod
1517 2130 1518 2137 ¹

319 2233 421 2292 autem
446 2246 503 2306 per
526 2227 627 2290 tritam
652 2225 879 2306 predicationis
902 2227 1047 2290 semitam
1066 2224 1282 2300 ambulauerit
1303 2225 1445 2290 audiamus

319 2331 422 2411 ipsum
435 2331 606 2395 dicentem:
630 2328 899 2412 Hierusalem,
916 2328 1183 2406 Hierusalem,
1201 2349 1284 2413 quae
1306 2326 1444 2394 occidis

248 2457 293 2493 ,ao
320 2433 543 2515 prophetas
581 2439 619 2498 et
650 2433 812 2515 lapidas
846 2455 923 2510 eos,
957 2435 1026 2517 qui
1060 2434 1107 2498 ad
1142 2441 1179 2498 te
1215 2434 1444 2499 missisunt

321 2540 513 2622 quotiens
535 2537 647 2604 uolui
670 2537 874 2622 colligere
897 2537 1013 2602 filios
1036 2544 1133 2611 tuos,
1165 2539 1274 2602 sicut
1306 2535 1444 2622 gallina

320 2661 579 2726 congregans
612 2641 745 2722 pullos
780 2661 883 2721 suos,
916 2649 955 2707 et
983 2641 1173 2708 noluisti!
1218 2642 1356 2724 quotiens
1388 2655 1445 2704 cum

320 2748 371 2824 ait,
394 2746 600 2830 frequentiam
630 2766 803 2812 numerosae
833 2745 1069 2830 significationis
1099 2746 1245 2812 ostendit
1288 2742 1362 2809 nihil
1382 2759 1444 2824 ergo

258 2889 261 2904 ·
322 2851 391 2914 noui
407 2851 517 2934 etegit
532 2858 563 2916 et
577 2869 689 2931 pessus
705 2857 760 2928 ort,
776 2869 848 2916 oum
863 2869 918 2931 per
929 2849 1085 2915 nolentem
1097 2850 1284 2934 congregari
1298 2847 1372 2912 filios
1386 2863 1444 2910 suos

268 2975 294 3012 aa
324 2953 518 3019 Hierusalem
540 2955 651 3019 totiens
675 2959 705 3020 et
728 2953 849 3018 auditus
872 2959 903 3018 ct
925 2952 1125 3018 inhonoratus
1156 2959 1205 3018 cst
1233 2954 1265 3018 in
1296 2947 1444 3034 prophet's.

366 3145 398 3196 ro
416 3141 514 3194 uasta.
532 3141 631 3204 xxnr,
650 3142 692 3194 er.

364 3309 535 3360 'ltractatur
545 3305 596 3364 liP
607 3309 742 3357 tractetur
753 3303 807 3355 TE
856 3301 1018 3370 SadqueG
1071 3303 1286 3372 intellegentiG
1335 3298 1445 3353 otnoon
1515 3266 1516 3361 i

323 3393 375 3447 GT
390 3393 466 3446 tribu
489 3393 515 3445 P
535 3391 654 3472 vrriuflR
708 3393 739 3444 ll
758 3391 897 3444 incessum
915 3388 952 3442 sit
963 3389 1016 3442 GT
1031 3388 1141 3462 incessu
1159 3389 1196 3443 sit
1210 3389 1236 3442 P
1251 3383 1365 3444 incundii
1382 3381 1444 3437 sitll

322 3504 444 3560 laianu
454 3502 697 3557 curetarum
731 3491 916 3555 Otolnton
931 3502 956 3555 u
972 3490 1165 3554 (ΧΟΙΙΝΙΟΝ
1179 3503 1207 3554 Ρ
1219 3485 1444 3554 exollntodr

321 3617 428 3678 (χινον
458 3609 481 3659 Τ
507 3606 648 3660 anolinion
677 3627 696 3658 α
766 3608 962 3676 interpraetati
992 3611 1057 3662 sunt
1086 3607 1139 3660 GR
1165 3623 1221 3660 non
1251 3607 1339 3674 interp
1353 3616 1387 3648 Ξ
1401 3596 1444 3653 tati

321 3701 385 3750 sunt
403 3696 429 3747 P
443 3695 621 3764 interpretati
649 3700 714 3749 sunt
739 3705 879 3764 praeeunte
905 3697 982 3747 unius
1007 3696 1077 3748 uoces
1101 3695 1197 3748 ἱααιηα
1217 3695 1244 3747 Τ
1272 3673 1442 3747 (ΟΧΙΙΝΙΟΝ
1514 3686 1515 3749 l

321 3792 352 3858 Ρ,
383 3791 479 3844 aare
505 3802 533 3843 a
560 3809 642 3862 sopra
714 3794 747 3844 14
781 3790 1150 3844 territoriorum
1175 3789 1212 3844 aa
1230 3789 1272 3844 un
1298 3789 1327 3856 r,
1351 3802 1398 3838 aa.
1422 3781 1442 3827 a
1514 3754 1515 3799 l

323 3875 478 3940 Ollnlon
495 3875 725 3940 GCOXllNlON
753 3885 786 3951 P,
814 3885 884 3938 RTa
902 3895 930 3938 ut
953 3902 1036 3955 supro
1106 3886 1140 3937 15
1158 3884 1189 3937 in
1206 3899 1320 3952 corpore
1336 3879 1359 3932 G
1373 3877 1401 3929 in
1416 3887 1442 3924 eo

322 4000 435 4052 corpore
454 3983 560 4036 RPTE
629 3985 661 4036 16
688 3981 850 4036 transcursis
875 3983 902 4035 P
968 3981 1146 4051 percucurrit
1170 3981 1249 4034 GRT
1269 3975 1397 4049 percurrit
1411 3970 1442 4022 Pe

323 4073 356 4123 18
382 4070 525 4124 audiemus
556 4069 660 4122 GPTE
684 4069 796 4122 audiam
814 4070 840 4122 R
894 4071 927 4122 19
944 4071 968 4122 h.
987 4071 1003 4122 l.
1020 4071 1067 4132 fia.
1084 4070 1140 4122 cod„
1158 4069 1185 4121 T
1234 4069 1270 4122 20
1285 4062 1381 4134 lapidas
1398 4055 1442 4110 GR

322 4157 428 4224 lapidas
438 4156 581 4225 calepides
591 4157 617 4208 P
668 4157 716 4224 qui
734 4156 769 4209 ad
787 4160 817 4209 te
833 4155 911 4210 missi
929 4155 1085 4224 sunthui
1104 4155 1139 4208 ad
1156 4161 1186 4209 te
1203 4154 1279 4208 missi
1289 4152 1313 4206 G
1321 4147 1362 4218 qui
1374 4141 1440 4198 missi

323 4249 388 4296 sunt
405 4243 441 4296 ad
458 4247 487 4297 te
507 4243 544 4296 Rc
596 4245 629 4297 21
649 4242 780 4311 colligere
799 4244 825 4296 R
842 4243 980 4313 collegere
1000 4243 1025 4296 G
1042 4259 1213 4312 congregare
1230 4241 1287 4295 PF„
