<?xml version="1.0" encoding="UTF-8"?>
<!DOCTYPE html PUBLIC "-//W3C//DTD XHTML 1.0 Transitional//EN"
    "http://www.w3.org/TR/xhtml1/DTD/xhtml1-transitional.dtd">
<html xmlns="http://www.w3.org/1999/xhtml" xml:lang="en" lang="en">
 <head>
  <title>
</title>
<meta http-equiv="Content-Type" content="text/html;charset=utf-8" />
  <meta name='ocr-system' content='tesseract 3.04.00' />
  <meta name='ocr-capabilities' content='ocr_page ocr_carea ocr_par ocr_line ocrx_word'/>
</head>
<body>
  <div class='ocr_page' id='page_1' title='image "./corpusscriptoru23wiengoog_0723.png"; bbox 0 0 3075 4967; ppageno 0'>
   <div class='ocr_carea' id='block_1_1' title="bbox 363 265 1239 334">
    <p class='ocr_par' dir='ltr' id='par_1_1' title="bbox 363 265 1239 334">
     <span class='ocr_line' id='line_1_1' title="bbox 363 265 1239 334; baseline -0.002 -16"><span class='ocrx_word' id='word_1_1' title='bbox 363 270 544 320; x_wconf 86' lang='lat' dir='ltr'>tractatus</span> <span class='ocrx_word' id='word_1_2' title='bbox 570 267 605 318; x_wconf 94' lang='lat' dir='ltr'>in</span> <span class='ocrx_word' id='word_1_3' title='bbox 623 266 796 334; x_wconf 86' lang='lat' dir='ltr'>psalmum</span> <span class='ocrx_word' id='word_1_4' title='bbox 816 265 961 318; x_wconf 84' lang='lat' dir='ltr'>CXXXll&#39;.</span> <span class='ocrx_word' id='word_1_5' title='bbox 1177 266 1239 330; x_wconf 83' lang='grc'>693</span> 
     </span>
    </p>
   </div>
   <div class='ocr_carea' id='block_1_2' title="bbox 85 455 1290 2812">
    <p class='ocr_par' dir='ltr' id='par_1_2' title="bbox 89 455 1290 1878">
     <span class='ocr_line' id='line_1_2' title="bbox 99 455 1240 540; baseline -0.001 -18"><span class='ocrx_word' id='word_1_6' title='bbox 99 457 242 540; x_wconf 84' lang='lat' dir='ltr'>propheta</span> <span class='ocrx_word' id='word_1_7' title='bbox 286 458 408 523; x_wconf 83' lang='lat' dir='ltr'>dicens:</span> <span class='ocrx_word' id='word_1_8' title='bbox 455 455 636 522; x_wconf 87' lang='lat' dir='ltr'>eleuatio</span> <span class='ocrx_word' id='word_1_9' title='bbox 675 476 857 521; x_wconf 90' lang='lat' dir='ltr'>manuum</span> <span class='ocrx_word' id='word_1_10' title='bbox 900 475 1074 520; x_wconf 88' lang='lat' dir='ltr'>mearum</span> <span class='ocrx_word' id='word_1_11' title='bbox 1118 458 1240 522; x_wconf 84' lang='lat' dir='ltr'>sacri-</span> 
     </span>
     <span class='ocr_line' id='line_1_3' title="bbox 97 559 1238 642; baseline 0.001 -18"><span class='ocrx_word' id='word_1_12' title='bbox 97 561 232 627; x_wconf 81' lang='lat' dir='ltr'>ficium</span> <span class='ocrx_word' id='word_1_13' title='bbox 271 561 563 642; x_wconf 88' lang='lat' dir='ltr'>uespertinum.</span> <span class='ocrx_word' id='word_1_14' title='bbox 628 579 710 624; x_wconf 89' lang='lat' dir='ltr'>nunc</span> <span class='ocrx_word' id='word_1_15' title='bbox 746 561 830 625; x_wconf 91' lang='lat' dir='ltr'>euim</span> <span class='ocrx_word' id='word_1_16' title='bbox 869 560 899 624; x_wconf 93' lang='lat' dir='ltr'>in</span> <span class='ocrx_word' id='word_1_17' title='bbox 939 559 1238 626; x_wconf 88' lang='lat' dir='ltr'>consummationem</span> 
     </span>
     <span class='ocr_line' id='line_1_4' title="bbox 96 663 1238 749; baseline 0.001 -20"><span class='ocrx_word' id='word_1_18' title='bbox 96 664 202 738; x_wconf 78' lang='lat' dir='ltr'>saculi.</span> <span class='ocrx_word' id='word_1_19' title='bbox 226 667 309 749; x_wconf 89' lang='lat' dir='ltr'>quod</span> <span class='ocrx_word' id='word_1_20' title='bbox 332 672 380 730; x_wconf 87' lang='lat' dir='ltr'>est</span> <span class='ocrx_word' id='word_1_21' title='bbox 401 665 624 746; x_wconf 82' lang='lat' dir='ltr'>uespertinum,</span> <span class='ocrx_word' id='word_1_22' title='bbox 647 684 709 728; x_wconf 91' lang='lat' dir='ltr'>non</span> <span class='ocrx_word' id='word_1_23' title='bbox 732 665 764 728; x_wconf 87' lang='lat' dir='ltr'>iu</span> <span class='ocrx_word' id='word_1_24' title='bbox 790 663 885 728; x_wconf 87' lang='lat' dir='ltr'>tauris</span> <span class='ocrx_word' id='word_1_25' title='bbox 909 669 940 728; x_wconf 89' lang='lat' dir='ltr'>et</span> <span class='ocrx_word' id='word_1_26' title='bbox 959 663 989 728; x_wconf 93' lang='lat' dir='ltr'>iu</span> <span class='ocrx_word' id='word_1_27' title='bbox 1008 664 1111 741; x_wconf 87' lang='lat' dir='ltr'>hircis,</span> <span class='ocrx_word' id='word_1_28' title='bbox 1136 665 1238 730; x_wconf 85' lang='lat' dir='ltr'>sedin</span> 
     </span>
     <span class='ocr_line' id='line_1_5' title="bbox 95 768 1238 861; baseline -0.002 -27"><span class='ocrx_word' id='word_1_29' title='bbox 95 770 235 850; x_wconf 89' lang='lat' dir='ltr'>operibus</span> <span class='ocrx_word' id='word_1_30' title='bbox 269 768 360 834; x_wconf 90' lang='lat' dir='ltr'>bonis</span> <span class='ocrx_word' id='word_1_31' title='bbox 394 770 452 834; x_wconf 87' lang='lat' dir='ltr'>deo</span> <span class='ocrx_word' id='word_1_32' title='bbox 475 768 576 834; x_wconf 88' lang='lat' dir='ltr'>hostia</span> <span class='ocrx_word' id='word_1_33' title='bbox 600 773 655 833; x_wconf 82' lang='lat' dir='ltr'>est.</span> <span class='ocrx_word' id='word_1_34' title='bbox 701 768 828 852; x_wconf 84' lang='lat' dir='ltr'>Moyses</span> <span class='ocrx_word' id='word_1_35' title='bbox 862 787 918 833; x_wconf 87' lang='lat' dir='ltr'>uos</span> <span class='ocrx_word' id='word_1_36' title='bbox 952 769 1056 833; x_wconf 86' lang='lat' dir='ltr'>docuit</span> <span class='ocrx_word' id='word_1_37' title='bbox 1090 769 1238 861; x_wconf 54' lang='lat' dir='ltr'>exemplo,</span> 
     </span>
     <span class='ocr_line' id='line_1_6' title="bbox 95 871 1290 956; baseline 0 -18"><span class='ocrx_word' id='word_1_38' title='bbox 95 875 151 956; x_wconf 86' lang='lat' dir='ltr'>qui,</span> <span class='ocrx_word' id='word_1_39' title='bbox 173 894 245 939; x_wconf 86' lang='lat' dir='ltr'>cum</span> <span class='ocrx_word' id='word_1_40' title='bbox 269 871 395 939; x_wconf 85' lang='lat' dir='ltr'>eleuatis</span> <span class='ocrx_word' id='word_1_41' title='bbox 418 873 605 938; x_wconf 78' lang='lat' dir='ltr'><strong>constitisset</strong></span> <span class='ocrx_word' id='word_1_42' title='bbox 624 872 774 950; x_wconf 68' lang='lat' dir='ltr'>manibus</span> <span class='ocrx_word' id='word_1_43' title='bbox 798 873 949 946; x_wconf 82' lang='lat' dir='ltr'>uincebat,</span> <span class='ocrx_word' id='word_1_44' title='bbox 973 873 1149 938; x_wconf 78' lang='lat' dir='ltr'>summissis</span> <span class='ocrx_word' id='word_1_45' title='bbox 1165 893 1238 938; x_wconf 81' lang='lat' dir='ltr'>uero</span> <span class='ocrx_word' id='word_1_46' title='bbox 1277 899 1290 937; x_wconf 81' lang='lat' dir='ltr'>a</span> 
     </span>
     <span class='ocr_line' id='line_1_7' title="bbox 93 976 1239 1060; baseline 0.002 -19"><span class='ocrx_word' id='word_1_47' title='bbox 93 979 258 1042; x_wconf 85' lang='lat' dir='ltr'>interram</span> <span class='ocrx_word' id='word_1_48' title='bbox 294 977 482 1042; x_wconf 88' lang='lat' dir='ltr'>uincendum</span> <span class='ocrx_word' id='word_1_49' title='bbox 512 976 658 1060; x_wconf 93' lang='lat' dir='ltr'>populum</span> <span class='ocrx_word' id='word_1_50' title='bbox 681 976 721 1041; x_wconf 88' lang='lat' dir='ltr'>ab</span> <span class='ocrx_word' id='word_1_51' title='bbox 752 976 843 1042; x_wconf 89' lang='lat' dir='ltr'>hoste</span> <span class='ocrx_word' id='word_1_52' title='bbox 874 977 1041 1057; x_wconf 71' lang='lat' dir='ltr'>prebebat,</span> <span class='ocrx_word' id='word_1_53' title='bbox 1072 979 1239 1043; x_wconf 87' lang='lat' dir='ltr'>osteudens</span> 
     </span>
     <span class='ocr_line' id='line_1_8' title="bbox 94 1080 1239 1162; baseline 0 -16"><span class='ocrx_word' id='word_1_54' title='bbox 94 1081 249 1161; x_wconf 87' lang='lat' dir='ltr'>perhanc</span> <span class='ocrx_word' id='word_1_55' title='bbox 272 1081 413 1159; x_wconf 86' lang='lat' dir='ltr'>formam,</span> <span class='ocrx_word' id='word_1_56' title='bbox 448 1080 570 1146; x_wconf 79' lang='lat' dir='ltr'>hostem</span> <span class='ocrx_word' id='word_1_57' title='bbox 605 1086 756 1158; x_wconf 90' lang='lat' dir='ltr'>nostrum,</span> <span class='ocrx_word' id='word_1_58' title='bbox 791 1081 817 1145; x_wconf 87' lang='lat' dir='ltr'>si</span> <span class='ocrx_word' id='word_1_59' title='bbox 852 1089 973 1148; x_wconf 89' lang='lat' dir='ltr'>terrena</span> <span class='ocrx_word' id='word_1_60' title='bbox 1007 1101 1100 1162; x_wconf 88' lang='lat' dir='ltr'>opera</span> <span class='ocrx_word' id='word_1_61' title='bbox 1134 1089 1239 1147; x_wconf 88' lang='lat' dir='ltr'>nostra</span> 
     </span>
     <span class='ocr_line' id='line_1_9' title="bbox 92 1184 1238 1264; baseline 0 -14"><span class='ocrx_word' id='word_1_62' title='bbox 92 1186 159 1263; x_wconf 83' lang='lat' dir='ltr'>sint,</span> <span class='ocrx_word' id='word_1_63' title='bbox 181 1186 316 1264; x_wconf 87' lang='lat' dir='ltr'>uincere,</span> <span class='ocrx_word' id='word_1_64' title='bbox 340 1186 367 1250; x_wconf 89' lang='lat' dir='ltr'>si</span> <span class='ocrx_word' id='word_1_65' title='bbox 389 1185 513 1251; x_wconf 84' lang='lat' dir='ltr'>excelsa</span> <span class='ocrx_word' id='word_1_66' title='bbox 542 1205 616 1250; x_wconf 90' lang='lat' dir='ltr'>uero</span> <span class='ocrx_word' id='word_1_67' title='bbox 646 1185 717 1263; x_wconf 78' lang='lat' dir='ltr'>sint</span> <span class='ocrx_word' id='word_1_68' title='bbox 748 1205 816 1250; x_wconf 87' lang='lat' dir='ltr'>esse</span> <span class='ocrx_word' id='word_1_69' title='bbox 839 1184 1034 1251; x_wconf 84' lang='lat' dir='ltr'>uincendum.</span> <span class='ocrx_word' id='word_1_70' title='bbox 1081 1184 1238 1250; x_wconf 75' lang='lat' dir='ltr'>eleuaudee</span> 
     </span>
     <span class='ocr_line' id='line_1_10' title="bbox 90 1287 1239 1376; baseline 0.001 -23"><span class='ocrx_word' id='word_1_71' title='bbox 90 1290 183 1373; x_wconf 80' lang='lat' dir='ltr'>igit-ur</span> <span class='ocrx_word' id='word_1_72' title='bbox 215 1310 326 1356; x_wconf 88' lang='lat' dir='ltr'>manus</span> <span class='ocrx_word' id='word_1_73' title='bbox 357 1295 471 1355; x_wconf 72' lang='lat' dir='ltr'>nostrae</span> <span class='ocrx_word' id='word_1_74' title='bbox 505 1295 578 1354; x_wconf 87' lang='lat' dir='ltr'>sunt</span> <span class='ocrx_word' id='word_1_75' title='bbox 599 1290 630 1354; x_wconf 95' lang='lat' dir='ltr'>in</span> <span class='ocrx_word' id='word_1_76' title='bbox 655 1289 807 1368; x_wconf 83' lang='lat' dir='ltr'>noctibus,</span> <span class='ocrx_word' id='word_1_77' title='bbox 832 1299 863 1354; x_wconf 90' lang='lat' dir='ltr'>ut</span> <span class='ocrx_word' id='word_1_78' title='bbox 886 1287 1062 1370; x_wconf 75' lang='lat' dir='ltr'>plantemur</span> <span class='ocrx_word' id='word_1_79' title='bbox 1085 1290 1115 1354; x_wconf 86' lang='lat' dir='ltr'>in</span> <span class='ocrx_word' id='word_1_80' title='bbox 1140 1290 1239 1376; x_wconf 75' lang='lat' dir='ltr'>domo,</span> 
     </span>
     <span class='ocr_line' id='line_1_11' title="bbox 89 1393 1290 1470; baseline -0.001 -13"><span class='ocrx_word' id='word_1_81' title='bbox 89 1401 121 1458; x_wconf 91' lang='lat' dir='ltr'>nt</span> <span class='ocrx_word' id='word_1_82' title='bbox 152 1395 183 1458; x_wconf 89' lang='lat' dir='ltr'>iu</span> <span class='ocrx_word' id='word_1_83' title='bbox 208 1394 295 1458; x_wconf 90' lang='lat' dir='ltr'>atriis</span> <span class='ocrx_word' id='word_1_84' title='bbox 319 1393 493 1459; x_wconf 88' lang='lat' dir='ltr'>floreamus.</span> <span class='ocrx_word' id='word_1_85' title='bbox 539 1398 571 1459; x_wconf 87' lang='lat' dir='ltr'>et</span> <span class='ocrx_word' id='word_1_86' title='bbox 594 1393 827 1459; x_wconf 85' lang='lat' dir='ltr'>benedicendus</span> <span class='ocrx_word' id='word_1_87' title='bbox 862 1402 909 1459; x_wconf 89' lang='lat' dir='ltr'>est</span> <span class='ocrx_word' id='word_1_88' title='bbox 943 1394 1094 1470; x_wconf 87' lang='lat' dir='ltr'>dominus,</span> <span class='ocrx_word' id='word_1_89' title='bbox 1128 1393 1161 1458; x_wconf 93' lang='lat' dir='ltr'>id</span> <span class='ocrx_word' id='word_1_90' title='bbox 1191 1399 1237 1458; x_wconf 88' lang='lat' dir='ltr'>est</span> <span class='ocrx_word' id='word_1_91' title='bbox 1265 1420 1290 1456; x_wconf 82' lang='grc' dir='ltr'>ιο</span> 
     </span>
     <span class='ocr_line' id='line_1_12' title="bbox 91 1487 1235 1579; baseline 0.001 -17"><span class='ocrx_word' id='word_1_92' title='bbox 91 1518 157 1562; x_wconf 79' lang='lat' dir='ltr'>cunr</span> <span class='ocrx_word' id='word_1_93' title='bbox 182 1498 235 1563; x_wconf 89' lang='lat' dir='ltr'>dei</span> <span class='ocrx_word' id='word_1_94' title='bbox 258 1498 473 1564; x_wconf 87' lang='lat' dir='ltr'>benedictione</span> <span class='ocrx_word' id='word_1_95' title='bbox 496 1517 620 1579; x_wconf 79' lang='lat' dir='ltr'>semper</span> <span class='ocrx_word' id='word_1_96' title='bbox 642 1499 835 1577; x_wconf 90' lang='lat' dir='ltr'>operandum</span> <span class='ocrx_word' id='word_1_97' title='bbox 866 1503 921 1576; x_wconf 87' lang='lat' dir='ltr'>est,</span> <span class='ocrx_word' id='word_1_98' title='bbox 952 1519 998 1573; x_wconf 85' lang='lat' dir='ltr'>ua,</span> <span class='ocrx_word' id='word_1_99' title='bbox 1030 1487 1104 1563; x_wconf 70' lang='lat' dir='ltr'>cum&#39;</span> <span class='ocrx_word' id='word_1_100' title='bbox 1123 1519 1235 1579; x_wconf 90' lang='lat' dir='ltr'>panem</span> 
     </span>
     <span class='ocr_line' id='line_1_13' title="bbox 91 1601 1236 1684; baseline 0.002 -18"><span class='ocrx_word' id='word_1_101' title='bbox 91 1602 171 1683; x_wconf 91' lang='lat' dir='ltr'>inopi</span> <span class='ocrx_word' id='word_1_102' title='bbox 194 1603 345 1683; x_wconf 84' lang='lat' dir='ltr'>praeheas‚</span> <span class='ocrx_word' id='word_1_103' title='bbox 373 1608 458 1668; x_wconf 90' lang='lat' dir='ltr'>metu</span> <span class='ocrx_word' id='word_1_104' title='bbox 481 1601 573 1666; x_wconf 69' lang='lat' dir='ltr'>latinis</span> <span class='ocrx_word' id='word_1_105' title='bbox 608 1602 703 1666; x_wconf 85' lang='lat' dir='ltr'>tristis</span> <span class='ocrx_word' id='word_1_106' title='bbox 736 1601 796 1680; x_wconf 82' lang='lat' dir='ltr'>ais3</span> <span class='ocrx_word' id='word_1_107' title='bbox 831 1621 877 1679; x_wconf 81' lang='lat' dir='ltr'>ne,</span> <span class='ocrx_word' id='word_1_108' title='bbox 901 1622 972 1668; x_wconf 86' lang='lat' dir='ltr'>eum</span> <span class='ocrx_word' id='word_1_109' title='bbox 1003 1609 1161 1684; x_wconf 89' lang='lat' dir='ltr'>sumptum</span> <span class='ocrx_word' id='word_1_110' title='bbox 1189 1603 1236 1668; x_wconf 87' lang='lat' dir='ltr'>in—</span> 
     </span>
     <span class='ocr_line' id='line_1_14' title="bbox 90 1705 1236 1790; baseline 0.004 -21"><span class='ocrx_word' id='word_1_111' title='bbox 90 1707 210 1790; x_wconf 85' lang='lat' dir='ltr'>digenti</span> <span class='ocrx_word' id='word_1_112' title='bbox 233 1705 354 1783; x_wconf 86' lang='lat' dir='ltr'>offeras,</span> <span class='ocrx_word' id='word_1_113' title='bbox 379 1707 527 1771; x_wconf 85' lang='lat' dir='ltr'>damnum</span> <span class='ocrx_word' id='word_1_114' title='bbox 553 1711 658 1787; x_wconf 86' lang='lat' dir='ltr'>putes;</span> <span class='ocrx_word' id='word_1_115' title='bbox 688 1727 736 1784; x_wconf 85' lang='lat' dir='ltr'>ue,</span> <span class='ocrx_word' id='word_1_116' title='bbox 759 1727 831 1772; x_wconf 87' lang='lat' dir='ltr'>cum</span> <span class='ocrx_word' id='word_1_117' title='bbox 861 1708 978 1771; x_wconf 92' lang='lat' dir='ltr'>nudum</span> <span class='ocrx_word' id='word_1_118' title='bbox 1008 1713 1094 1773; x_wconf 90' lang='lat' dir='ltr'>ueate</span> <span class='ocrx_word' id='word_1_119' title='bbox 1117 1708 1236 1786; x_wconf 83' lang='lat' dir='ltr'>induas,</span> 
     </span>
     <span class='ocr_line' id='line_1_15' title="bbox 92 1809 1228 1878; baseline 0.004 -4"><span class='ocrx_word' id='word_1_120' title='bbox 92 1812 160 1876; x_wconf 92' lang='lat' dir='ltr'>exui</span> <span class='ocrx_word' id='word_1_121' title='bbox 184 1816 216 1874; x_wconf 73' lang='lat' dir='ltr'>to</span> <span class='ocrx_word' id='word_1_122' title='bbox 240 1810 408 1877; x_wconf 81' lang='lat' dir='ltr'>existimes.</span> <span class='ocrx_word' id='word_1_123' title='bbox 455 1809 629 1876; x_wconf 77' lang='lat' dir='ltr'>hilarem</span> <span class='ocrx_word' id='word_1_124' title='bbox 659 1811 762 1876; x_wconf 90' lang='lat' dir='ltr'>enirn</span> <span class='ocrx_word' id='word_1_125' title='bbox 789 1813 970 1876; x_wconf 88' lang='lat' dir='ltr'>datorem</span> <span class='ocrx_word' id='word_1_126' title='bbox 1003 1818 1108 1876; x_wconf 86' lang='lat' dir='ltr'>amat</span> <span class='ocrx_word' id='word_1_127' title='bbox 1132 1812 1228 1878; x_wconf 88' lang='lat' dir='ltr'>deus</span> 
     </span>
    </p>

    <p class='ocr_par' dir='ltr' id='par_1_3' title="bbox 85 1914 1288 2812">
     <span class='ocr_line' id='line_1_16' title="bbox 130 1914 1288 1996; baseline -0.003 -17"><span class='ocrx_word' id='word_1_128' title='bbox 130 1915 158 1979; x_wconf 85' lang='lat'>6.</span> <span class='ocrx_word' id='word_1_129' title='bbox 182 1915 267 1996; x_wconf 88' lang='lat' dir='ltr'>Quid</span> <span class='ocrx_word' id='word_1_130' title='bbox 300 1922 404 1980; x_wconf 88' lang='lat' dir='ltr'>autern</span> <span class='ocrx_word' id='word_1_131' title='bbox 439 1914 509 1979; x_wconf 66' lang='lat' dir='ltr'>laeta</span> <span class='ocrx_word' id='word_1_132' title='bbox 543 1922 573 1980; x_wconf 89' lang='lat' dir='ltr'>et</span> <span class='ocrx_word' id='word_1_133' title='bbox 607 1915 824 1980; x_wconf 82' lang='lat' dir='ltr'>benedicentia</span> <span class='ocrx_word' id='word_1_134' title='bbox 862 1914 1050 1980; x_wconf 90' lang='lat' dir='ltr'>eleuatarum</span> <span class='ocrx_word' id='word_1_135' title='bbox 1089 1936 1234 1982; x_wconf 90' lang='lat' dir='ltr'>manuum</span> <span class='ocrx_word' id='word_1_136' title='bbox 1262 1939 1288 1976; x_wconf 78' lang='lat' dir='ltr'>rs</span> 
     </span>
     <span class='ocr_line' id='line_1_17' title="bbox 88 2019 1236 2102; baseline 0.003 -20"><span class='ocrx_word' id='word_1_137' title='bbox 88 2039 182 2102; x_wconf 88' lang='lat' dir='ltr'>opera</span> <span class='ocrx_word' id='word_1_138' title='bbox 205 2023 392 2098; x_wconf 85' lang='lat' dir='ltr'>mereantur,</span> <span class='ocrx_word' id='word_1_139' title='bbox 416 2020 551 2084; x_wconf 88' lang='lat' dir='ltr'>ostendit</span> <span class='ocrx_word' id='word_1_140' title='bbox 574 2019 696 2085; x_wconf 88' lang='lat' dir='ltr'>dicens:</span> <span class='ocrx_word' id='word_1_141' title='bbox 732 2019 955 2086; x_wconf 88' lang='lat' dir='ltr'>benedicat</span> <span class='ocrx_word' id='word_1_142' title='bbox 985 2027 1021 2084; x_wconf 89' lang='lat' dir='ltr'>te</span> <span class='ocrx_word' id='word_1_143' title='bbox 1052 2020 1236 2085; x_wconf 88' lang='lat' dir='ltr'>domiuus</span> 
     </span>
     <span class='ocr_line' id='line_1_18' title="bbox 90 2121 1236 2199; baseline 0.001 -12"><span class='ocrx_word' id='word_1_144' title='bbox 90 2144 132 2187; x_wconf 87' lang='lat' dir='ltr'>ax</span> <span class='ocrx_word' id='word_1_145' title='bbox 168 2122 275 2199; x_wconf 83' lang='lat' dir='ltr'>Sion,</span> <span class='ocrx_word' id='word_1_146' title='bbox 311 2123 454 2187; x_wconf 89' lang='lat' dir='ltr'>dominus</span> <span class='ocrx_word' id='word_1_147' title='bbox 488 2121 607 2188; x_wconf 89' lang='lat' dir='ltr'>scilicet</span> <span class='ocrx_word' id='word_1_148' title='bbox 639 2122 778 2188; x_wconf 75' lang='lat' dir='ltr'>ecclesie</span> <span class='ocrx_word' id='word_1_149' title='bbox 802 2128 833 2188; x_wconf 90' lang='lat' dir='ltr'>et</span> <span class='ocrx_word' id='word_1_150' title='bbox 854 2131 968 2189; x_wconf 77' lang='lat' dir='ltr'>sancta</span> <span class='ocrx_word' id='word_1_151' title='bbox 1004 2122 1182 2190; x_wconf 87' lang='lat' dir='ltr'>Hiemsales</span> <span class='ocrx_word' id='word_1_152' title='bbox 1206 2130 1236 2190; x_wconf 91' lang='lat' dir='ltr'>et</span> 
     </span>
     <span class='ocr_line' id='line_1_19' title="bbox 88 2225 1235 2310; baseline 0.004 -20"><span class='ocrx_word' id='word_1_153' title='bbox 88 2226 222 2293; x_wconf 84' lang='lat' dir='ltr'>ciuitatis</span> <span class='ocrx_word' id='word_1_154' title='bbox 244 2225 324 2291; x_wconf 89' lang='lat' dir='ltr'>uiuis</span> <span class='ocrx_word' id='word_1_155' title='bbox 346 2226 500 2308; x_wconf 79' lang='lat' dir='ltr'>lapidibus</span> <span class='ocrx_word' id='word_1_156' title='bbox 523 2246 720 2310; x_wconf 85' lang='lat' dir='ltr'>gemmarum</span> <span class='ocrx_word' id='word_1_157' title='bbox 745 2233 900 2292; x_wconf 81' lang='lat' dir='ltr'>extructae.</span> <span class='ocrx_word' id='word_1_158' title='bbox 946 2234 977 2292; x_wconf 90' lang='lat' dir='ltr'>et</span> <span class='ocrx_word' id='word_1_159' title='bbox 993 2235 1025 2293; x_wconf 91' lang='lat' dir='ltr'>ut</span> <span class='ocrx_word' id='word_1_160' title='bbox 1040 2229 1071 2292; x_wconf 93' lang='lat' dir='ltr'>in</span> <span class='ocrx_word' id='word_1_161' title='bbox 1088 2229 1145 2296; x_wconf 91' lang='lat' dir='ltr'>deo</span> <span class='ocrx_word' id='word_1_162' title='bbox 1161 2249 1235 2295; x_wconf 90' lang='lat' dir='ltr'>uero</span> 
     </span>
     <span class='ocr_line' id='line_1_20' title="bbox 87 2332 1234 2415; baseline 0.001 -20"><span class='ocrx_word' id='word_1_163' title='bbox 87 2336 117 2396; x_wconf 88' lang='lat' dir='ltr'>et</span> <span class='ocrx_word' id='word_1_164' title='bbox 132 2339 251 2397; x_wconf 83' lang='lat' dir='ltr'>aeterno</span> <span class='ocrx_word' id='word_1_165' title='bbox 268 2350 354 2412; x_wconf 88' lang='lat' dir='ltr'>spem</span> <span class='ocrx_word' id='word_1_166' title='bbox 370 2350 498 2396; x_wconf 89' lang='lat' dir='ltr'>omnem</span> <span class='ocrx_word' id='word_1_167' title='bbox 513 2336 652 2395; x_wconf 89' lang='lat' dir='ltr'>nostram</span> <span class='ocrx_word' id='word_1_168' title='bbox 669 2332 800 2412; x_wconf 84' lang='lat' dir='ltr'>positam</span> <span class='ocrx_word' id='word_1_169' title='bbox 818 2351 1086 2415; x_wconf 86' lang='lat' dir='ltr'>cognosceremus,</span> <span class='ocrx_word' id='word_1_170' title='bbox 1110 2332 1234 2404; x_wconf 84' lang='lat' dir='ltr'>adiecit:</span> 
     </span>
     <span class='ocr_line' id='line_1_21' title="bbox 87 2434 1288 2517; baseline 0.002 -18"><span class='ocrx_word' id='word_1_171' title='bbox 87 2436 152 2517; x_wconf 90' lang='lat' dir='ltr'>qui</span> <span class='ocrx_word' id='word_1_172' title='bbox 176 2434 435 2500; x_wconf 83' lang='lat' dir='ltr'>tecitcaelum</span> <span class='ocrx_word' id='word_1_173' title='bbox 459 2441 496 2500; x_wconf 88' lang='lat' dir='ltr'>et</span> <span class='ocrx_word' id='word_1_174' title='bbox 519 2440 680 2512; x_wconf 86' lang='lat' dir='ltr'>terram,</span> <span class='ocrx_word' id='word_1_175' title='bbox 712 2434 1234 2502; x_wconf 85' lang='lat' dir='ltr'>eurusciliceleaclesiarumdeum</span> <span class='ocrx_word' id='word_1_176' title='bbox 1260 2456 1288 2494; x_wconf 74' lang='lat' dir='ltr'>so</span> 
     </span>
     <span class='ocr_line' id='line_1_22' title="bbox 86 2539 1232 2623; baseline 0.003 -20"><span class='ocrx_word' id='word_1_177' title='bbox 86 2558 154 2605; x_wconf 88' lang='lat' dir='ltr'>esse</span> <span class='ocrx_word' id='word_1_178' title='bbox 178 2539 408 2614; x_wconf 84' lang='lat' dir='ltr'>demonstrans,</span> <span class='ocrx_word' id='word_1_179' title='bbox 431 2540 484 2623; x_wconf 91' lang='lat' dir='ltr'>qui</span> <span class='ocrx_word' id='word_1_180' title='bbox 506 2539 614 2605; x_wconf 73' lang='lat' dir='ltr'>celum</span> <span class='ocrx_word' id='word_1_181' title='bbox 640 2539 766 2605; x_wconf 85' lang='lat' dir='ltr'>fecisset</span> <span class='ocrx_word' id='word_1_182' title='bbox 789 2546 818 2604; x_wconf 91' lang='lat' dir='ltr'>et</span> <span class='ocrx_word' id='word_1_183' title='bbox 841 2545 971 2606; x_wconf 88' lang='lat' dir='ltr'>terram:</span> <span class='ocrx_word' id='word_1_184' title='bbox 996 2561 1051 2622; x_wconf 90' lang='lat' dir='ltr'>per</span> <span class='ocrx_word' id='word_1_185' title='bbox 1074 2541 1232 2608; x_wconf 89' lang='lat' dir='ltr'>domiuum</span> 
     </span>
     <span class='ocr_line' id='line_1_23' title="bbox 85 2641 1234 2726; baseline 0.003 -20"><span class='ocrx_word' id='word_1_186' title='bbox 85 2649 228 2708; x_wconf 86' lang='lat' dir='ltr'>nostrum</span> <span class='ocrx_word' id='word_1_187' title='bbox 252 2641 358 2707; x_wconf 88' lang='lat' dir='ltr'>lesum</span> <span class='ocrx_word' id='word_1_188' title='bbox 381 2641 550 2722; x_wconf 79' lang='lat' dir='ltr'>Christum,</span> <span class='ocrx_word' id='word_1_189' title='bbox 582 2644 635 2726; x_wconf 90' lang='lat' dir='ltr'>qui</span> <span class='ocrx_word' id='word_1_190' title='bbox 665 2649 713 2709; x_wconf 90' lang='lat' dir='ltr'>est</span> <span class='ocrx_word' id='word_1_191' title='bbox 743 2643 924 2715; x_wconf 85' lang='lat' dir='ltr'>benedictus</span> <span class='ocrx_word' id='word_1_192' title='bbox 948 2644 978 2708; x_wconf 91' lang='lat' dir='ltr'>in</span> <span class='ocrx_word' id='word_1_193' title='bbox 1002 2644 1116 2716; x_wconf 84' lang='lat' dir='ltr'>saeeula</span> <span class='ocrx_word' id='word_1_194' title='bbox 1139 2665 1234 2722; x_wconf 79' lang='lat' dir='ltr'>saecu·</span> 
     </span>
     <span class='ocr_line' id='line_1_24' title="bbox 85 2747 342 2812; baseline 0.004 -3"><span class='ocrx_word' id='word_1_195' title='bbox 85 2747 195 2812; x_wconf 90' lang='lat' dir='ltr'>lorum.</span> <span class='ocrx_word' id='word_1_196' title='bbox 243 2767 342 2811; x_wconf 91' lang='lat' dir='ltr'>amen.</span> 
     </span>
    </p>
   </div>
   <div class='ocr_carea' id='block_1_3' title="bbox 479 2866 852 2951">
    <p class='ocr_par' dir='ltr' id='par_1_4' title="bbox 479 2866 852 2951">
     <span class='ocr_line' id='line_1_25' title="bbox 479 2866 852 2951; baseline 0.003 -3"><span class='ocrx_word' id='word_1_197' title='bbox 479 2866 664 2951; x_wconf 74' lang='lat' dir='ltr'>PSrlthlS</span> <span class='ocrx_word' id='word_1_198' title='bbox 691 2867 852 2949; x_wconf 79' lang='lat' dir='ltr'>CXXXIV.</span> 
     </span>
    </p>
   </div>
   <div class='ocr_carea' id='block_1_4' title="bbox 82 2990 1287 3595">
    <p class='ocr_par' dir='ltr' id='par_1_5' title="bbox 82 2990 1287 3595">
     <span class='ocr_line' id='line_1_26' title="bbox 564 2990 1287 3056; baseline 0.001 -1"><span class='ocrx_word' id='word_1_199' title='bbox 564 2990 758 3056; x_wconf 87' lang='lat' dir='ltr'>Alleluia.</span> <span class='ocrx_word' id='word_1_200' title='bbox 1261 3009 1287 3048; x_wconf 72' lang='lat' dir='ltr'>os</span> 
     </span>
     <span class='ocr_line' id='line_1_27' title="bbox 127 3094 1232 3170; baseline 0.001 -11"><span class='ocrx_word' id='word_1_201' title='bbox 127 3094 318 3159; x_wconf 85' lang='lat' dir='ltr'>Laudato</span> <span class='ocrx_word' id='word_1_202' title='bbox 341 3114 481 3160; x_wconf 86' lang='lat' dir='ltr'>nomeu</span> <span class='ocrx_word' id='word_1_203' title='bbox 506 3095 666 3170; x_wconf 87' lang='lat' dir='ltr'>domini,</span> <span class='ocrx_word' id='word_1_204' title='bbox 691 3094 859 3162; x_wconf 86' lang='lat' dir='ltr'>laudate</span> <span class='ocrx_word' id='word_1_205' title='bbox 882 3097 992 3162; x_wconf 89' lang='lat' dir='ltr'>serui</span> <span class='ocrx_word' id='word_1_206' title='bbox 1017 3096 1232 3161; x_wconf 90' lang='lat' dir='ltr'>domiuum:</span> 
     </span>
     <span class='ocr_line' id='line_1_28' title="bbox 84 3199 1232 3281; baseline 0.001 -18"><span class='ocrx_word' id='word_1_207' title='bbox 84 3199 151 3281; x_wconf 91' lang='lat' dir='ltr'>qui</span> <span class='ocrx_word' id='word_1_208' title='bbox 186 3199 313 3264; x_wconf 85' lang='lat' dir='ltr'>atatis</span> <span class='ocrx_word' id='word_1_209' title='bbox 346 3201 384 3263; x_wconf 89' lang='lat' dir='ltr'>iu</span> <span class='ocrx_word' id='word_1_210' title='bbox 416 3200 530 3265; x_wconf 92' lang='lat' dir='ltr'>domo</span> <span class='ocrx_word' id='word_1_211' title='bbox 561 3199 722 3274; x_wconf 87' lang='lat' dir='ltr'>domiui,</span> <span class='ocrx_word' id='word_1_212' title='bbox 755 3200 794 3263; x_wconf 91' lang='lat' dir='ltr'>in</span> <span class='ocrx_word' id='word_1_213' title='bbox 829 3200 950 3265; x_wconf 88' lang='lat' dir='ltr'>atriis</span> <span class='ocrx_word' id='word_1_214' title='bbox 980 3199 1134 3265; x_wconf 90' lang='lat' dir='ltr'>domini</span> <span class='ocrx_word' id='word_1_215' title='bbox 1169 3200 1232 3265; x_wconf 91' lang='lat' dir='ltr'>dei</span> 
     </span>
     <span class='ocr_line' id='line_1_29' title="bbox 85 3303 231 3368; baseline 0.021 -4"><span class='ocrx_word' id='word_1_216' title='bbox 85 3303 231 3368; x_wconf 88' lang='lat' dir='ltr'>nostri.</span> 
     </span>
     <span class='ocr_line' id='line_1_30' title="bbox 128 3385 1232 3488; baseline 0.002 -18"><span class='ocrx_word' id='word_1_217' title='bbox 128 3407 156 3470; x_wconf 88' lang='lat'>1.</span> <span class='ocrx_word' id='word_1_218' title='bbox 188 3385 335 3472; x_wconf 70' lang='lat' dir='ltr'>Psalmus</span> <span class='ocrx_word' id='word_1_219' title='bbox 370 3409 540 3473; x_wconf 87' lang='lat' dir='ltr'>secuudum</span> <span class='ocrx_word' id='word_1_220' title='bbox 579 3406 813 3488; x_wconf 84' lang='lat' dir='ltr'>simplicitatem</span> <span class='ocrx_word' id='word_1_221' title='bbox 851 3407 1041 3472; x_wconf 90' lang='lat' dir='ltr'>audientium</span> <span class='ocrx_word' id='word_1_222' title='bbox 1075 3406 1232 3473; x_wconf 88' lang='lat' dir='ltr'>absolutus</span> 
     </span>
     <span class='ocr_line' id='line_1_31' title="bbox 82 3509 1233 3595; baseline 0 -21"><span class='ocrx_word' id='word_1_223' title='bbox 82 3511 217 3577; x_wconf 87' lang='lat' dir='ltr'>uidetur.</span> <span class='ocrx_word' id='word_1_224' title='bbox 262 3531 300 3576; x_wconf 89' lang='lat' dir='ltr'>ea</span> <span class='ocrx_word' id='word_1_225' title='bbox 323 3511 407 3576; x_wconf 91' lang='lat' dir='ltr'>enim</span> <span class='ocrx_word' id='word_1_226' title='bbox 431 3532 468 3577; x_wconf 86' lang='lat' dir='ltr'>er</span> <span class='ocrx_word' id='word_1_227' title='bbox 491 3513 608 3576; x_wconf 87' lang='lat' dir='ltr'>maiore</span> <span class='ocrx_word' id='word_1_228' title='bbox 631 3513 764 3592; x_wconf 86' lang='lat' dir='ltr'>partein</span> <span class='ocrx_word' id='word_1_229' title='bbox 782 3531 819 3576; x_wconf 90' lang='lat' dir='ltr'>eo</span> <span class='ocrx_word' id='word_1_230' title='bbox 835 3513 1037 3588; x_wconf 87' lang='lat' dir='ltr'>continentur,</span> <span class='ocrx_word' id='word_1_231' title='bbox 1062 3531 1130 3595; x_wconf 86' lang='lat' dir='ltr'>quae</span> <span class='ocrx_word' id='word_1_232' title='bbox 1155 3509 1233 3575; x_wconf 88' lang='lat' dir='ltr'>libro</span> 
     </span>
    </p>
   </div>
   <div class='ocr_carea' id='block_1_5' title="bbox 127 3633 634 3701">
    <p class='ocr_par' dir='ltr' id='par_1_6' title="bbox 127 3633 634 3701">
     <span class='ocr_line' id='line_1_32' title="bbox 127 3633 634 3701; baseline 0.006 -16"><span class='ocrx_word' id='word_1_233' title='bbox 127 3637 139 3685; x_wconf 89' lang='lat' dir='ltr'>r</span> <span class='ocrx_word' id='word_1_234' title='bbox 161 3633 207 3686; x_wconf 71' lang='lat' dir='ltr'>rs.</span> <span class='ocrx_word' id='word_1_235' title='bbox 229 3633 307 3701; x_wconf 80' lang='lat' dir='ltr'>cxc,</span> <span class='ocrx_word' id='word_1_236' title='bbox 325 3636 350 3688; x_wconf 77' lang='lat' dir='ltr'>a.</span> <span class='ocrx_word' id='word_1_237' title='bbox 388 3637 422 3687; x_wconf 79' lang='lat' dir='ltr'>rr</span> <span class='ocrx_word' id='word_1_238' title='bbox 440 3635 466 3688; x_wconf 91' lang='lat'>11</span> <span class='ocrx_word' id='word_1_239' title='bbox 484 3633 546 3688; x_wconf 73' lang='lat' dir='ltr'>cor.</span> <span class='ocrx_word' id='word_1_240' title='bbox 565 3636 590 3701; x_wconf 83' lang='lat' dir='ltr'>e,</span> <span class='ocrx_word' id='word_1_241' title='bbox 610 3637 634 3688; x_wconf 82' lang='lat' dir='ltr'>r.</span> 
     </span>
    </p>
   </div>
   <div class='ocr_carea' id='block_1_6' title="bbox 80 3737 1237 4313">
    <p class='ocr_par' dir='ltr' id='par_1_7' title="bbox 80 3737 1237 4313">
     <span class='ocr_line' id='line_1_33' title="bbox 124 3737 1232 3806; baseline -0.002 -15"><span class='ocrx_word' id='word_1_242' title='bbox 124 3737 252 3791; x_wconf 69' lang='lat' dir='ltr'>assuris</span> <span class='ocrx_word' id='word_1_243' title='bbox 279 3755 310 3791; x_wconf 74' lang='lat' dir='ltr'>aa</span> <span class='ocrx_word' id='word_1_244' title='bbox 338 3739 412 3791; x_wconf 88' lang='lat' dir='ltr'>auris</span> <span class='ocrx_word' id='word_1_245' title='bbox 440 3738 467 3791; x_wconf 90' lang='lat' dir='ltr'><strong><em>P</em></strong></span> <span class='ocrx_word' id='word_1_246' title='bbox 516 3739 633 3792; x_wconf 82' lang='lat' dir='ltr'>lldomo</span> <span class='ocrx_word' id='word_1_247' title='bbox 661 3757 691 3792; x_wconf 77' lang='lat' dir='ltr'>aa</span> <span class='ocrx_word' id='word_1_248' title='bbox 717 3739 802 3792; x_wconf 89' lang='lat' dir='ltr'>domu</span> <span class='ocrx_word' id='word_1_249' title='bbox 831 3737 856 3790; x_wconf 90' lang='lat' dir='ltr'><em>P</em></span> <span class='ocrx_word' id='word_1_250' title='bbox 915 3739 944 3792; x_wconf 92' lang='lat' dir='ltr'>ll</span> <span class='ocrx_word' id='word_1_251' title='bbox 965 3738 1136 3806; x_wconf 83' lang='lat' dir='ltr'>operandum</span> <span class='ocrx_word' id='word_1_252' title='bbox 1165 3739 1232 3792; x_wconf 70' lang='grc' dir='ltr'>ΟΤΙ)</span> 
     </span>
     <span class='ocr_line' id='line_1_34' title="bbox 81 3825 1234 3894; baseline 0.002 -18"><span class='ocrx_word' id='word_1_253' title='bbox 81 3825 221 3878; x_wconf 86' lang='lat' dir='ltr'>orandum</span> <span class='ocrx_word' id='word_1_254' title='bbox 247 3825 285 3878; x_wconf 82' lang='lat' dir='ltr'>Pe</span> <span class='ocrx_word' id='word_1_255' title='bbox 340 3827 372 3878; x_wconf 79' lang='lat' dir='ltr'>la</span> <span class='ocrx_word' id='word_1_256' title='bbox 390 3830 531 3894; x_wconf 86' lang='lat' dir='ltr'>sumptum</span> <span class='ocrx_word' id='word_1_257' title='bbox 560 3826 599 3878; x_wconf 85' lang='lat' dir='ltr'>Ge</span> <span class='ocrx_word' id='word_1_258' title='bbox 625 3831 738 3894; x_wconf 83' lang='lat' dir='ltr'>sumptu</span> <span class='ocrx_word' id='word_1_259' title='bbox 765 3825 792 3878; x_wconf 91' lang='lat' dir='ltr'><em>P</em></span> <span class='ocrx_word' id='word_1_260' title='bbox 816 3825 888 3894; x_wconf 85' lang='lat' dir='ltr'>sllpt’</span> <span class='ocrx_word' id='word_1_261' title='bbox 918 3825 957 3878; x_wconf 83' lang='lat' dir='ltr'>Tb</span> <span class='ocrx_word' id='word_1_262' title='bbox 1011 3827 1044 3879; x_wconf 79' lang='lat'>13</span> <span class='ocrx_word' id='word_1_263' title='bbox 1062 3825 1154 3879; x_wconf 89' lang='lat' dir='ltr'>induis</span> <span class='ocrx_word' id='word_1_264' title='bbox 1182 3825 1234 3878; x_wconf 89' lang='lat' dir='ltr'>PT</span> 
     </span>
     <span class='ocr_line' id='line_1_35' title="bbox 83 3910 1231 3983; baseline 0.003 -21"><span class='ocrx_word' id='word_1_265' title='bbox 83 3913 114 3964; x_wconf 82' lang='lat'>17</span> <span class='ocrx_word' id='word_1_266' title='bbox 133 3911 254 3965; x_wconf 81' lang='lat' dir='ltr'>eclesiae</span> <span class='ocrx_word' id='word_1_267' title='bbox 275 3911 300 3964; x_wconf 83' lang='lat' dir='ltr'><em>G</em></span> <span class='ocrx_word' id='word_1_268' title='bbox 352 3911 504 3964; x_wconf 80' lang='lat' dir='ltr'>hierusales</span> <span class='ocrx_word' id='word_1_269' title='bbox 525 3913 550 3964; x_wconf 81' lang='lat' dir='ltr'><em>G</em></span> <span class='ocrx_word' id='word_1_270' title='bbox 566 3911 735 3966; x_wconf 88' lang='lat' dir='ltr'>hierusalem</span> <span class='ocrx_word' id='word_1_271' title='bbox 754 3912 805 3964; x_wconf 67' lang='lat' dir='ltr'>Vr</span> <span class='ocrx_word' id='word_1_272' title='bbox 821 3914 855 3981; x_wconf 85' lang='lat' dir='ltr'>cf.</span> <span class='ocrx_word' id='word_1_273' title='bbox 881 3912 962 3965; x_wconf 82' lang='lat' dir='ltr'>Acori.</span> <span class='ocrx_word' id='word_1_274' title='bbox 987 3931 1015 3983; x_wconf 84' lang='lat' dir='ltr'>p.</span> <span class='ocrx_word' id='word_1_275' title='bbox 1043 3910 1082 3964; x_wconf 67' lang='lat'>2⁸</span> <span class='ocrx_word' id='word_1_276' title='bbox 1103 3923 1126 3964; x_wconf 88' lang='lat' dir='ltr'>et</span> <span class='ocrx_word' id='word_1_277' title='bbox 1141 3913 1231 3983; x_wconf 55' lang='lat' dir='ltr'>prad.</span> 
     </span>
     <span class='ocr_line' id='line_1_36' title="bbox 83 3997 1232 4068; baseline 0.002 -18"><span class='ocrx_word' id='word_1_278' title='bbox 83 3997 114 4050; x_wconf 85' lang='lat'>18</span> <span class='ocrx_word' id='word_1_279' title='bbox 132 3997 275 4067; x_wconf 84' lang='lat' dir='ltr'>lapidibus</span> <span class='ocrx_word' id='word_1_280' title='bbox 293 4015 466 4066; x_wconf 74' lang='lat' dir='ltr'>gemmarum</span> <span class='ocrx_word' id='word_1_281' title='bbox 486 4001 511 4052; x_wconf 83' lang='lat' dir='ltr'><em>G</em></span> <span class='ocrx_word' id='word_1_282' title='bbox 529 4015 701 4067; x_wconf 76' lang='lat' dir='ltr'>gemmarum</span> <span class='ocrx_word' id='word_1_283' title='bbox 710 3999 851 4068; x_wconf 85' lang='lat' dir='ltr'>lapidibus</span> <span class='ocrx_word' id='word_1_284' title='bbox 861 3999 940 4052; x_wconf 86' lang='lat' dir='ltr'>PTE</span> <span class='ocrx_word' id='word_1_285' title='bbox 990 3999 1082 4052; x_wconf 84' lang='lat' dir='ltr'>eritin</span> <span class='ocrx_word' id='word_1_286' title='bbox 1094 3997 1147 4052; x_wconf 86' lang='lat' dir='ltr'>deo</span> <span class='ocrx_word' id='word_1_287' title='bbox 1165 4017 1232 4052; x_wconf 84' lang='lat' dir='ltr'>uero</span> 
     </span>
     <span class='ocr_line' id='line_1_37' title="bbox 81 4085 1237 4158; baseline -0.002 -20"><span class='ocrx_word' id='word_1_288' title='bbox 81 4091 196 4138; x_wconf 85' lang='lat' dir='ltr'>aeterno</span> <span class='ocrx_word' id='word_1_289' title='bbox 216 4089 248 4138; x_wconf 85' lang='lat' dir='ltr'>ut</span> <span class='ocrx_word' id='word_1_290' title='bbox 271 4101 349 4154; x_wconf 87' lang='lat' dir='ltr'>spem</span> <span class='ocrx_word' id='word_1_291' title='bbox 368 4086 395 4137; x_wconf 81' lang='grc' dir='ltr'><em>Ρ</em></span> <span class='ocrx_word' id='word_1_292' title='bbox 408 4085 534 4154; x_wconf 82' lang='lat' dir='ltr'>Explicit</span> <span class='ocrx_word' id='word_1_293' title='bbox 557 4087 631 4158; x_wconf 85' lang='lat' dir='ltr'>psals¹</span> <span class='ocrx_word' id='word_1_294' title='bbox 651 4085 789 4139; x_wconf 85' lang='lat' dir='ltr'>CXXXIII</span> <span class='ocrx_word' id='word_1_295' title='bbox 813 4085 913 4153; x_wconf 89' lang='lat' dir='ltr'>incipit</span> <span class='ocrx_word' id='word_1_296' title='bbox 940 4085 1014 4154; x_wconf 84' lang='lat' dir='ltr'>psals</span> <span class='ocrx_word' id='word_1_297' title='bbox 1033 4085 1186 4139; x_wconf 82' lang='lat' dir='ltr'>CXXXIIII</span> <span class='ocrx_word' id='word_1_298' title='bbox 1207 4087 1237 4136; x_wconf 77' lang='grc' dir='ltr'>(ι’.</span> 
     </span>
     <span class='ocr_line' id='line_1_38' title="bbox 80 4169 1230 4242; baseline 0.002 -18"><span class='ocrx_word' id='word_1_299' title='bbox 80 4169 209 4240; x_wconf 80' lang='lat' dir='ltr'>Explicit</span> <span class='ocrx_word' id='word_1_300' title='bbox 226 4173 348 4240; x_wconf 88' lang='lat' dir='ltr'>psalmus</span> <span class='ocrx_word' id='word_1_301' title='bbox 361 4173 499 4226; x_wconf 85' lang='lat' dir='ltr'>CXXXIII</span> <span class='ocrx_word' id='word_1_302' title='bbox 518 4173 563 4226; x_wconf 79' lang='lat' dir='ltr'>ind</span> <span class='ocrx_word' id='word_1_303' title='bbox 582 4173 620 4226; x_wconf 74' lang='lat' dir='ltr'>ite</span> <span class='ocrx_word' id='word_1_304' title='bbox 634 4173 786 4226; x_wconf 88' lang='lat' dir='ltr'>CXXXIIII</span> <span class='ocrx_word' id='word_1_305' title='bbox 800 4173 826 4224; x_wconf 88' lang='lat' dir='ltr'><em>P</em></span> <span class='ocrx_word' id='word_1_306' title='bbox 841 4171 922 4241; x_wconf 86' lang='lat' dir='ltr'>Expl.</span> <span class='ocrx_word' id='word_1_307' title='bbox 942 4173 976 4226; x_wconf 93' lang='lat' dir='ltr'>de</span> <span class='ocrx_word' id='word_1_308' title='bbox 996 4173 1134 4225; x_wconf 82' lang='lat' dir='ltr'>CXXXIII</span> <span class='ocrx_word' id='word_1_309' title='bbox 1146 4172 1230 4242; x_wconf 90' lang='lat' dir='ltr'>incip.</span> 
     </span>
     <span class='ocr_line' id='line_1_39' title="bbox 81 4258 1166 4313; baseline 0.002 -4"><span class='ocrx_word' id='word_1_310' title='bbox 81 4258 114 4311; x_wconf 84' lang='lat' dir='ltr'>de</span> <span class='ocrx_word' id='word_1_311' title='bbox 134 4258 292 4313; x_wconf 89' lang='lat' dir='ltr'>CXXXIIII</span> <span class='ocrx_word' id='word_1_312' title='bbox 312 4259 341 4312; x_wconf 89' lang='lat' dir='ltr'>T.</span> <span class='ocrx_word' id='word_1_313' title='bbox 1163 4291 1166 4298; x_wconf 90' lang='lat'>·</span> 
     </span>
    </p>
   </div>
   <div class='ocr_carea' id='block_1_7' title="bbox 0 0 1542 4967">
    <p class='ocr_par' dir='ltr' id='par_1_8' title="bbox 0 0 1542 4967">
     <span class='ocr_line' id='line_1_40' title="bbox 0 0 1542 4967; baseline 0 6"><span class='ocrx_word' id='word_1_314' title='bbox 0 0 1542 4967; x_wconf 95' lang='lat' dir='ltr'> </span> 
     </span>
    </p>
   </div>
  </div>
 </body>
</html>
