3075 4967
424 303 606 353 tractatus
631 300 666 353 in
688 298 861 368 psalmum
889 300 909 353 l.
1196 301 1237 366 ‘25

97 494 217 569 peccato
246 509 304 570 per
333 489 363 553 id
396 488 485 554 liberi
509 489 577 567 sint,
609 490 639 553 in
664 488 795 555 ecclesia
828 490 954 573 quidem
978 497 1147 567 manentes,
1182 490 1239 555 sed

98 590 231 657 ecclesiae
256 592 449 674 disciplinam
472 613 533 657 non
550 598 705 659 tenentes:
739 600 773 658 ut
787 594 881 672 anari,
905 593 1027 671 ebriosi,
1050 593 1238 673 tumultuosi,

96 716 247 779 procaces,
257 697 388 781 superbi,
396 696 599 775 simulatores,
607 699 783 775 mendaces,
792 717 927 779 rapaces.
944 698 1100 763 etadbaec
1111 698 1236 782 quidem

96 820 147 865 nos
157 801 234 865 uitia
258 806 372 866 natiue
385 808 497 866 nostrae
513 800 655 883 propellit
670 803 851 881 instinctus3
874 805 931 868 sed
948 803 1022 868 utile
1037 809 1094 880 est,
1119 822 1174 868 nos
1189 804 1241 866 uia

97 905 159 981 hac,
181 905 329 989 adquam
344 906 480 984 ferimur,
497 907 675 985 abscedere,
701 926 803 991 neque
818 907 989 973 consistere
1005 906 1076 985 illic,
1098 905 1238 971 adhibito
1264 934 1278 973 a

98 1010 267 1074 decedendi
297 1028 334 1074 er
362 1028 399 1075 ea
428 1030 489 1073 non
521 1030 641 1075 moroso
672 1031 807 1076 recursu.
853 1018 884 1076 et
914 1012 1030 1076 idcirco
1060 1012 1169 1077 beatus
1192 1011 1240 1075 uir

98 1115 222 1197 estqui
248 1114 281 1177 in
303 1114 353 1178 uia
374 1121 569 1195 peccatorum
601 1134 660 1178 non
691 1116 785 1191 stetit,
816 1122 927 1180 natura
956 1116 1081 1200 quidem
1102 1115 1134 1179 in
1156 1114 1240 1179 uiam

97 1218 170 1283 hanc
193 1218 363 1296 deserente,
386 1219 442 1283 sed
466 1239 502 1283 ex
524 1219 575 1283 uia
597 1219 657 1284 hac
679 1218 751 1285 fidei
776 1217 927 1303 religione
950 1219 1115 1285 referente.

135 1322 183 1386 10.
207 1322 331 1387 Tertius
365 1341 487 1406 quoque
510 1321 561 1387 hie
584 1324 760 1389 obtinendae
795 1323 994 1389 beatitudinis
1018 1324 1092 1388 ordo
1115 1330 1172 1400 est,
1207 1326 1239 1388 in

95 1426 237 1491 cathedra
261 1426 443 1511 pestilentiae
467 1446 528 1491 non
559 1429 676 1492 sedere.
721 1429 870 1493 sederunt
897 1429 929 1491 in
960 1426 1107 1492 cathedra
1137 1428 1238 1510 Moysi
1267 1457 1291 1493 ιο

97 1530 237 1613 pharisaei
262 1532 416 1609 docentes,
447 1530 528 1595 sedit
558 1538 588 1595 et
610 1531 726 1596 Pilatus
760 1532 792 1596 in
827 1530 988 1597 tribunali:
1020 1533 1106 1597 cuins
1136 1533 1240 1616 itaque

100 1635 251 1700 cathedrae
282 1636 453 1700 sessionem
487 1636 730 1700 existimabimus
765 1635 986 1717 pestilentem?
1038 1657 1100 1701 non
1133 1638 1240 1720 utique

101 1738 203 1823 lloysi.
227 1740 354 1804 domino
374 1740 519 1805 sedentes
542 1740 641 1821 potius
665 1760 756 1823 quam
780 1741 950 1805 sessionem
967 1740 1240 1821 cathedraeinpro-

97 1842 188 1920 hante,
211 1864 283 1908 oum
308 1844 396 1909 dicit:
421 1862 542 1924 super
565 1843 811 1921 cathedram,
842 1845 948 1928 inquit,
973 1844 1104 1929 Moysi
1126 1847 1239 1910 sede-

96 1954 179 2011 runt
202 1948 353 2013 scribae
376 1954 414 2013 et
445 1945 655 2028 pharisrei3
685 1968 944 2032 quaecumque
974 1950 1157 2013 dixerint
1185 1950 1238 2013 fa·
1266 1978 1292 2013 ιε

98 2052 179 2117 cite.
203 2072 289 2135 quae
313 2058 443 2115 autem
468 2052 787 2129 faciuntfaeere
811 2052 948 2117 nolite.
972 2050 1126 2117 cathedrae
1148 2052 1239 2117 huius

98 2157 187 2220 sessio
210 2156 361 2237 pestilens
384 2176 444 2219 non
468 2164 523 2235 est,
548 2157 633 2220 cuins
657 2157 851 2222 oboedientia
874 2157 1029 2221 dominico
1058 2157 1239 2221 auctoritate

96 2260 274 2342 precipitur.
322 2259 373 2324 illa
403 2279 478 2345 ergo
509 2261 568 2325 erit
597 2261 753 2341 pestilens,
789 2262 875 2325 cuius
909 2262 1087 2345 contagium
1122 2260 1239 2325 Pilatus

95 2383 193 2429 manus
216 2363 373 2428 abluendo
396 2366 521 2430 deuitet.
566 2364 678 2429 multos
709 2365 790 2429 enim
815 2366 910 2430 etiam
931 2366 964 2429 in
988 2371 1071 2430 metu
1093 2366 1141 2430 dei
1165 2384 1239 2429 con-

98 2468 209 2533 stitutos
233 2466 429 2533 saecularium
446 2474 549 2534 tamen
574 2468 722 2533 honorum
737 2469 862 2534 ambitio
874 2470 1057 2550 corrumpit:
1082 2476 1112 2535 et
1133 2468 1240 2534 uolunt
1265 2496 1290 2535 ao

98 2571 227 2636 eoeleste
251 2572 374 2660 legibus
408 2572 521 2637 subditi
554 2573 611 2637 lori
634 2572 756 2657 legibus
780 2574 925 2638 iudicare.
970 2574 1027 2637 sed
1050 2592 1239 2657 quamquam

99 2676 133 2740 ad
153 2674 218 2741 haec
240 2677 313 2759 ipsa
335 2676 445 2755 officia,
461 2698 529 2762 qnae
553 2683 657 2761 agunt,
679 2678 782 2742 ferant
805 2696 910 2742 secum
933 2678 1108 2761 religiosam
1132 2676 1239 2741 uolun-

99 2784 191 2857 tatem,
213 2780 377 2845 beniuolos
400 2802 469 2847 sese
492 2783 745 2865 continentesque
769 2783 954 2863 prestando,
986 2788 1088 2846 tamen
1107 2801 1237 2846 necesse

100 2889 140 2947 est
161 2904 276 2961 eorum,
300 2885 331 2948 in
356 2886 469 2967 quibus
493 2886 748 2962 deuersabnntur,
772 2886 964 2969 negotiorum
988 2886 1121 2969 quodam
1144 2885 1238 2965 pesti·

100 2985 165 3051 lenti
198 2990 344 3072 contagio
381 2989 562 3070 polluantur.
620 2989 811 3071 publicarum
847 2990 930 3054 enim
968 3010 1128 3054 causarum
1163 2990 1237 3052 ordo
1264 3015 1290 3054 re

137 3096 168 3146 14
183 3094 285 3147 neten.
305 3094 405 3161 xxnu,
423 3098 447 3149 a.

136 3214 196 3267 lin
222 3215 327 3269 eclesia
352 3216 374 3268 l'
397 3217 427 3269 in
454 3218 593 3270 aecctali
645 3219 663 3270 2
690 3218 806 3271 eclesiae
831 3236 861 3271 er
884 3215 1013 3271 eclesiam
1039 3214 1111 3269 m?
1135 3216 1159 3269 V
1175 3230 1237 3267 aec·

99 3299 189 3355 clasiae
208 3304 233 3354 11
287 3305 304 3357 3
326 3303 437 3371 quidem
465 3303 535 3357 uitia
560 3309 676 3357 naturae
703 3309 815 3357 nostrae
842 3320 892 3357 noa
919 3303 1052 3371 propellit
1076 3302 1102 3356 V
1144 3303 1162 3355 4
1189 3300 1237 3355 aed

99 3390 127 3437 ut
141 3388 208 3440 utile
226 3395 270 3443 est
289 3390 317 3441 Ε
368 3407 416 3443 nos
435 3408 483 3443 om.
509 3391 533 3443 1'
582 3391 663 3444 auia
686 3390 768 3444 hace
827 3393 843 3442 5
871 3390 905 3443 ad
931 3406 1013 3457 quam
1039 3388 1085 3455 (ad
1111 3408 1167 3457 cup.
1192 3388 1236 3439 lin.

100 3472 168 3525 m?
196 3476 231 3539 V)
266 3477 302 3528 l'r
328 3494 382 3544 qua
406 3478 444 3530 lie
514 3478 678 3531 absoaedere
697 3476 734 3529 11ι
805 3477 845 3530 sio
880 3493 971 3544 neque
992 3477 1021 3527 E
1088 3475 1237 3529 adibiton

100 3560 114 3610 6
139 3559 289 3616 decedendi
318 3581 348 3616 es
377 3563 522 3617 decidendi
553 3566 577 3617 R
656 3568 685 3618 ll
717 3564 811 3617 farisei
848 3565 894 3617 l'll
971 3563 1101 3616 docentes
1130 3579 1179 3613 om.
1217 3561 1241 3613 l'

104 3682 130 3731 12
146 3682 362 3737 existimauimus
389 3702 419 3737 er
446 3684 665 3738 existimabimus
689 3686 714 3738 V
783 3688 816 3740 13
841 3644 928 3739 moysi
946 3686 972 3738 R
1044 3686 1076 3737 14
1093 3682 1186 3751 inquit
1208 3701 1238 3735 ea

101 3766 189 3836 inquid
207 3770 232 3822 R
285 3770 398 3823 mosilt
436 3773 467 3825 15
486 3772 593 3825 scribae
618 3776 647 3825 et
664 3772 803 3841 pharisaei
823 3791 871 3825 orn.
897 3772 921 3824 l'
971 3770 1094 3824 dixerint
1112 3769 1193 3823 uobis
1213 3770 1238 3821 11

103 3854 130 3905 17
146 3856 319 3911 oboedientia
337 3876 366 3910 er
384 3858 575 3912 oboedirentiu
594 3878 626 3911 m.
647 3861 666 3911 ἑ)
691 3860 715 3912 l'
768 3862 802 3913 18
820 3859 869 3912 illa
887 3858 962 3911 enim
986 3858 1011 3911 V
1061 3856 1192 3925 contagio
1216 3856 1241 3908 l'

102 3941 279 3996 ibbonorum
297 3944 342 3996 Ra
395 3947 427 3998 21
447 3945 564 3999 eclesiae
590 3946 613 3997 l'
661 3946 674 3998 1
690 3966 724 3995 Ξ
743 3946 786 3998 ori
804 3944 924 4010 (eruat)
941 3946 966 3998 R
1018 3946 1054 3997 22
1071 3948 1194 4012 aguntur
1212 3944 1238 3994 11

104 4033 177 4095 agent
202 4048 232 4082 er
258 4036 378 4099 egerunt
410 4032 434 4085 V
483 4032 578 4085 ierunt
614 4033 638 4084 l'
713 4033 747 4085 23
775 4032 963 4086 beneuolose
1024 4031 1054 4083 se
1081 4032 1107 4082 11
1171 4045 1237 4082 con·

104 4112 241 4185 tinentesq.
266 4118 292 4169 R
363 4120 397 4170 ‘24
423 4118 640 4173 diuersabuntur
675 4119 723 4171 l'E
757 4118 823 4187 (scd.
848 4120 911 4171 olibi
934 4120 1011 4170 ertum
1042 4117 1065 4168 l'
1080 4114 1237 4177 deuersari)

105 4202 210 4264 «tandm
228 4222 277 4256 om.
303 4204 328 4255 l'
394 4206 428 4259 25
446 4216 505 4258 aare
524 4206 653 4273 contagio
672 4208 699 4257 iu
724 4224 823 4275 errore:
842 4222 870 4273 q<
885 4204 1060 4273 publicarum
1079 4220 1172 4256 rerum
1191 4218 1238 4254 ne·

106 4290 276 4346 cassitudines
295 4291 314 4344 ἦ
333 4291 391 4345 sine
410 4294 517 4347 macula
536 4298 718 4347 exerceantur
736 4297 797 4347 add.
815 4312 848 4345 ru.
868 4294 884 4344 1
903 4294 935 4345 11.
