3075 4967
237 233 301 301 868
548 288 556 304 κ
586 237 701 291 sancti
720 234 855 290 Hilarii
874 236 1035 305 episcopi
1152 284 1155 288 .

236 427 398 491 creationis
421 427 592 492 secundum
621 427 774 511 originem
797 427 847 491 dei
869 426 1165 510 similitudinemque
1187 427 1296 491 sortita
1319 431 1390 503 est;

237 532 292 596 sed
313 531 425 597 iudicio
448 550 482 596 se
505 520 707 596 immutabilis
724 531 774 597 dei
790 532 962 597 secundum
978 531 1220 597 demutationem
1237 530 1388 595 hnmanae

238 634 405 709 uoluntatis
439 640 532 719 utque
565 636 684 700 arbitrii
719 640 912 718 temperante
947 640 1023 714 tum,
1054 637 1127 718 quia
1148 643 1332 716 peccassent
1354 642 1391 699 et

238 746 369 822 agerent
384 740 567 822 pauit-enda,
584 740 731 820 paenitere
755 759 798 817 se,
822 740 895 824 quia
917 738 1041 805 fecisset
1059 739 1236 829 hominem.
1254 744 1389 803 testatus

199 868 211 905 s
239 849 294 909 est.
341 849 373 908 at
393 863 467 909 uero
490 844 566 925 ipsis
589 843 649 908 illis
672 863 710 909 er
733 850 860 925 peccato
883 844 914 908 in
936 844 1032 909 utam
1054 841 1231 908 reformatis
1255 841 1392 923 depulsa

239 948 423 1029 paenitentiae
454 946 591 1032 querella
620 948 682 1012 iam
706 947 890 1029 beneplaciti
912 949 944 1013 iu
969 966 1020 1013 eos
1042 948 1182 1013 adiectus
1204 947 1389 1012 ostenditur.

238 1051 428 1117 reconciliati
463 1052 546 1117 enim
581 1072 688 1117 sumus
722 1071 777 1134 per
806 1072 915 1133 corpus
946 1061 976 1116 et
998 1052 1184 1137 sanguinem
1207 1049 1324 1116 Ghristi
1346 1070 1390 1115 ex

239 1155 372 1221 inimicis
394 1157 425 1221 in
449 1156 529 1223 filios
553 1158 621 1233 deo,
646 1176 716 1221 cum
740 1156 830 1221 nobis
853 1156 958 1221 aterni
982 1157 1151 1221 sacerdotis
1175 1154 1384 1236 placationem

239 1260 431 1341 inpaenitenti
446 1265 641 1326 sacramento
661 1261 878 1349 spopondisset
899 1259 1052 1341 propheta
1066 1259 1203 1325 dicente:
1227 1258 1389 1323 iurauit

188 1364 433 1442 rodominus,
472 1384 547 1428 non
581 1365 800 1446 penitebit
833 1384 934 1429 eum:
969 1370 1007 1429 tu
1041 1383 1081 1429 es
1115 1363 1311 1429 sacerdos
1345 1364 1388 1426 in

240 1476 431 1533 aternum
465 1469 685 1534 secundum
716 1470 901 1535 ordinem
930 1468 1254 1543 Melchisedech.
1300 1488 1388 1534 com-

240 1572 385 1653 placitum
421 1592 495 1657 ergo
519 1578 575 1651 est,
606 1574 689 1656 quod
719 1574 903 1654 inpaenitens
933 1593 1003 1639 esse
1033 1574 1167 1639 iuratum
1191 1573 1301 1655 cetui,
1324 1592 1388 1656 quo

239 1682 390 1762 regnante
413 1678 584 1742 secundum
614 1677 756 1743 ordinem
779 1676 1021 1759 Melchisedech,
1052 1677 1084 1742 id
1114 1688 1163 1742 est
1192 1678 1330 1760 gentium
1354 1682 1389 1741 et

240 1800 314 1866 rege
338 1788 368 1846 et
390 1784 551 1847 sacerdote
573 1782 708 1862 primurn
733 1783 903 1847 mansuetis
926 1781 1019 1858 salus,
1043 1782 1155 1847 deinde
1170 1780 1317 1862 splendor
1337 1788 1387 1846 est

187 1913 213 1951 η
240 1885 355 1950 sanctis
379 1883 584 1951 exultantibus
607 1905 701 1967 super
722 1906 832 1969 regem
856 1904 955 1951 suum.

284 1990 313 2053 4.
338 1988 399 2054 Sed
424 1995 493 2070 post
515 1994 690 2055 sanctorum
721 1988 853 2073 gloriam
885 1988 1129 2072 intellegendum
1153 1994 1209 2068 est,
1246 1989 1320 2072 quid
1343 1990 1385 2053 ad

240 2094 352 2158 cantici
368 2094 439 2158 noui
454 2092 680 2174 plenitudinem
696 2099 918 2177 consequatur:
941 2093 1117 2159 laetahun
1129 2099 1192 2158 tur
1213 2094 1252 2157 in
1277 2092 1387 2157 cubi·

241 2197 350 2264 libus
374 2197 467 2262 suis.
514 2196 798 2263 exultationes
829 2198 894 2264 dei
917 2199 956 2263 in
978 2204 1143 2282 gutture
1177 2216 1324 2272 eorum,
1347 2203 1387 2261 et

242 2300 372 2385 gladii
396 2302 458 2366 bis
482 2302 589 2366 acuti
613 2301 861 2367 inmanibus
888 2303 1078 2382 ipsorum.
1122 2301 1186 2366 iam
1205 2321 1270 2369 non
1294 2298 1386 2366 lacri-

188 2432 213 2469 πο
243 2405 303 2471 mis
327 2410 457 2471 stratum
490 2406 652 2489 rigabitur,
687 2425 745 2471 nec
766 2407 798 2471 in
822 2405 883 2471 hoc
904 2407 1014 2471 mortis
1044 2425 1170 2486 corpore
1205 2404 1385 2489 degentium

242 2510 280 2575 ob
303 2510 421 2590 pcccati
454 2508 668 2575 necessitatem
703 2530 739 2591 aa
773 2509 912 2595 dolprem
946 2511 1087 2576 noctibus
1121 2507 1254 2594 singulis
1288 2507 1386 2573 lectus

240 2612 401 2679 iuuabitur.
446 2615 476 2678 in
513 2613 665 2680 cubilibus
698 2614 779 2679 enirn
815 2616 879 2679 iam
912 2614 975 2679 suia
1008 2614 1105 2679 sancti
1138 2612 1323 2678 laetabuntur
1352 2614 1383 2677 in

240 2716 348 2801 gloria,
372 2724 403 2783 et
426 2718 463 2782 oh
487 2718 519 2783 id
543 2719 593 2783 dei
618 2717 820 2784 exultationes
842 2738 967 2800 semper
981 2718 1012 2782 in
1030 2723 1164 2803 gutture.
1208 2737 1264 2798 per
1287 2717 1385 2802 signi·

240 2822 415 2887 ficationem
450 2824 581 2906 gutturis
617 2823 744 2887 internae
778 2823 976 2889 conscientie
1008 2828 1196 2903 protestatur
1218 2821 1384 2887 adiectum.

187 2950 212 2987 a
241 2925 297 2990 sed
329 2945 430 3009 neque
464 2926 561 2991 solum
597 2927 627 2989 in
663 2946 768 2992 eorum
787 2932 916 3011 gutture
939 2925 1082 2991 exultatio
1105 2925 1154 2991 dei
1185 2931 1240 3001 est,
1274 2944 1381 2990 uerum

241 3029 336 3095 etiam
358 3030 493 3109 ipsorum
518 3050 628 3096 manus
653 3032 700 3096 bis
724 3031 821 3097 acutis
844 3030 956 3115 gladiis
975 3030 1183 3095 armabuntur.
1229 3029 1298 3095 haec
1312 3028 1383 3093 filiis

242 3133 316 3199 Sion
355 3135 489 3219 cognitio
527 3135 612 3219 regis
641 3135 786 3219 indulgit,
820 3135 932 3218 quihus
966 3134 998 3198 in
1029 3133 1133 3199 choris
1166 3135 1382 3217 tympanisque

242 3237 444 3319 psallentibus
479 3240 629 3321 disposita
662 3241 701 3304 sit
731 3246 762 3303 et
784 3238 866 3304 salus
890 3245 921 3303 et
943 3237 1043 3322 gloria
1065 3244 1096 3303 et
1118 3237 1222 3303 laetitia
1245 3244 1278 3303 et
1300 3236 1382 3303 erul-

243 3343 315 3407 tatio
351 3349 381 3409 et
409 3348 553 3425 potestas.
599 3364 671 3408 nam
705 3349 887 3425 potestatem
921 3343 953 3407 in
983 3341 1087 3427 gladio
1117 3341 1286 3427 significari
1320 3348 1381 3407 tum

285 3538 301 3589 9
319 3534 363 3589 Ps.
383 3534 452 3601 CIX,
469 3538 493 3587 4.

284 3691 447 3759 dadqueid
500 3696 673 3760 temperaute
682 3692 779 3745 Bened.
789 3696 975 3760 temperantes
987 3692 1035 3745 un
1087 3698 1147 3745 tum
1165 3692 1262 3744 Beaed.
1281 3688 1381 3743 dumR

242 3782 404 3845 peccassent
432 3779 457 3831 R
510 3779 687 3847 tiquaerella
714 3780 739 3832 R
799 3778 1017 3847 iiinpaenitenli
1043 3779 1069 3832 R
1096 3779 1125 3832 iu
1153 3778 1340 3847 poeniteutiae
1363 3792 1381 3825 π

243 3864 496 3932 impoenitentiaeh
552 3868 584 3921 10
602 3863 705 3919 nouR²
723 3882 776 3920 nec
793 3882 860 3919 corr.
873 3866 912 3919 12³
929 3871 957 3920 et
975 3867 1056 3919 nond
1111 3868 1141 3919 ll
1160 3862 1382 3919 melchisedehR

243 3951 437 4018 complacitum
469 3972 499 4006 ea
528 3953 714 4021 compacitum
744 3972 777 4007 m.
808 3952 825 4005 1
854 3953 880 4006 R
941 3955 973 4006 12
999 3952 1024 4006 ei
1054 3970 1108 4021 quo
1138 3956 1273 4020 regnante
1299 3952 1314 4003 b
1340 3949 1381 4003 cui

242 4042 375 4105 regnante
386 4038 433 4091 Ru
481 4040 513 4093 19
530 4039 641 4107 gladiR
687 4042 717 4094 21
740 4040 868 4094 noctisR
913 4042 948 4093 23
965 4040 1172 4094 exultationeR
1196 4036 1379 4106 ‚gutturaelt

241 4124 275 4176 94
294 4125 474 4179 constientiae
493 4128 519 4179 R
571 4128 604 4181 27
624 4128 745 4197 indulgit
762 4127 789 4181 R
817 4127 865 4197 (cs.
892 4127 967 4181 Neue
991 4128 1121 4180 Formenl.
1140 4126 1179 4192 II,
1197 4124 1267 4191 m)
1319 4126 1379 4178 tim-

241 4210 375 4277 panisqua
394 4212 419 4264 R
470 4215 505 4265 29
524 4212 675 4281 significari
693 4220 753 4268 tum
772 4216 818 4277 (un
837 4214 930 4281 euml)
949 4214 1046 4267 Beaed.
1065 4211 1253 4281 significantia
1271 4214 1325 4266 aa.
