3075 4967
318 249 380 317 586
666 254 783 308 sancti
802 255 938 309 Hilarii
958 257 1121 326 episcopi

359 443 388 507 9.
413 441 452 508 Et
475 444 590 510 idcirco
611 443 761 526 propheta
777 445 980 526 pertinaciam
1005 448 1072 528 spei
1094 467 1159 512 suae
1183 467 1283 532 usque
1306 449 1444 515 adfinem

315 547 503 628 accipienda
519 548 740 614 misericordia
757 551 948 615 demonstrat
962 551 1086 617 dicens:
1121 552 1178 616 ita
1200 551 1310 617 oculi
1332 556 1445 619 nostri

315 653 362 716 ad
401 652 608 716 dominum
646 654 762 718 deum
804 659 1002 731 nostrum,
1042 656 1169 720 donec
1213 656 1446 722 misereatur

313 755 442 820 nobis.
488 775 549 820 non
573 756 696 834 decidit,
720 777 782 822 non
806 758 936 825 absistit.
960 759 1062 824 tardet
1083 757 1155 824 licet
1169 761 1209 823 ad
1228 761 1444 841 temptationem

274 887 286 923 r
313 857 387 924 fidei
410 859 657 926 misericordiam
681 881 771 926 suam
795 861 946 939 dominus,
970 864 1044 946 quia
1065 862 1144 928 fides
1159 870 1352 930 constantem
1367 867 1445 931 dehet
1512 896 1513 899 ¹

312 971 461 1044 praestare
484 962 605 1030 fiduciae
629 985 692 1029 suaa
717 967 963 1046 expectationem
997 974 1028 1032 et
1058 966 1232 1047 desperatio
1255 970 1358 1034 omnis
1379 968 1445 1034 diffi-

313 1066 425 1132 dentiae
447 1068 600 1134 consessio
624 1074 677 1133 est.
723 1069 779 1134 sed
802 1069 955 1151 propheta
976 1090 1036 1135 non
1060 1070 1197 1136 incertus
1221 1078 1270 1137 est
1285 1073 1443 1138 misericor·
1512 1122 1513 1159 ss

312 1172 371 1236 diae
402 1172 467 1251 dei:
502 1193 577 1238 nam
611 1171 689 1238 oculi
724 1173 790 1238 eius
822 1173 854 1237 in
889 1194 970 1245 eum,
1005 1175 1106 1258 quoad
1138 1195 1239 1258 usque
1269 1176 1443 1242 misereatur.

310 1275 420 1349 intenti
450 1283 532 1354 sunt,
563 1277 672 1342 intenti
705 1283 810 1342 autern
840 1279 925 1355 adeo,
959 1285 994 1343 ut
1026 1279 1188 1344 intentioni
1222 1300 1331 1345 eorum
1363 1281 1443 1346 cratia

259 1405 283 1441 ιο
311 1380 470 1464 geminata
492 1381 631 1446 subiecta
654 1381 701 1446 sit.
747 1381 789 1446 ait
811 1383 895 1447 enirn
917 1387 986 1463 post
1001 1382 1085 1447 hae:
1109 1383 1308 1449 miserere
1330 1385 1443 1449 nobis.

311 1484 481 1563 domine,
505 1484 703 1550 miserere
727 1485 854 1552 nobis.
899 1493 930 1551 et
951 1486 1087 1551 intentus
1107 1493 1201 1552 estet
1222 1487 1442 1553 intentnscrat:
1512 1482 1513 1521 l

310 1607 346 1654 aa
376 1587 494 1654 scilicet
523 1589 761 1669 perseuerantia,
792 1611 854 1674 qua
883 1589 1024 1655 uitiorum
1062 1591 1144 1656 serni
1173 1592 1206 1655 in
1229 1591 1443 1656 dominantibus

310 1691 369 1758 sibi
390 1692 475 1758 uitiis
499 1695 708 1770 demorantur,
731 1693 785 1759 ille
807 1694 982 1760 certissima
1013 1695 1165 1760 honorum
1195 1700 1378 1761 eternorum
1398 1714 1442 1775 spe

309 1801 340 1860 et
362 1797 506 1876 perfectae
529 1798 561 1861 in
584 1817 618 1862 se
641 1797 863 1864 misericordiae
884 1797 1000 1864 fiducia
1022 1809 1208 1880 perseuerat
1512 1784 1513 1799 ἶ

257 1931 282 1967 15
314 1944 318 1950 ·
353 1899 402 1966 10.
427 1901 572 1984 Sequitur
594 1921 676 1976 uere,
699 1908 733 1966 ut
755 1921 967 1982 sepenumero
986 1903 1197 1987 cognouimus
1220 1902 1302 1969 hanc
1317 1903 1440 1968 fidelium
1512 1902 1513 1945 l

309 2023 397 2084 spem
434 2006 540 2088 grauis
576 2005 754 2089 iniquorum
792 2006 973 2072 obtrectatio
1010 2014 1042 2072 et
1079 2006 1212 2072 molesta
1248 2007 1440 2092 malignomm
1512 2004 1513 2021 ¹

307 2109 478 2174 insectatio.
522 2110 671 2174 iustitiam
718 2110 801 2175 anim
848 2131 866 2174 a
910 2110 999 2175 nobis
1033 2111 1197 2192 predicari
1234 2111 1335 2176 inicus
1371 2110 1440 2182 odit;
1512 2144 1513 2193 p

307 2212 487 2293 pudicitiam
504 2213 530 2278 si
546 2213 716 2291 laudamus,
739 2213 904 2295 inpudicus
923 2212 1104 2292 offenditur;
1128 2222 1305 2280 exsecratur
1318 2216 1349 2279 in
1363 2214 1439 2278 nohis
1512 2238 1513 2273 r

308 2316 441 2382 ebrietas
475 2318 596 2383 ieiunia.
649 2323 681 2382 at
714 2337 788 2384 uero
822 2337 894 2383 cum
928 2319 968 2382 ad
997 2317 1216 2406 liberalitatem
1247 2318 1439 2385 cohortamur,
1512 2322 1513 2329 ’

255 2447 279 2484 ro
306 2421 516 2502 insipientiam
550 2428 689 2487 nostram
724 2442 837 2486 auarus
870 2428 1004 2486 accusat.
1061 2441 1132 2486 cum
1167 2419 1327 2487 christum
1358 2423 1438 2486 deum
1512 2404 1513 2485 i

306 2526 512 2605 praedicamus
535 2526 713 2604 cruciatum,
736 2524 918 2610 religionem
943 2525 1067 2608 Iudaeus
1083 2531 1115 2591 et
1129 2525 1231 2590 omnis
1247 2546 1286 2591 er
1308 2525 1438 2610 gentibus
1512 2532 1513 2617 ᾗ

304 2635 487 2710 persecutor
521 2631 691 2711 exprobrat.
736 2649 810 2696 curn
842 2629 991 2695 iudicium
1026 2630 1077 2696 dei
1111 2638 1317 2710 expectamus,
1353 2625 1436 2693 offen·

305 2736 418 2799 duntur
441 2733 545 2800 saeculi
567 2753 660 2818 reges
684 2740 714 2798 et
737 2737 831 2800 deum
856 2734 1007 2799 arbitrum
1030 2735 1102 2799 uitae
1117 2735 1157 2799 ab
1173 2737 1437 2817 unoquoqnaacta
1512 2742 1513 2813 g

304 2844 458 2904 recusant.
504 2857 575 2903 cum
597 2839 857 2904 resurrectionem
880 2837 1109 2916 adnuntiamus,
1133 2843 1254 2936 mortua
1276 2857 1344 2903 cum
1364 2833 1436 2898 uitiis
1512 2838 1513 2927 J

252 2967 276 3004 as
305 2943 368 3009 suis
390 2941 563 3008 infidelium
586 2961 715 3022 corpora
737 2942 961 3007 contradicunt.
1007 2940 1104 3007 fidem
1127 2960 1250 3025 quoqne
1274 2947 1435 3007 noshsma
1512 2986 1513 3031 5

303 3046 374 3131 lege
404 3053 435 3112 et
464 3044 623 3127 prophetis
654 3051 685 3110 et
708 3044 881 3130 euangeliis
903 3052 935 3111 et
958 3045 1102 3127 apostolis
1136 3057 1313 3127 susceptam
1340 3060 1435 3108 omnes
1512 3052 1513 3141 J

302 3149 519 3216 hereticorum
541 3148 690 3214 l'alaitates
709 3154 888 3231 coarguunt.
934 3150 1091 3226 caedimur,
1114 3147 1336 3226 maledicimur,
1357 3147 1434 3229 luga·
1512 3166 1513 3189 ¹

303 3275 381 3331 mur,
405 3273 553 3318 necamur
576 3252 668 3331 ferro,
692 3251 837 3331 flammis,
872 3253 1039 3334 profundo;
1069 3253 1235 3318 desaeuitur
1257 3254 1288 3318 in
1310 3256 1433 3316 cosham
1512 3266 1513 3271 ¹

345 3461 570 3558 {immerentis}
623 3502 762 3556 cueeidit
789 3503 841 3555 GR
865 3502 968 3556 desinit
987 3503 1039 3555 PE
1088 3502 1182 3555 tardet
1202 3503 1271 3555 Gau
1294 3499 1378 3554 tradat
1394 3493 1432 3547 ra

301 3593 317 3646 5
336 3592 419 3646 dehet
437 3591 616 3658 praestaret}
635 3593 778 3657 praestare
796 3589 942 3642 dehetRE
958 3594 1083 3676 prpstare
1101 3588 1127 3641 P
1178 3591 1194 3642 7
1214 3585 1346 3642 consessio
1361 3581 1431 3636 eeu
1512 3632 1513 3655 Χ

301 3730 436 3785 consessio
463 3729 499 3782 sit
526 3727 607 3781 RPE
662 3675 781 3796 Bquoad
797 3746 864 3781 corr.
892 3745 924 3780 m.
953 3729 970 3779 1
997 3728 1024 3780 R
1087 3729 1116 3780 ll
1137 3732 1203 3780 orat
1230 3727 1310 3779 GRE
1331 3727 1384 3776 erat
1408 3717 1433 3768 P

302 3819 334 3872 15
352 3821 484 3872 secuntur
502 3817 530 3869 R
591 3805 625 3869 ld
641 3815 768 3868 molestia
787 3815 813 3867 P
870 3815 902 3867 17
929 3814 1024 3882 inique
1042 3813 1076 3880 (l)
1096 3815 1121 3866 G
1139 3814 1234 3882 inique
1252 3814 1278 3866 R
1294 3801 1431 3878 iniqcbsl'

299 3907 330 3958 21
352 3902 506 3958 cruciatum
532 3903 625 3972 scripsi
653 3899 697 3966 (de
724 3919 785 3954 uoce
812 3901 951 3954 cruciatus
976 3921 1007 3944 =
1033 3899 1184 3967 crucifixus
1211 3901 1247 3970 cf.
1272 3898 1339 3952 aaa.
1362 3902 1427 3944 mort.

296 4061 365 4113 pers.
383 4041 416 4108 2)
437 4041 556 4094 cruciari
566 4061 600 4091 z
610 4038 646 4106 (ri
671 4057 701 4094 ec
724 4057 799 4105 corr,
819 4049 913 4109 postea
930 4039 948 4091 1
966 4040 1013 4092 litt.
1032 4038 1113 4104 erus.)
1132 4039 1159 4092 R
1185 3985 1293 4093 crciari
1309 4025 1425 4088 Peuc-

299 4129 385 4182 fixnm
404 4129 431 4180 E
481 4129 515 4182 23
537 4128 572 4180 ab
590 4143 755 4194 unoquoque
779 4125 861 4179 hactb
877 4126 903 4178 P
953 4127 987 4178 27
1005 4124 1193 4179 hereticorum
1209 4127 1260 4178 Gn
1308 4123 1340 4174 28
1354 4115 1425 4168 certa

298 4231 458 4286 desaenitur
476 4231 505 4284 in
522 4235 646 4284 nostra-m
665 4195 870 4296 uerecundiam,
890 4247 953 4298 pace
971 4239 1059 4282 extum
1076 4231 1104 4281 r'a
1124 4229 1184 4296 GR,
1202 4247 1251 4281 om.
1268 4227 1298 4280 P.
