3075 4967
733 232 926 299 Praelatio.
1352 240 1398 305 XI

251 438 411 503 interdum
436 458 480 515 ea,
505 458 573 521 quae
589 438 620 501 in
636 438 702 517 ipso
718 436 743 501 P
758 435 935 520 uolgaribus
952 441 1069 499 tantum
1086 434 1209 499 mendis
1228 433 1399 514 deprauata

250 548 334 620 sunt,
369 542 490 623 proprio
514 542 621 606 Marte·
645 540 807 605 restituere
836 544 963 604 conatus
987 544 1038 603 est
1055 558 1092 602 ac
1116 537 1170 602 tali
1192 537 1286 603 modo
1309 536 1398 601 bonis

250 648 442 729 quibusdam
481 644 745 711 emendationibus
783 644 921 709 remedia
957 662 1079 726 quoque
1120 642 1222 726 magis
1264 641 1399 706 uiolenta

248 750 427 815 admiscuit
474 770 511 815 ea
533 754 634 815 autam
666 768 699 813 re
729 748 797 813 sine
827 747 920 813 dubio
944 746 1074 823 excellit
1109 748 1193 830 qnod
1215 764 1350 831 graecam
1374 765 1398 811 s.

246 854 415 935 scripturae
449 853 743 935 interpretationem,
777 872 847 936 quar
880 852 920 916 ab
950 851 1069 916 Hilario
1103 851 1214 915 totiens
1247 848 1398 927 laudatur,

248 959 357 1024 minus
370 967 545 1039 corruptam
559 958 643 1023 hand
655 978 725 1022 raro
741 956 879 1021 seruauit
897 976 991 1039 quam
1004 974 1113 1020 omnes
1125 954 1176 1019 alii
1188 975 1224 1019 ae
1236 955 1396 1028 rationem,

246 1083 315 1146 qua
346 1064 442 1129 uerba
472 1082 574 1146 graeca
616 1068 681 1127 tum
712 1062 743 1125 in
777 1059 893 1127 scholis
915 1059 1208 1141 pronuntiabantur.
1239 1058 1397 1137 addidit¹l

297 1166 346 1231 Er
369 1167 462 1241 libris,
486 1168 538 1251 qui
563 1166 612 1232 Ps.
635 1166 772 1231 CXVIII
787 1164 886 1230 solnm
909 1163 958 1229 uel
980 1164 1087 1245 paucis
1109 1170 1230 1229 tantum
1246 1163 1399 1227 adiunctis

246 1270 346 1335 nobis
369 1272 570 1341 tradiderunt.

299 1374 388 1441 Cod.
412 1373 674 1440 Coloniensis
699 1372 811 1449 XXIX,
838 1373 969 1437 Darmst.
995 1372 1080 1437 2025
1104 1393 1174 1437 saa.
1199 1371 1273 1452 lel
1298 1372 1442 1439 saturon

247 1480 303 1544 ΡΒ.
328 1478 464 1544 CXVIII
486 1479 631 1556 continet,

299 1581 386 1647 Cod.
410 1582 625 1647 Parisinus
650 1582 743 1659 1693,
762 1580 838 1647 olim
852 1581 1000 1646 Manarin.
1017 1602 1088 1646 saec.
1104 1580 1178 1663 111³)
1196 1581 1247 1646 ΡΒ.
1265 1579 1398 1647 CXVIII
1414 1600 1434 1651 r

248 1694 283 1752 et
307 1687 429 1752 CXLII.
475 1706 605 1770 quorum
638 1686 786 1751 librorum
819 1692 962 1750 naturam
996 1692 1089 1769 atque
1121 1685 1257 1751 indolem
1291 1686 1399 1766 paucis

247 1792 360 1857 uerbis
382 1792 432 1856 uir
455 1790 567 1857 melius
590 1790 746 1855 delineare
771 1790 870 1870 poesis
893 1810 987 1873 quam
1009 1792 1060 1867 ita
1084 1797 1117 1854 ul
1132 1788 1156 1855 C
1172 1810 1244 1854 curn
1278 1788 1305 1855 P
1328 1808 1398 1854 oon-

248 1916 346 1975 pares
370 1902 440 1975 etp
464 1915 534 1959 cum
559 1894 593 1973 Τ,
616 1895 674 1959 elsi
704 1914 765 1959 non
798 1894 923 1959 easdem
957 1896 1060 1975 operis
1093 1900 1197 1975 partes
1230 1901 1324 1978 atque
1355 1892 1397 1957 illi

248 1999 456 2081 prodiderint.
501 2000 556 2063 sed
577 2019 647 2064 mm
671 2018 708 2063 er
731 1999 852 2076 ceteris,
875 1998 927 2082 qni
944 1998 1032 2079 plura
1046 1998 1205 2079 praebent,
1228 1997 1302 2063 huic
1317 1998 1397 2080 parti
1518 2015 1520 2018 ·

248 2102 312 2167 VR
335 2102 392 2167 soli
416 2104 623 2177 subuenirent
658 2103 758 2168 lacere
781 2122 842 2167 non
866 2103 959 2183 potui,
981 2104 1057 2187 quin
1082 2123 1119 2167 er
1141 2101 1267 2167 cohorte
1290 2122 1398 2167 eorum

247 2208 405 2285 codicum,
443 2208 496 2291 qui
534 2210 635 2287 ipsam
673 2205 759 2271 illum
796 2214 830 2273 ut
866 2208 1065 2287 praecipuam
1102 2206 1161 2271 sibi
1199 2205 1397 2290 elegerunt4),

249 2312 470 2377 Coloniensem
494 2310 596 2377 adhue
618 2311 808 2395 incognitum
832 2311 986 2395 huiusque
1015 2311 1121 2391 stirpis
1150 2310 1398 2375 uetustissimum

247 2422 368 2499 praeter
404 2415 577 2480 Parisinnm
624 2422 713 2480 atate
759 2416 933 2495 proximum
971 2416 1167 2495 respicerem.
1224 2416 1340 2481 codicis
1378 2436 1397 2495 p

249 2519 414 2587 adseclam

298 2624 421 2690 Albin
432 2644 476 2689 en
487 2644 501 2689 s
511 2644 527 2688 e
537 2642 566 2685 m
582 2642 651 2688 saeo.
667 2622 829 2698 XI-XIL
844 2629 879 2687 ut
893 2624 1023 2697 uidetur,
1040 2622 1277 2689 aBenedietinis
1286 2622 1397 2687 totiens
1417 2640 1440 2691 Α

248 2750 326 2797 cnm
360 2729 498 2793 Parisino
532 2733 733 2808 conparatum
767 2729 843 2791 satis
878 2748 915 2792 ea
944 2728 1104 2791 adfinitate
1138 2734 1303 2807 perspecta
1336 2747 1397 2791 non

249 2836 354 2901 denuo
388 2832 511 2907 contuli,
550 2833 605 2897 sed
639 2830 751 2915 sigium
789 2834 817 2895 A
853 2831 973 2897 uncinis
1007 2831 1158 2897 inclusum
1195 2832 1310 2909 addidi,
1345 2832 1397 2895 nbi

248 2937 447 3003 Benedictini
471 2956 657 3002 consensum
685 2933 773 2999 illurn
796 2941 988 3001 notauerant.

297 3042 383 3107 Inter
405 3041 500 3107 libros
517 3040 710 3115 recentiores,
735 3040 787 3124 qui
809 3039 848 3104 ob
864 3041 1067 3105 uetustiorem
1082 3040 1210 3106 lacunas
1226 3043 1398 3122 descriptas

249 3146 513 3229 difficultatesque
546 3146 619 3211 inde
653 3152 737 3211 ortas
767 3165 805 3209 er
833 3151 921 3224 parte
944 3143 1054 3211 saltem
1088 3145 1267 3211 consulendi
1302 3155 1398 3221 erant,

249 3252 389 3335 primum
412 3250 513 3315 locum
537 3248 670 3314 obtinet:

297 3354 386 3420 Cod.
410 3354 634 3419 Vaticanus
666 3352 726 3417 251
760 3372 831 3418 sao.
861 3352 981 3434 XIII-⁷³),
1011 3355 1063 3437 qui
1095 3360 1205 3434 prater
1234 3354 1429 3439 orthogre-r

249 3461 343 3542 phias
373 3460 403 3524 in
435 3459 578 3523 omnibus
601 3456 777 3523 Veronensi
811 3456 985 3523 simillimus
1018 3466 1111 3542 atque
1143 3458 1177 3522 in
1206 3479 1243 3523 eo
1274 3478 1397 3541 quoqne
1511 3540 1514 3545 ⁸

249 3566 320 3631 eius
342 3565 444 3629 soclus
468 3570 522 3639 est,
547 3564 627 3647 qnod
653 3562 703 3627 I's.
724 3561 778 3639 IX,
800 3561 873 3626 XCI
897 3567 928 3626 et
949 3562 1085 3642 priorem
1107 3562 1157 3627 Pa.
1173 3562 1252 3627 XIII
1275 3570 1397 3643 partem

249 3668 399 3735 eontinet.
430 3674 461 3733 et
477 3688 546 3733 eum
563 3672 713 3748 praeterea
728 3666 900 3749 prologum,
916 3667 968 3731 ubi
983 3666 1040 3729 VR
1056 3666 1212 3732 interdum
1224 3675 1398 3747 tempomm

247 3774 363 3841 iniuria
379 3773 503 3837 mutilos
519 3792 588 3837 esse
608 3771 749 3845 diximus,
772 3770 929 3853 integrum
947 3772 1126 3847 seruauerit,
1150 3791 1224 3836 sane
1240 3773 1270 3836 in
1287 3772 1397 3854 primis

246 3880 366 3962 dignus
390 3888 464 3953 erat,
488 3875 541 3959 qui
564 3876 602 3939 iis
627 3875 699 3939 locis
723 3874 838 3941 codicis
854 3874 880 3937 V
895 3874 963 3941 uice
980 3874 1170 3958 fungeretur.
1217 3876 1248 3941 in
1268 3876 1397 3957 psalmis

261 4053 460 4062 .-..—.—-——-

294 4148 315 4215 ¹)
334 4147 370 4201 cf.
398 4146 485 4200 Beitr.
513 4164 538 4213 p.
566 4148 651 4199 216ss
680 4144 701 4211 ¹)
720 4146 754 4199 ef.
780 4146 867 4199 Acad.
893 4164 920 4214 p.
939 4149 980 4201 84.
1036 4144 1056 4210 ⁸)
1077 4149 1160 4203 lead,
1179 4166 1205 4216 p.
1224 4151 1265 4202 85.
1321 4148 1342 4206 ‘l
1362 4152 1396 4203 cl.

245 4236 334 4291 Acad.
354 4252 379 4303 p.
399 4236 441 4287 97.
495 4232 515 4299 ⁵)
534 4233 569 4286 cf.
588 4233 671 4285 Acad.
691 4250 715 4299 p.
735 4234 766 4285 91
787 4250 829 4300 eq.
