3075 4967
415 295 593 344 tractatus
611 289 646 342 in
664 289 836 358 psalmum
854 290 1000 344 cmlii.
1215 289 1274 355 781

133 497 300 562 synagogae
324 479 481 559 principes
503 477 701 559 supplantare
724 498 853 563 gressus
876 479 951 552 cius,
983 499 1053 544 cum
1078 489 1148 560 post
1169 479 1277 561 depul-

133 601 202 648 sam
223 602 332 648 necem
356 582 465 648 Lazari
490 585 529 648 de
551 602 587 648 eo
610 582 779 648 occidendo
802 583 946 667 cogitant,
980 603 1051 648 eum
1074 583 1113 648 ob
1136 591 1276 665 receptos

133 685 238 752 oculos
271 705 353 752 caeo
387 685 430 752 illi
461 687 663 752 anatiuitate
697 685 894 764 maledicunt,
929 707 1001 752 oum
1036 688 1131 754 taceri
1165 689 1205 754 de
1238 707 1275 754 eo

132 793 310 870 dommum,
333 803 404 857 oum
427 797 557 857 mortem
574 789 802 857 consessoribus
817 792 882 857 eius
899 791 1088 858 denuntiant
1112 792 1276 877 egregium

131 895 236 979 itaque
258 896 431 960 diuinarum
461 897 672 977 operationum
702 915 827 960 snamm
858 915 1004 979 gressum
1036 902 1129 980 atque
1151 915 1275 962 cursum
1317 922 1330 960 a

131 1000 222 1066 istius
237 1000 321 1064 modi
336 1001 429 1066 rebus
444 999 643 1081 subplantare
663 1001 886 1084 cogitauerunt.
931 1001 1158 1066 abscondemnt
1173 1007 1275 1066 autem

130 1103 261 1188 laqueos
295 1104 435 1185 superbi,
473 1125 543 1170 curn
577 1103 737 1170 Sedducaei
774 1103 1012 1170 fraudulentiam
1050 1103 1203 1169 simulata
1235 1107 1275 1170 de

129 1208 356 1274 resurreetione
371 1207 623 1291 interrogationis
635 1207 801 1287 occultant,
816 1227 889 1273 oum
903 1208 1116 1289 responsionis
1130 1207 1275 1292 laqueum

129 1311 269 1392 captioso
291 1331 434 1376 sermone
455 1313 666 1393 praetendunt;
700 1311 834 1396 superbi,
868 1332 937 1378 eum
971 1312 1137 1377 admisceri
1167 1332 1276 1393 pecea-

129 1417 249 1482 toribus
272 1415 487 1500 dedignantur,
510 1435 581 1481 cum
604 1416 748 1481 conuiuia
768 1416 1003 1498 publicanorum
1033 1417 1070 1495 ei,
1092 1415 1145 1500 qui
1168 1436 1276 1497 peeca-
1303 1449 1329 1485 a

129 1527 232 1585 torum
267 1526 315 1585 est
347 1519 502 1588 remissor.
526 1519 722 1600 exprobrant.
768 1520 857 1586 funes
892 1521 986 1586 etiam
1016 1521 1221 1586 extenderunt
1242 1521 1275 1584 in

129 1622 339 1704 muscipulam
362 1623 491 1704 pedibus
511 1623 585 1700 eius,
609 1643 681 1690 eum
696 1624 845 1689 tributum
861 1625 1007 1705 poscitur,
1029 1643 1101 1689 cum
1117 1625 1273 1689 dedendo

130 1727 249 1794 Caesari
272 1727 385 1793 tributo
408 1729 621 1811 interrogatur.
666 1728 837 1794 absconsus
859 1735 962 1793 autem
982 1728 1123 1809 superius
1146 1728 1275 1812 laqueus

129 1833 198 1908 luit,
221 1852 304 1896 nunc
327 1841 429 1897 antem
451 1831 541 1897 lones
563 1832 595 1896 in
620 1833 763 1916 laqueum
786 1833 903 1898 extensi
928 1840 1010 1910 sunt
1032 1839 1065 1897 nt
1079 1831 1210 1898 ualidior
1222 1831 1273 1896 lrie

127 1935 381 2020 interrogationis
414 1936 542 2020 laqueus
575 1955 645 2001 esse
678 1942 859 2002 nosceretur
892 1937 924 2001 in
957 1937 1091 2015 funibus,
1125 1955 1275 2016 comper
1303 1967 1328 2003 a

128 2047 293 2106 extensum
325 2040 576 2123 interrogationis
605 2039 752 2124 laqueum
781 2041 928 2121 captiosae
950 2043 989 2107 ab
1012 2062 1048 2108 eo
1071 2040 1274 2122 professionis

127 2145 291 2225 responsio
326 2146 475 2210 aduersus
508 2163 622 2209 nomen
652 2142 783 2209 Oaesaris
814 2151 1013 2228 quaereretur.
1059 2145 1274 2211 continuantes

128 2253 234 2314 autem
265 2249 385 2313 semita
416 2248 562 2314 scandala
590 2259 757 2328 posuerunt
788 2248 826 2325 ei,
855 2269 925 2314 cum
956 2248 1172 2315 demandatis
1195 2247 1274 2333 legis

127 2353 346 2435 interrogatur,
362 2371 431 2418 eum
456 2353 550 2428 diues,
574 2351 637 2434 legi
652 2358 756 2434 utpote
771 2353 975 2428 satisfaciens,
1000 2353 1074 2437 quid
1089 2353 1149 2418 sibi
1171 2351 1275 2419 adhuc

128 2457 221 2534 desit,
233 2456 371 2540 requirit,
385 2477 456 2522 cnm
469 2457 550 2538 apud
564 2476 633 2522 eum
646 2458 685 2521 de
699 2455 820 2540 repudii
830 2458 1013 2523 condicione
1024 2462 1180 2522 tractatur.
1207 2456 1274 2522 lraec
1302 2486 1327 2524 ao

129 2561 214 2627 anim
237 2560 509 2642 interrogationum
534 2559 682 2625 scandala
704 2561 763 2626 niae
778 2580 842 2625 suae
857 2560 1068 2646 doctrinaeque
1082 2559 1163 2646 legis
1178 2561 1274 2628 eonti-

127 2677 262 2730 nuantes
277 2672 459 2743 statuerunt,
475 2671 509 2730 ut
523 2664 582 2730 sub
598 2664 701 2748 specie
718 2685 826 2730 aarum
847 2685 885 2730 ac
907 2664 1125 2746 familiaritate,
1149 2685 1219 2749 qna
1241 2666 1272 2730 in

127 2769 200 2854 lege
233 2769 356 2849 seriptae
390 2777 469 2842 sunt.
500 2770 706 2852 questionum
737 2767 806 2834 haec
835 2769 864 2834 ei
893 2769 1008 2854 ubique
1029 2770 1275 2836 continuantium

127 2875 249 2940 semitae
278 2873 556 2958 interrogationum
586 2881 617 2938 et-
645 2874 882 2954 responsionum
904 2873 1052 2940 scandala
1074 2886 1271 2954 ponerentur.

173 2979 201 3043 7.
225 2977 327 3042 Nobis
350 2987 450 3044 autem
474 2978 672 3042 meminimus
693 2978 828 3062 uitaque
850 2983 965 3043 nostrae
988 2978 1102 3063 ubique
1118 2978 1272 3056 scandala
1301 3003 1327 3041 a

127 3082 245 3166 ubique
257 3083 354 3158 lunae,
367 3082 481 3164 ubique
493 3080 621 3166 laqueos
632 3101 803 3160 occurrere
815 3080 956 3166 nihilque
968 3103 1045 3159 esse,
1057 3082 1109 3148 ubi
1121 3103 1183 3146 non
1195 3101 1273 3166 prae·

127 3192 222 3252 tenta
247 3185 336 3251 nobis
359 3205 483 3266 semper
503 3186 625 3250 insidiae
651 3185 722 3250 sint.
769 3193 800 3251 et
825 3185 953 3251 difficile
980 3194 1027 3252 est
1051 3205 1134 3252 nune
1160 3186 1270 3270 laqueo

127 3297 272 3356 uentrem
295 3288 470 3356 absoluere:
494 3289 565 3374 quia
588 3289 728 3355 contusio
750 3288 813 3354 illis
836 3296 893 3369 est,
917 3309 1049 3373 quorum
1072 3292 1149 3356 deus
1164 3300 1273 3356 uenter

128 3399 185 3460 est
208 3413 313 3459 rarum
329 3394 420 3458 etiam
439 3401 485 3458 est
500 3414 581 3458 nnnc
596 3414 615 3457 a
630 3393 739 3478 laqueo
755 3394 876 3458 oculum
900 3393 1049 3458 liberare:
1074 3394 1146 3477 quia
1164 3396 1217 3478 qui
1232 3397 1272 3460 ad

128 3497 407 3578 concupiscentiam
419 3499 506 3576 uidit,
518 3497 578 3563 iam
593 3497 767 3564 moeobatns
779 3498 810 3561 in
823 3499 916 3563 cordo
929 3506 983 3563 est.
1008 3499 1138 3564 arduum
1151 3518 1274 3582 quoqne
1300 3521 1326 3558 so

129 3609 177 3668 est
199 3602 337 3686 linguam
360 3601 469 3686 laqueo
493 3602 644 3668 eximere:
679 3604 719 3667 de
752 3603 836 3666 omni
872 3603 956 3666 enim
990 3603 1087 3668 otioso
1122 3603 1217 3668 uerbo
1239 3604 1271 3668 in

172 3763 207 3813 ae
225 3759 297 3814 Patr.
316 3761 365 3827 111,
385 3763 425 3814 ro.
461 3763 495 3814 aa
513 3760 612 3814 maten.
631 3759 664 3828 v,
683 3761 725 3814 ae.
761 3762 794 3813 ar
813 3759 913 3813 matth.
932 3761 992 3826 xrr,
1011 3763 1053 3812 ee.

172 3899 359 3954 docoidendo
389 3917 436 3952 om.
468 3901 513 3952 lic
585 3901 616 3952 11
644 3899 673 3952 in
702 3899 891 3968 muscipulam
920 3899 946 3952 R
976 3899 1005 3951 in
1034 3899 1219 3967 muscipulam
1246 3900 1273 3951 Ε

130 3989 162 4041 17
181 3985 370 4040 continuantia
388 3987 414 4039 R
468 3989 499 4040 le
518 3991 581 4040 aute
599 4005 671 4056 supr.
690 4004 738 4040 scr.
758 4004 791 4038 m.
813 3986 826 4038 l
844 3987 870 4040 R
924 3989 957 4040 ta
978 3987 1168 4054 interrogatur·
1185 3987 1211 4039 R
1229 3986 1272 4039 in·

128 4074 357 4142 terrogareturE
407 4077 539 4141 utputans
552 4075 578 4126 R
630 4075 663 4127 21
676 4073 737 4127 uiae
750 4073 943 4160 sueoniaese
957 4074 982 4125 R
1033 4075 1067 4126 al
1080 4073 1272 4126 continuantes

127 4181 221 4249 scripsi
237 4177 411 4230 continuanti
430 4178 455 4230 R
473 4178 627 4231 continuati
645 4197 664 4228 α
683 4177 868 4230 continuatae
920 4179 955 4232 22
970 4195 1066 4230 earum
1080 4193 1113 4230 aa
1125 4178 1153 4231 0.
1164 4179 1272 4231 &tenet

129 4281 160 4318 ac
179 4265 205 4318 R
223 4281 256 4318 ac
274 4281 370 4318 earum
381 4265 407 4316 E
458 4267 492 4318 23
511 4264 615 4332 scripta
625 4265 669 4318 Ro
722 4267 756 4318 26
775 4264 877 4332 ubique
895 4263 974 4318 funes
991 4264 1095 4332 ubique
1113 4263 1270 4318 scandaleo-
