3075 4967
274 301 337 368 172Ι
613 301 728 354 sancti
751 300 884 354 Hilarii
908 299 1072 367 episcopi
1181 342 1183 345 ,

315 493 343 558 6.
367 492 429 558 Sed
450 492 531 558 iuter
553 490 628 570 bac,
653 510 721 574 quae
744 489 804 554 soit
826 498 857 555 et
878 496 1028 572 expectat,
1055 486 1206 569 propbeta
1228 507 1288 552 non
1313 487 1425 552 tacuit

270 598 454 678 deprecatus
487 597 578 674 enim,
603 615 641 661 ne
676 600 932 674 corrumperetur,
969 593 1172 658 absorbendae
1209 591 1424 672 corruptionis

269 701 357 766 istius
379 707 502 782 tempus
521 705 643 780 exoptat
658 699 782 764 dicens:
805 696 989 763 exaltare
1012 716 1132 778 super
1153 695 1279 773 caelos,
1304 696 1423 770 deus,

270 814 307 870 et
329 825 451 885 super
473 823 623 868 omnem
657 809 807 867 terram
830 800 966 886 gloria
988 807 1061 866 tua
1107 819 1176 882 quae
1198 802 1230 864 iu
1253 799 1352 865 altum
1380 801 1423 866 de

230 936 242 972 s
270 907 435 974 humilibus
459 907 635 982 efferuntur,
660 927 698 972 ea
720 906 844 971 exaltari
869 905 1020 982 uidentur,
1043 905 1114 987 quia
1147 924 1204 987 per
1237 905 1423 986 protectum

270 1013 425 1096 quendam
445 1012 476 1076 in
500 1012 540 1089 id,
557 1011 637 1096 quod
655 1009 818 1075 sublimius
833 1024 888 1086 est,
912 1011 1047 1075 euadunt
1103 1010 1184 1093 quod
1199 1015 1302 1074 autem
1320 1028 1425 1090 super

231 1141 235 1150 ·
269 1116 359 1182 caelos
382 1115 576 1182 exaltandum
600 1123 654 1190 est,
678 1133 804 1180 necesse
827 1121 875 1178 est
897 1120 930 1178 ut
952 1115 1037 1194 prius
1071 1113 1267 1179 descenderit
1301 1114 1344 1178 ad
1371 1113 1423 1178 in-

268 1221 381 1286 feriora
402 1221 441 1286 de
463 1218 553 1298 caelis,
576 1239 632 1300 per
655 1221 735 1303 quod
759 1237 882 1283 rursum
908 1217 1104 1283 exaltandum
1129 1217 1171 1282 sit
1193 1237 1285 1299 super
1309 1215 1423 1282 caelos.

268 1324 350 1407 quod
383 1325 518 1405 idipsum
552 1321 707 1404 apostolus
741 1321 968 1387 absolutissime
1000 1321 1043 1386 ita
1078 1321 1167 1387 dicit:
1213 1321 1279 1405 qui
1327 1341 1420 1386 cum

217 1455 241 1492 m
268 1429 528 1494 ascendisset
550 1428 587 1492 in
611 1426 883 1504 altitudinem,
906 1426 1109 1506 captiuam
1132 1425 1219 1510 egit
1240 1425 1423 1506 captiui·

268 1539 400 1610 tatem,
424 1532 537 1598 dedit
559 1530 918 1596 donahominibus.
964 1531 1297 1595 ascenditautem
1314 1530 1420 1614 quid

267 1643 335 1712 est,
358 1637 437 1700 nisi
462 1636 554 1720 quia
577 1641 615 1700 et
638 1634 860 1700 descendit
882 1634 921 1698 in
944 1632 1146 1699 iuferiora
1168 1631 1312 1700 terrae?
1347 1635 1420 1718 qui

267 1740 492 1817 descendit,
515 1740 603 1820 ipse
637 1745 699 1804 est-
732 1749 770 1804 et
793 1739 859 1822 qui
894 1739 1085 1803 ascendit
1118 1757 1239 1818 super
1272 1757 1422 1803 omnes

267 1843 394 1922 caelos,
425 1850 465 1909 ut
495 1842 718 1924 adimpleat
748 1843 888 1920 omnia,
922 1841 995 1908 hinc
1028 1841 1180 1908 exaltandi
1204 1861 1296 1924 super
1319 1841 1422 1908 caelos

216 1977 240 2013 ιι
270 1967 392 2012 causam
414 1947 595 2032 significans
611 1947 756 2024 extitisse,
781 1949 862 2030 quod
878 1946 1086 2012 descendendi
1103 1947 1246 2029 usquein
1262 1945 1422 2012 inferiora

267 2059 356 2116 terrae
380 2051 538 2117 humilitas
562 2061 644 2116 esset
666 2057 833 2131 assumpta.
878 2070 915 2115 cr
937 2057 1008 2114 uoto
1043 2070 1118 2134 ergo
1152 2048 1303 2131 prophete
1333 2070 1422 2131 prae·

267 2156 385 2220 nuntiat
417 2155 541 2221 exaltari
576 2175 668 2236 super
701 2153 793 2220 caelos
817 2155 918 2219 deum.
963 2159 994 2218 et
1028 2154 1100 2237 quie
1131 2153 1283 2218 ‚exaltatus
1318 2173 1423 2238 super

266 2259 357 2324 caelos
380 2258 561 2340 impleturus
585 2266 668 2325 esset
691 2259 721 2324 in
746 2259 837 2324 terris
863 2259 968 2322 omnia
983 2259 1083 2323 sancti
1098 2258 1223 2339 spiritua
1239 2258 1287 2323 sui
1302 2257 1420 2342 gloria.

266 2363 411 2429 subiecit:
435 2371 474 2429 et
497 2383 617 2444 super
639 2383 791 2428 omnem
815 2369 965 2427 terram
990 2361 1222 2447 gloriatua:
1245 2381 1317 2427 cum
1334 2361 1420 2428 offir-

213 2493 240 2532 m
267 2486 333 2531 sum
357 2487 450 2548 super
471 2487 593 2532 omnem
618 2486 743 2533 carnem
760 2467 884 2547 spiritus
901 2466 1015 2530 donum
1030 2465 1160 2551 gloriam
1178 2466 1300 2532 exaltati
1318 2487 1420 2548 super

266 2570 356 2635 caelos
379 2571 495 2635 domini
517 2577 745 2653 protestaretur.

310 2675 337 2738 1.
361 2673 470 2740 Omnis
492 2685 593 2740 autem
618 2675 668 2740 hic
692 2675 846 2756 protectus
867 2695 928 2739 non
953 2681 1069 2740 naturae
1093 2675 1213 2754 diuina,
1242 2677 1297 2740 sed
1322 2675 1418 2741 infir·

266 2779 363 2843 mirati
386 2778 522 2844 hominis
544 2785 680 2860 optatur:
716 2780 789 2862 quia
822 2797 857 2844 sc
889 2798 945 2859 per
979 2779 1221 2861 assumptionem
1251 2779 1356 2845 carnis
1381 2781 1417 2845 in

265 2880 438 2947 caelestibus
461 2883 670 2948 collocandum
694 2881 845 2964 propbeta
866 2902 928 2947 non
951 2883 1060 2961 nescit,
1090 2883 1204 2966 quippe
1233 2903 1304 2948 cum
1334 2903 1418 2949 con·

213 3013 238 3050 aa
266 2984 438 3066 corporales
461 2993 492 3051 et
512 2987 676 3068 participes
700 2984 801 3052 effecti
817 2986 913 3051 simus
928 2986 960 3051 in
976 2985 1100 3051 Christo
1115 2986 1194 3052 Iesu.
1240 2993 1272 3052 et
1292 2987 1417 3055 idcirco

264 3089 331 3154 haec
353 3089 394 3154 ad
418 3091 518 3155 carnis
541 3110 604 3156 eura
626 3090 848 3169 infirmitatem,
871 3110 940 3175 quae
964 3097 995 3156 ct
1015 3090 1048 3155 in
1071 3091 1267 3171 passionibus
1289 3091 1416 3157 domini

264 3194 403 3259 uerenda
425 3199 457 3260 et
479 3213 570 3274 super
603 3193 696 3260 caelos
729 3201 813 3259 esset
846 3193 1016 3264 exaltanda.
1050 3195 1206 3260 conexuit:
1237 3194 1415 3279 laqueos

264 3304 510 3379 parauerunt
531 3298 819 3380 pedibusmeis
836 3300 1214 3364 etiucuruaucrunt
1236 3300 1412 3366 animam

306 3459 323 3508 9
340 3455 440 3522 Ephee.
459 3455 504 3524 IV,
523 3457 540 3508 8
558 3473 598 3524 sq.

307 3611 450 3680 lproleta
468 3615 493 3665 R
545 3613 761 3693 ddcpraeoatus
790 3615 815 3666 R
842 3613 997 3682 deprecatis
1017 3615 1059 3667 Pa
1112 3615 1200 3683 4aup
1224 3615 1305 3667 omne
1329 3615 1413 3669 terra

262 3715 292 3750 ea
318 3699 347 3751 in
374 3699 448 3751 omni
474 3703 551 3754 terra
573 3717 640 3754 corr.
659 3701 685 3753 R
749 3702 766 3753 9
792 3701 866 3768 quod
891 3701 982 3769 ipsum
1008 3701 1086 3753 ΡΓΕ
1136 3701 1358 3756 absolutissimae
1384 3705 1413 3757 R

264 3788 293 3838 ll
314 3785 386 3838 dona
404 3785 559 3841 homiuibus
578 3787 656 3839 PTE
672 3787 707 3856 cs.
726 3789 845 3841 Sabutier
863 3787 918 3856 111,
937 3787 991 3842 799
1007 3788 1169 3842 donationes
1194 3789 1224 3842 in
1249 3789 1362 3843 bomine
1382 3791 1411 3843 R

263 3873 295 3926 18
313 3871 372 3940 ipse
390 3879 431 3926 est
450 3873 496 3940 qui
516 3873 579 3927 PTe
633 3876 665 3927 14
684 3875 837 3944 adimpleat
864 3875 941 3927 m
965 3875 1132 3944 adimpleret
1160 3876 1188 3928 E
1240 3878 1273 3929 lb
1291 3876 1411 3930 descen-

262 3958 345 4011 dendi
363 3977 392 4011 ec
410 3960 540 4014 descendi
557 3977 623 4014 corr.
642 3979 676 4014 m.
696 3961 711 4013 1
725 3963 751 4014 P
804 3964 836 4016 16
853 3962 1035 4030 praenunciat
1054 3963 1107 4015 ΒΤ
1159 3963 1192 4016 19
1209 3962 1300 4032 gloria
1317 3969 1411 4018 tuaet

261 4043 379 4111 gloriam
406 4045 454 4100 tui
472 4047 498 4099 R
549 4047 582 4100 21
602 4053 806 4115 protestaretur
833 4045 874 4113 (re
901 4067 932 4102 ea
952 4059 1030 4119 perte
1056 4047 1179 4116 ernaldi
1231 4051 1266 4103 22
1283 4049 1348 4104 aute
1376 4069 1410 4104 α

258 4133 446 4199 purteerardt
497 4134 532 4186 113
550 4133 597 4186 in?
617 4133 761 4200 caelestib;
774 4134 800 4186 P
849 4136 884 4187 24
896 4136 1108 4204 concorporales
1125 4136 1176 4189 ΚΤ
1199 4136 1359 4205 corporales
1368 4136 1409 4190 Pe

260 4219 295 4270 26
312 4217 461 4286 participes
488 4219 566 4272 RPT
591 4225 625 4273 cd
651 4221 801 4290 participes
829 4241 848 4272 α
875 4223 1088 4290 comparticipes
1112 4242 1125 4273 a
1176 4222 1240 4276 Iesu
1266 4241 1316 4276 om.
1342 4223 1407 4276 PTe

260 4303 294 4356 26
312 4304 340 4356 in
360 4305 450 4358 carnis
468 4321 532 4359 auae
551 4305 740 4361 infirmitatem
761 4309 811 4360 PT
811 4327 830 4361 e.
