3075 4967
321 250 385 317 816
670 252 788 338 saneti
805 228 945 306 siluri
963 253 1126 322 epicopi

365 442 393 507 4.
417 442 530 507 Manus
554 442 651 526 igitur
673 442 739 507 eius
763 442 881 507 edoctae
903 446 944 509 ad
966 442 1082 509 beilum
1114 450 1193 521 sunt,
1228 465 1297 509 oum
1322 445 1452 511 saeculmu
1529 477 1530 496 κ

319 548 431 612 uincit:
467 567 540 631 ogo
575 548 689 625 euim,
722 548 773 623 sit,
807 548 889 613 uici
921 548 1125 626 mundum;
1159 568 1228 613 cum
1261 550 1454 615 extensusiu

321 670 445 717 crucem
468 650 682 716 inuictissimis
705 653 801 717 armis
830 652 927 733 ipsius
950 652 1103 735 passionis
1133 654 1309 719 instruitur:
1338 664 1375 719 et
1402 675 1454 734 po

321 756 456 833 suisti,
479 756 588 840 inquit,
613 762 653 820 ut
684 775 818 821 arcum
848 777 993 822 aereum
1017 757 1186 822 brachia
1209 777 1311 837 mea;
1332 777 1400 824 cum
1420 760 1453 822 de

282 886 294 921 s
321 859 465 925 omuibus
487 860 652 925 uirtutibus
675 880 711 925 uc
733 860 938 941 potestatibus
960 861 992 926 in
1016 861 1084 945 ipso
1108 870 1144 926 se
1176 872 1291 943 tropaeo
1325 861 1455 947 gloriose

322 964 422 1029 erucis
457 964 641 1045 triumphat:
676 969 714 1029 et
747 965 1009 1046 principatus
1047 973 1085 1030 et
1121 971 1352 1046 potestates
1383 968 1454 1033 euim

322 1069 608 1134 traduxitcum
632 1070 789 1134 fiducia
812 1069 1071 1150 triumphans
1091 1070 1455 1151 eosinsemetipeo;

322 1192 391 1238 cum
429 1172 612 1238 dissidentia
641 1173 722 1239 inter
745 1193 780 1238 se
803 1174 938 1239 caelestis
960 1179 991 1238 et
1012 1180 1135 1239 terrena
1167 1174 1325 1255 pacificat:
1359 1180 1395 1239 et
1422 1175 1455 1238 iu

215 1302 216 1307 ¹
322 1278 418 1358 ipso,
442 1277 549 1361 inquit
571 1276 842 1343 reconciliari
876 1278 1010 1343 omnia
1042 1278 1082 1341 in
1115 1298 1209 1361 eum,
1233 1278 1455 1359 pacificans

271 1410 295 1446 ιο
322 1402 393 1462 per
415 1382 658 1466 sanguinem
681 1382 817 1447 crucis
847 1401 926 1447 suae
948 1382 1037 1447 siue
1060 1400 1146 1466 quae
1179 1383 1218 1447 in
1242 1390 1354 1448 terra
1373 1388 1458 1447 eunt

323 1486 410 1551 siue
449 1505 533 1569 quae
569 1485 608 1549 in
643 1485 766 1551 celis.
813 1487 852 1551 ad
888 1486 946 1551 hoc
979 1487 1076 1571 igitur
1109 1485 1223 1552 bellum
1259 1507 1369 1551 manue
1399 1487 1456 1551 eius

323 1591 439 1655 edootae
455 1597 533 1666 sunt,
550 1591 581 1653 in
598 1610 658 1673 quo
674 1610 765 1656 arcus
781 1591 853 1655 aerei
869 1592 1039 1656 certamine
1054 1591 1191 1667 uincunt
1214 1590 1456 1656 dehonestatione

322 1699 462 1775 potentes
493 1692 730 1775 triumphantur,
761 1714 839 1776 pace
869 1695 1106 1761 reconciliantur
1139 1695 1275 1761 inimico.
1321 1696 1376 1760 sed
1396 1703 1456 1775 post

323 1818 469 1863 manuum
499 1797 612 1863 bellum
645 1799 786 1864 succedit
808 1804 840 1865 et
861 1800 1026 1883 digitorum
1058 1798 1209 1880 proelium.
1253 1799 1355 1864 omnis
1382 1798 1455 1863 enim

273 1928 297 1965 re
323 1904 355 1968 in
390 1924 425 1968 eo
460 1902 587 1971 habitus
621 1908 652 1969 et
684 1923 792 1989 pugna
824 1903 978 1986 passionis
1011 1904 1193 1969 ostenditur.
1239 1921 1351 1969 manus
1382 1902 1456 1968 euim

323 2008 529 2073 extenduntur
553 2014 583 2073 ot
605 2007 695 2093 digiti
717 2008 915 2092 configuntur
929 2009 960 2073 in
976 2007 1103 2089 palmis:
1126 2014 1218 2074 uetus
1232 2006 1352 2074 scilicet
1365 2006 1455 2072 chiro

323 2111 478 2197 graphum
513 2112 682 2176 secundum
712 2110 885 2192 apostolum
917 2111 1025 2178 delens
1054 2119 1086 2178 et
1107 2112 1249 2197 adfigene
1281 2110 1356 2176 iliud
1383 2110 1455 2175 cruci

324 2216 416 2281 etiam
441 2236 494 2281 eas
517 2222 622 2296 partes
646 2235 795 2280 mannum
818 2221 1039 2281 commemorat
1061 2216 1093 2281 iu
1116 2216 1233 2297 prmtio,
1262 2236 1334 2281 cum
1357 2214 1455 2299 quibus

324 2320 428 2385 omnia
450 2327 588 2385 uetomm
612 2320 777 2385 criminum
800 2326 927 2401 peccata
950 2320 1071 2385 confixa
1092 2333 1174 2385 sunt.

273 2498 297 2535 eo
369 2477 397 2541 5.
420 2475 541 2541 Dehinc
564 2476 718 2560 sequitur:
753 2476 1044 2542 misericordia
1078 2496 1161 2541 mea
1194 2483 1232 2541 et
1262 2474 1455 2560 refugium

325 2600 457 2655 meum,
495 2588 711 2663 susceptor
748 2601 857 2647 meus
895 2588 933 2646 et·
965 2580 1167 2646 liberator
1200 2600 1311 2646 meus
1344 2600 1383 2646 es
1413 2584 1455 2654 tu

323 2690 536 2765 protector
566 2706 674 2751 ruens
705 2694 742 2750 ot
773 2686 810 2749 iu
843 2686 931 2767 ipso
954 2684 1131 2769 speraui.
1176 2680 1455 2750 carentistudiffi-

324 2789 444 2855 cultete.
491 2790 595 2855 omnia
618 2789 702 2855 enim
725 2790 757 2853 iu
780 2789 951 2874 euangeliis
973 2790 1034 2855 ists
1054 2795 1145 2873 gesta
1165 2789 1204 2853 ab
1220 2809 1256 2853 eo
1273 2795 1364 2873 atque
1385 2786 1456 2852 diota

325 2897 403 2969 eunt,
443 2899 477 2958 ut
510 2892 659 2967 honorem
695 2894 865 2960 maiestatis
899 2901 1035 2975 paternae
1057 2914 1114 2975 per
1136 2892 1322 2958 humilitatis
1354 2898 1455 2959 nostru

273 3013 298 3051 2⁶
326 2995 560 3076 consessionem,
584 3018 717 3082 quorum
742 2997 882 3063 habitum
905 2999 1129 3079 adsumpserat,
1153 2998 1342 3078 praedicaret

370 3152 399 3217 6.
424 3153 504 3218 Illud
527 3160 639 3233 antem,
675 3158 757 3239 quod
780 3155 837 3219 ait:
872 3154 1085 3219 subiciens
1119 3152 1310 3235 populum
1343 3168 1454 3217 moun

301 3258 398 3323 ¹sub
421 3278 488 3341 me,
512 3278 573 3323 nou
597 3278 634 3323 ex
657 3280 791 3341 persona
819 3260 909 3324 unius
940 3258 1057 3323 Iudaici
1087 3257 1191 3339 popuii
1225 3259 1341 3322 dictum
1363 3253 1455 3321 existi·

326 3364 475 3428 mandam
509 3369 564 3442 est,
600 3382 670 3428 cum
704 3363 940 3429 uniuersitatem
972 3361 1111 3429 ecclesia
1142 3380 1236 3427 uuum
1267 3359 1410 3443 populum
1429 3357 1455 3419 in

326 3467 445 3549 psalmo
482 3466 541 3532 alio
579 3468 806 3549 nuncupauerit
843 3467 966 3533 diceus:
1010 3466 1201 3548 populus,
1240 3485 1354 3549 quem
1390 3480 1454 3526 nou

274 3588 298 3626 ³⁰
327 3572 507 3657 cognom,
532 3572 708 3637 serniuit
738 3572 844 3637 mihi.
889 3572 971 3655 quod
995 3576 1097 3636 eutem
1122 3571 1215 3635 etiam
1239 3568 1299 3643 hic,
1323 3568 1454 3652 quicum
1529 3655 1530 3670 χ

369 3781 461 3835 sloh.
480 3718 552 3849 XVh,
572 3782 614 3835 33.
650 3780 789 3835 boulena.
808 3781 842 3848 II,
863 3780 903 3835 15.
939 3779 1176 3845 dcoloss.1‚20.
1212 3780 1246 3833 29
1264 3774 1454 3841 Psxvlhtt.
1529 3765 1530 3798 ³

370 3971 576 4040 ‘o'paeeionibue
589 3972 615 4025 R
668 3970 802 4025 introitur
810 3969 844 4037 (i)
859 3970 904 4023 G?
955 3967 1145 4037 thraecium
1159 3968 1186 4023 G
1237 3962 1456 4036 strophaeoht

325 4058 467 4127 tropeaG
520 4058 682 4113 dtriumfat
703 4058 754 4111 GR
810 4060 842 4111 ln
860 4056 1023 4111 uincuntG
1049 4056 1173 4110 uincitur
1198 4056 1254 4109 RE
1306 4057 1337 4107 13
1354 4050 1454 4107 inimic·

328 4146 380 4199 GR
404 4145 510 4199 inimici
535 4146 564 4198 E
625 4148 657 4199 16
684 4146 713 4197 iu
740 4144 853 4213 psalmis
883 4144 908 4197 G
960 4143 1131 4212 cirografum
1159 4142 1185 4195 G
1211 4140 1410 4211 cyrographum
1433 4136 1453 4188 R

326 4234 360 4288 26
379 4232 517 4285 subiciens
536 4260 569 4267 -
589 4232 683 4285 diceus
702 4234 815 4285 omisisse
832 4231 945 4285 uidetur
964 4232 990 4284 (ι’
1042 4232 1077 4285 28
1093 4230 1123 4282 in
1142 4247 1190 4283 om.
1207 4230 1242 4283 a.
