3075 4967
271 278 334 342 236
614 275 732 330 saneti
751 276 887 330 Hilarii
905 276 1070 346 episcopi

270 489 340 550 per
362 467 485 533 fidem
508 469 555 532 iu
578 486 647 532 eno
670 466 874 551 sanguiue
897 467 1064 532 etiterum:
1088 467 1177 549 ipse
1200 474 1263 534 est
1285 467 1419 550 placa-

270 575 326 639 tio
348 572 627 655 propeccatis
659 571 825 636 nostris.
868 571 973 636 ueniet
995 591 1070 655 ergo
1086 573 1124 636 ad
1141 591 1212 637 enm
1227 571 1330 638 omnis
1346 593 1419 638 cero

270 678 392 743 dicens:
425 677 550 742 uerba
582 673 814 759 iniquorum
847 674 1154 756 praeualuerunl
1183 696 1306 758 super
1336 697 1419 754 nos,

270 788 308 847 et
329 780 620 863 impietatibus
642 780 800 844 nostris
822 786 863 844 tn
884 779 1195 862 propitiaberis,

229 909 243 948 s
314 887 342 951 5.
366 886 429 951 Sed
462 886 515 968 qui
549 884 676 949 tandem
713 884 939 967 propitiationis
973 881 1100 949 effectus
1138 885 1209 950 est?
1254 884 1302 952 uel
1342 887 1419 971 quid

268 990 407 1072 proderit
427 1009 565 1056 errorem
587 987 738 1072 gentilem
760 987 923 1071 reliquisse
939 992 969 1053 et
983 988 1154 1054 doctrinam
1177 989 1305 1070 impiam
1329 1009 1421 1072 spre-

268 1095 375 1160 uisse?
417 1101 450 1159 et
470 1094 605 1176 idipsum
639 1112 701 1156 non
725 1092 932 1158 dissimulauit
955 1093 1080 1158 dicens:
1111 1093 1263 1172 beatus,
1298 1113 1419 1177 quem

270 1198 442 1282 elegisti
464 1204 503 1264 et
524 1196 802 1277 adsumpsisti,
823 1194 1092 1262 utinhobilet
1112 1196 1423 1264 in'tebornscu·

268 1303 320 1370 lis
344 1303 435 1369 tuis.
480 1303 581 1366 omnis
605 1301 729 1384 quidem
753 1319 827 1366 caro
850 1301 962 1378 ueniet,
984 1301 1017 1366 id
1033 1307 1081 1366 est
1096 1301 1231 1370 exomni
1251 1301 1421 1368 hominnm

218 1429 243 1465 ιι
271 1427 387 1491 genere
419 1425 659 1490 congregamur,
693 1407 750 1471 sed
784 1404 891 1470 beatus
925 1410 973 1470 est
1002 1406 1133 1490 quisque
1165 1405 1258 1471 fuerit
1288 1405 1422 1474 electus

271 1512 387 1579 multi
424 1511 529 1576 euim
565 1511 736 1576 seeundum
772 1508 969 1592 euangelium
1013 1510 1149 1576 uocati
1193 1517 1300 1588 sunt,
1344 1513 1423 1577 sed

269 1617 387 1697 pauci
420 1615 555 1681 electi.
600 1614 690 1680 electi
722 1619 826 1678 autem
858 1619 930 1679 suut
961 1613 1089 1696 nuptiali
1123 1621 1210 1680 ueste
1247 1615 1423 1698 conspicui,

269 1741 345 1803 puro
368 1727 461 1805 atque
483 1719 605 1802 integro
626 1738 715 1784 nonae
746 1718 913 1783 natiuitatis
943 1737 1070 1801 corpore
1100 1717 1264 1800 splendidi.
1310 1720 1424 1804 itaque

271 1844 330 1890 non
354 1845 405 1890 res
426 1823 589 1889 indiscreti
618 1822 724 1888 iudicii
760 1820 870 1888 electio
911 1828 968 1903 est,
1011 1824 1068 1888 sed
1102 1841 1139 1887 er
1174 1824 1276 1888 meriti
1312 1823 1422 1890 electu

218 1948 242 1984 n
270 1931 350 1996 sacta
380 1928 526 1994 discretio
560 1934 616 1991 est.
662 1925 771 1992 beatus
805 1945 887 2010 ergo,
917 1945 1010 2010 quem
1033 1925 1127 2011 elegit
1162 1925 1255 1992 deus:
1302 1927 1424 1995 beatus

268 2035 307 2100 ob
329 2034 371 2110 id,
393 2033 466 2116 qnia
488 2029 636 2097 electione
658 2031 699 2097 sit
721 2031 844 2113 dignus.
889 2031 969 2096 scire
987 2037 1094 2096 autem
1109 2049 1167 2096 nos
1181 2033 1337 2108 mnueuit,
1363 2032 1423 2100 hie

269 2140 378 2204 beatus
400 2138 432 2202 iu
456 2155 551 2220 quam
574 2155 640 2201 rem
664 2134 757 2200 luerit
780 2133 913 2212 electus;
936 2133 1055 2200 scilicet
1077 2136 1118 2201 ad
1140 2135 1181 2213 id,
1205 2137 1286 2220 quod
1310 2139 1424 2222 sequi·

268 2259 332 2308 tur:
355 2239 614 2307 inhabitabit
635 2240 673 2304 in
698 2237 980 2304 tabernaculis
1002 2239 1097 2304 tuis.
1142 2241 1245 2306 omnis
1263 2241 1423 2322 perfectio

268 2348 418 2411 bonomm
440 2343 672 2410 inhabitationis
694 2342 827 2408 celestis
850 2349 898 2408 est
920 2345 1054 2427 requies.
1099 2342 1212 2410 multas
1234 2346 1423 2414 mansiones

216 2464 241 2502 ιο
268 2451 411 2515 dominns
433 2451 464 2514 in
488 2449 571 2515 eaelis
594 2467 663 2514 esse
685 2453 822 2526 testetur,
846 2449 901 2513 sed
923 2453 1044 2529 patrem
1067 2453 1143 2530 oret,
1166 2457 1199 2515 ut
1211 2449 1343 2534 apostoli
1361 2453 1423 2519 ubi

268 2567 298 2620 et
327 2556 395 2635 ipse
425 2557 465 2619 sit
487 2561 641 2628 maneant,
672 2553 795 2618 dicens:
829 2559 951 2633 pater,
980 2573 1079 2636 quos
1114 2553 1213 2621 mihi
1246 2554 1423 2634 dedisti,

267 2659 358 2724 uolo
381 2664 422 2723 ut
443 2658 511 2724 ubi
534 2677 607 2741 ego
629 2677 721 2724 sum.
744 2657 804 2723 ibi
827 2661 865 2721 et
887 2655 952 2722 illi
975 2657 1059 2722 sint
1081 2677 1238 2725 meeum.
1282 2678 1322 2724 er
1346 2659 1422 2740 pln-

267 2763 358 2828 rimis
378 2782 453 2846 ergo
476 2761 687 2827 mansionibus
710 2759 857 2842 apostolis
877 2760 940 2826 suis
956 2781 1034 2840 eam,
1057 2781 1126 2846 quae
1141 2763 1202 2828 eibi
1218 2768 1265 2828 est
1278 2767 1422 2847 propris,

266 2868 483 2934 communicat
528 2867 587 2932 scit
607 2865 765 2947 propbeta,
789 2871 903 2949 quanta
926 2866 1081 2932 beatitudo
1097 2866 1183 2932 sitin
1203 2867 1422 2936 tabernaculis

213 2985 240 3023 ἰ
267 2973 317 3038 dei
341 2990 418 3049 esse,
442 2969 502 3035 alio
525 2969 591 3036 loeo
615 2970 738 3036 diceus:
761 2969 1024 3049 concupiscit
1047 2977 1085 3036 et
1107 2971 1256 3038 delicit
1278 2971 1422 3040 anima

267 3075 413 3141 mea-in
443 3075 549 3139 atria
579 3074 737 3139 domini.
784 3075 923 3140 sednon
947 3075 987 3142 ob
1010 3075 1041 3140 id
1063 3075 1214 3141 bonorum
1238 3074 1422 3144 celestium

311 3214 460 3282 rinna,
475 3215 502 3268 a.
534 3217 564 3268 ιι
579 3213 797 3282 ιιιιιι.ι.ι·,ιιι.
833 3217 866 3269 ar
880 3214 1086 3283 ronxvnau.
1123 3215 1420 3285 sersnxxmma.

307 3374 560 3442 bpraeualuerunt
584 3373 620 3427 l'e
637 3372 818 3426 inualuerunt
836 3372 903 3426 RPb
954 3375 1019 3426 let
1045 3371 1226 3442 impietatibus
1249 3373 1355 3426 nostris
1383 3381 1420 3430 tu

264 3459 459 3529 propitiaberis
484 3460 510 3514 V
523 3461 558 3529 cs.
577 3461 697 3514 Sebutier
711 3458 750 3524 11,
769 3457 827 3512 125
846 3463 874 3512 et
892 3459 1050 3528 impietates
1068 3463 1177 3513 nostrae
1195 3463 1226 3513 tu
1244 3459 1419 3528 propitiabis

264 3547 343 3600 RPE
413 3550 447 3630 ¹‚⁰
473 3552 680 3616 congregantur
707 3545 734 3598 P
758 3545 1004 3614 congregabuntur
1027 3564 1040 3598 e
1068 3542 1341 3614 (congraegabuntur
1379 3549 1418 3616 Γ)

263 3633 382 3703 quisque
400 3633 439 3699 P(
445 3632 501 3700 V)a
527 3633 560 3697 qt.
579 3635 661 3688 sicud.
686 3651 713 3702 p.
741 3630 781 3687 29
807 3633 933 3701 quisquis
958 3633 996 3686 Re
1049 3631 1083 3688 18
1101 3632 1240 3701 splendidi
1268 3631 1308 3698 (di
1333 3653 1420 3690 uersu

263 3732 365 3774 meante
383 3723 444 3774 odd
461 3739 494 3774 m.
513 3719 540 3788 3,
557 3731 646 3790 postea
664 3738 731 3773 toers.
749 3721 852 3773 ineunm
870 3718 946 3772 2-3
964 3721 1009 3773 lin.
1028 3719 1109 3786 erus)
1129 3720 1154 3772 R
1209 3722 1241 3774 14
1259 3719 1376 3775 delectu
1388 3723 1420 3776 E

262 3843 358 3897 dilecti
368 3807 417 3887 οξ·
426 3841 596 3906 (dilectionis
605 3859 635 3894 ex
644 3841 749 3895 dilectu
750 3842 807 3911 sec.
820 3838 930 3907 m.2)1>
982 3839 1161 3895 lddesoretio
1174 3841 1201 3894 R
1255 3844 1286 3895 17
1306 3804 1418 3914 sequti

263 3984 290 4035 in
308 3999 390 4051 marg.
408 3980 485 4046 infe.
503 3983 563 4035 add.
576 4001 608 4035 m.
620 3981 641 4032 3
652 3981 679 4035 R
733 3983 765 4035 18
783 3981 814 4034 in
832 3981 1040 4050 tabernaqunlis
1052 3981 1078 4034 R
1132 3983 1165 4035 19
1183 3928 1288 4050 requie¹
1298 3978 1320 4048 (i
1337 3999 1419 4054 supr.

261 4087 310 4123 aer.
329 4087 362 4122 m.
380 4067 413 4134 3)
441 4069 467 4122 R
492 4069 590 4137 requie
616 4087 629 4122 e
655 4067 695 4135 (in
713 4067 810 4137 requie
834 4067 867 4134 VJ
919 4069 954 4122 22
977 4072 1004 4122 et
1032 4067 1075 4121 illi
1099 4085 1147 4122 om.
1172 4067 1198 4122 V
1246 4071 1282 4123 23
1307 4085 1417 4142 quea

263 4174 355 4241 quali
406 4174 440 4227 at
454 4173 651 4227 derzenen
712 4171 809 4227 delicit
826 4169 1099 4240 (eudelecitua.2P)
1126 4172 1200 4226 l'PE
1216 4173 1416 4230 defecitzz

263 4258 343 4322 (eres.
361 4259 427 4326 ini)
447 4261 479 4312 R.
