3075 4967
294 237 358 301 474
637 238 753 292 saneti
771 236 907 291 Hilarii
925 237 1088 307 episcopi

294 426 441 494 indieium
464 447 546 493 uerae
570 432 601 491 et
623 426 769 509 perlectae
793 428 832 493 de
855 426 904 492 his
919 426 1074 507 opinionis
1084 426 1228 493 insinuat.
1273 427 1429 512 diligamus

295 551 370 616 ergo
407 531 562 609 iustitiam,
604 531 795 605 modestiam,
840 529 1059 615 frugalitatem,
1103 531 1362 610 misericordiam
1403 538 1431 597 et

295 636 451 701 oderimus
481 636 564 700 rixas
598 642 628 700 et
658 635 833 712 ebrietates,
867 634 978 710 uades,
1013 634 1185 716 superbias,
1219 646 1334 719 stupra
1365 655 1430 701 eum

296 739 408 823 quibus
441 758 569 805 neeesse
607 748 654 805 est
687 746 717 804 et
750 739 907 805 diabolum
944 740 1111 806 ederimus.
1164 740 1329 825 diligentes
1363 758 1431 805 uero

257 874 269 909 a
295 863 412 924 panem,
435 844 605 920 ueritatem,
628 843 779 909 iustitiam
802 843 969 928 diligemus
988 864 1070 921 eum,
1094 844 1147 927 qui
1170 850 1219 910 est
1233 864 1300 925 pax,
1323 844 1431 909 iustitia

296 955 327 1013 et
356 947 480 1025 ueritas,
510 947 671 1013 dominum
701 954 843 1013 nostrum
866 947 972 1014 Iesum
996 947 1164 1027 Christum,
1195 949 1249 1032 qui
1277 955 1325 1015 est
1344 949 1432 1015 bena

296 1052 397 1118 dietus
420 1051 452 1116 in
475 1052 587 1117 saeeula
609 1052 802 1117 saeculorum.
847 1072 948 1117 amen.

826 1196 918 1281 llllll.

340 1320 719 1401 Lucernapedibus
754 1322 854 1386 meis
887 1322 1057 1388 uerbum
1090 1329 1207 1399 tuum,
1242 1332 1279 1387 et
1308 1321 1432 1387 lumen

246 1454 271 1491 ιο
298 1424 459 1490 semitis
482 1424 582 1490 meis
606 1423 786 1510 etreliqua.

341 1530 370 1593 1.
396 1528 467 1594 Vita
497 1548 671 1613 sensusque
701 1528 863 1596 hominum
892 1530 924 1595 in
956 1550 1059 1595 errure
1088 1549 1125 1595 aa
1155 1529 1256 1611 potius
1284 1538 1372 1595 noete
1393 1528 1434 1593 in·

298 1632 433 1699 scientiae
456 1648 571 1713 manet,
596 1634 670 1699 dum
693 1633 810 1699 carnali
834 1634 950 1699 iniecta
972 1634 1115 1719 euntagiu
1131 1634 1163 1698 in
1178 1634 1332 1715 profundo
1351 1634 1434 1718 igne

297 1738 405 1803 rantiae
443 1758 499 1819 per
535 1738 722 1823 grauitatem
760 1744 886 1814 nat-urae,
924 1738 974 1803 uui
1013 1736 1150 1803 admixta
1188 1743 1242 1816 est,
1280 1737 1434 1802 detinetur.

298 1842 420 1926 quando
444 1842 527 1907 enim
550 1841 825 1925 persemetipsum
848 1862 975 1908 eausam
998 1848 1029 1907 et
1049 1843 1200 1907 rationem
1223 1842 1354 1926 originis
1376 1860 1435 1907 ana

186 1981 189 1989 ·
247 1943 442 2011 rennuerit?
488 1946 613 2031 quando
637 1946 724 2025 sciet,
747 1946 802 2031 qni
825 1946 896 2011 uitae
920 1966 984 2011 suae
1007 1946 1128 2011 fruetus
1158 1946 1206 2022 sit,
1241 1966 1312 2029 quaa
1334 1943 1434 2011 eundi-

298 2051 344 2115 eie
368 2050 443 2131 spei,
468 2069 538 2134 quae
561 2051 775 2129 promerendae
795 2050 985 2131 posteritatis
1007 2050 1082 2116 uia?
1125 2069 1228 2135 neque
1251 2050 1334 2115 enim
1357 2048 1435 2132 quis·

299 2172 393 2237 quam
417 2160 480 2218 tarn
504 2153 633 2219 demens
656 2165 708 2217 aut
730 2154 821 2235 inops
844 2174 938 2220 sensu
961 2161 1016 2232 est,
1047 2160 1081 2219 ut
1110 2155 1142 2219 in
1171 2154 1212 2231 id,
1243 2173 1315 2219 eum
1338 2150 1434 2217 nullus

298 2263 388 2335 esset,
413 2265 521 2324 natum
545 2277 578 2323 se
602 2277 671 2323 esse
695 2257 860 2337 existimet
883 2264 917 2322 nt
932 2278 1064 2336 rursum,
1088 2264 1255 2342 postquam
1278 2264 1434 2329 natusest,

297 2360 401 2426 nullus
418 2369 516 2443 esset3
540 2382 611 2428 eum
631 2362 697 2427 sine
709 2361 803 2427 dubie
816 2362 992 2427 meminerit
1003 2383 1041 2427 ex
1052 2362 1189 2427 bonitate
1206 2362 1255 2427 dei
1271 2360 1434 2443 profectum

247 2490 272 2529 au
299 2486 377 2543 esse,
401 2468 485 2550 quod
509 2472 600 2531 natus
623 2474 678 2543 est,
701 2486 759 2531 nee
782 2466 815 2531 id
836 2467 868 2531 in
891 2467 1060 2532 bonitatem
1091 2466 1157 2532 eius
1187 2450 1314 2531 malitiae
1344 2465 1434 2538 cadat

299 2568 386 2634 utin
409 2570 498 2635 nubis
521 2569 579 2635 hue
615 2590 714 2638 suum.
745 2590 807 2653 quo
838 2574 1005 2649 nascimur,
1036 2590 1149 2635 munus
1178 2570 1341 2635 interimat
1384 2567 1435 2633 sed

298 2672 448 2757 propheta
485 2674 660 2759 engnitiune
700 2695 803 2740 rerum
849 2676 1019 2742 caelestium
1057 2675 1170 2758 dIgnus
1208 2682 1239 2739 et
1275 2675 1306 2739 in
1340 2673 1434 2740 lucem

300 2778 435 2843 scientiae
465 2798 594 2844 munere
624 2778 673 2844 dei
703 2786 733 2844 et
755 2778 878 2864 eloquio
902 2778 1067 2845 collocatus
1101 2779 1213 2845 ducem
1238 2779 1277 2844 ad
1311 2779 1387 2844 bene
1408 2785 1435 2840 et

298 2882 477 2948 innoeentes
499 2881 667 2948 uiuendum
691 2903 763 2948 eum
788 2883 934 2967 sequitur,
969 2882 1023 2968 qui
1057 2883 1108 2948 lur
1140 2904 1217 2948 uera
1250 2889 1298 2948 est
1331 2878 1434 2965 etqui

248 3006 272 3045 aa
299 3006 425 3051 emnem
448 2985 607 3052 huminem
630 2985 773 3054 lucificat.

344 3122 499 3178 linrinnet
523 3143 543 3195 p
596 3124 766 3179 2iustitiam
794 3143 824 3178 esc
850 3125 964 3179 iustiam
993 3143 1059 3179 corr.
1086 3142 1119 3177 m.
1142 3123 1163 3177 2
1191 3124 1218 3178 V
1276 3127 1386 3179 linens
1415 3120 1437 3173 l'

300 3211 380 3265 eedee
408 3211 434 3264 R
486 3212 617 3279 superbas
649 3212 674 3265 V
723 3211 894 3267 iniustitiam
921 3205 953 3266 di
980 3212 1004 3264 C
1054 3210 1202 3281 diligamus
1231 3212 1255 3265 C
1309 3204 1390 3263 unffi
1415 3206 1437 3260 I'

299 3306 358 3404 nair
376 3348 425 3420 ηῗι
448 3350 596 3404 VLittera
613 3351 679 3404 XIII
698 3350 814 3420 explicit
840 3351 940 3421 incipit
957 3350 1053 3405 littera
1070 3350 1151 3405 XIIII
1176 3350 1299 3405 feliciter
1322 3350 1347 3403 V
1365 3346 1434 3402 Finit

300 3456 325 3508 a
342 3455 420 3509 nina
437 3455 479 3509 ut.
497 3455 564 3509 xm
582 3454 666 3524 incip.
690 3454 765 3509 uum
788 3455 884 3509 resuere
901 3455 981 3509 xun
1001 3454 1093 3509 curn
1110 3436 1176 3509 uria
1192 3454 1260 3509 mn
1277 3449 1433 3522 ineptiam

299 3542 414 3612 Xllle
468 3541 577 3597 8Num
607 3542 631 3595 V
680 3544 795 3595 lituum
822 3542 932 3597 domine
959 3548 988 3596 et
1015 3543 1081 3613 nep
1107 3542 1143 3609 ef.
1171 3542 1293 3595 Sudutier
1318 3540 1356 3607 ΙΙ,
1380 3534 1433 3591 212

302 3630 332 3682 11
352 3629 483 3683 scientiae
507 3628 547 3699 Vp
602 3630 633 3682 12
652 3633 766 3683 manent
785 3629 839 3699 Cpb
891 3628 995 3683 infecta
1013 3647 1043 3683 a
1060 3628 1180 3683 infestae
1197 3627 1262 3681 na?
1277 3628 1302 3681 V
1351 3628 1382 3679 14
1396 3640 1432 3677 ee·

299 3716 445 3784 metipaam
461 3716 511 3787 pE
562 3717 595 3770 15
612 3717 724 3771 nouerit
741 3717 802 3769 edd.
821 3713 929 3770 na2V
979 3715 1089 3783 quando
1107 3715 1177 3770 neiat
1194 3734 1225 3769 ez
1243 3714 1351 3783 quando
1367 3712 1432 3767 anim

301 3803 369 3857 sciet
382 3821 414 3855 m.
429 3802 449 3855 2
465 3804 489 3856 V
504 3802 614 3871 quaudo
632 3802 691 3856 siR
745 3804 778 3856 16
795 3803 978 3873 potestatisp
1032 3805 1064 3856 17
1082 3802 1171 3857 tenV
1220 3803 1301 3870 inops
1318 3819 1348 3854 ex
1363 3798 1432 3852 inubs
1521 3839 1522 3842 η

300 3910 366 3944 cerr.
386 3908 418 3943 m.
438 3890 454 3943 1
478 3890 596 3943 Vinebe
617 3890 655 3960 Cp
706 3888 766 3942 iid
790 3888 859 3942 Vid
878 3891 901 3942 (¹
952 3891 986 3943 18
1003 3896 1085 3943 natus
1112 3895 1154 3943 eet
1180 3891 1208 3942 in
1234 3907 1317 3957 muru.
1343 3887 1398 3939 udd
1415 3886 1435 3935 (¹
1521 3901 1522 3914 ¹

302 3979 334 4031 19
361 3976 519 4031 meminerit
546 3994 576 4029 ex
601 3976 729 4029 meminit
756 3994 789 4028 m.
817 3974 838 4027 2
871 3976 894 4029 V
961 3992 996 4030 ex
1024 3976 1179 4061 bonitatem
1208 3993 1275 4031 cerr.
1305 3993 1338 4028 m.
1366 3971 1386 4026 2
1414 3968 1434 4022 1”

301 4117 335 4169 20
357 4115 386 4168 id
404 4134 452 4167 om.
476 4114 501 4169 V
551 4114 674 4168 malitiae
701 4060 826 4196 assdatC
874 4116 908 4168 21
934 4114 1007 4182 quod
1033 4114 1090 4167 VCe
1141 4115 1282 4168 nascimur
1309 4133 1339 4168 ex
1355 4108 1431 4166 nasei·

301 4234 361 4272 mue
380 4238 412 4272 m.
432 4218 451 4271 2
473 4218 500 4271 V
549 4211 694 4272 interimat
717 4218 921 4300 Vinterimant
935 4238 963 4289 p.
