3075 4967
296 276 359 341 794
636 278 754 331 sancti
778 277 913 331 Hilarii
937 278 1100 347 episcopi

295 465 463 541 hominem,
497 466 615 532 iaciens
649 485 769 546 pacem,
804 470 837 529 ut
869 465 1079 531 reconciliaret
1113 468 1220 532 ambos
1244 468 1303 533 deo
1324 468 1357 533 in
1379 490 1440 534 nno

295 590 431 655 corpore,
463 570 617 635 internum
653 569 770 636 scilicet
803 569 964 635 hominem
987 577 1017 635 et
1039 576 1197 635 externum
1233 572 1307 637 lecit
1336 593 1440 637 unum

295 694 355 739 non
379 694 454 758 ergo
476 673 685 753 continemur,
709 675 764 739 sed
789 674 926 737 unimur:
950 673 1021 757 qnia
1035 675 1137 739 unitas
1152 675 1225 739 fidei
1241 682 1298 755 est,
1320 681 1353 741 et
1366 696 1441 742 nero

296 779 470 844 conbinatio
494 778 679 843 consortium
705 778 857 843 factionis.

257 912 268 948 a
340 882 368 946 8.
391 880 462 947 Non
487 883 578 947 modo
601 888 702 947 autem
726 902 788 947 non
811 880 970 947 conbinari
993 902 1028 947 se
1050 882 1200 964 propheta
1228 902 1299 949 cum
1333 882 1441 950 electis

295 988 472 1073 iniquorum
496 1008 557 1054 non
581 994 674 1069 optat,
706 990 888 1067 sedetiam,
918 989 990 1073 quia
1012 989 1129 1055 homini
1164 1010 1268 1056 errare
1298 990 1439 1055 debitum

296 1099 353 1171 est,
387 1094 413 1157 si
448 1093 522 1176 quid
558 1091 636 1158 sorte
670 1112 758 1158 secus
793 1103 824 1157 et
856 1091 1034 1157 humanitus
1057 1094 1197 1177 gesserit
1231 1094 1344 1175 corripi
1367 1114 1442 1159 sea

295 1196 375 1261 iusto
398 1197 428 1260 in
462 1196 675 1261 misericordia
698 1203 729 1263 et
751 1197 838 1281 argui
863 1195 988 1261 mauult.
1033 1197 1165 1262 formam
1190 1217 1327 1281 namque
1350 1200 1382 1262 in
1407 1218 1440 1263 se

296 1305 413 1366 naturae
429 1306 541 1366 nostrae
560 1300 810 1384 infirmitatisque
826 1300 990 1366 constituit.
1030 1299 1134 1384 plures
1157 1302 1269 1367 etenim
1291 1312 1441 1380 nostrum,

246 1429 270 1465 ιο
297 1424 368 1470 cum
392 1402 470 1484 lapsi
504 1404 627 1481 suerint,
657 1424 728 1469 cum
759 1404 939 1481 errauerint,
971 1403 1132 1470 emendari
1155 1425 1189 1471 se
1211 1405 1299 1470 iustae
1321 1407 1440 1471 miseri·

297 1508 409 1574 cordiae
443 1509 614 1593 arguitione
645 1506 806 1574 fastidiunt
828 1521 859 1574 et
891 1509 1050 1574 conbinari
1081 1508 1198 1574 malunt
1226 1511 1441 1591 peccatoribus

298 1632 390 1697 quam
423 1632 480 1694 per
512 1604 661 1677 iustorum
696 1613 923 1692 correptionem
957 1614 996 1677 ad
1027 1614 1238 1694 paenitentiam
1260 1614 1439 1697 retorqueri

298 1718 402 1784 tenuit
418 1724 519 1782 autem
544 1718 671 1802 egregie
694 1716 844 1782 rationem
866 1717 933 1783 ueri
955 1718 1154 1799 propheticus
1184 1736 1288 1783 sermo
1317 1717 1439 1783 dicens:

298 1822 499 1905 corripiet
533 1841 591 1886 me
615 1823 747 1886 iustus
771 1821 810 1885 in
833 1822 1122 1887 misericordia
1145 1827 1183 1888 et
1205 1821 1440 1903 increpabit

247 1950 271 1987 n
298 1945 365 1991 me.
412 1932 460 1990 est
490 1926 574 1991 enim
598 1924 821 1990 misericordia
849 1926 969 2003 modus,
999 1934 1030 1990 et
1061 1926 1229 1991 miserandi
1263 1925 1440 1991 adhibenda

298 2030 413 2095 iustitis
436 2036 491 2095 est.
538 2028 624 2096 dolor
640 2029 765 2112 quidem
782 2034 968 2112 potestesse
984 2049 1060 2114 erga
1082 2049 1145 2109 eos,
1167 2050 1296 2113 quorum
1312 2030 1439 2095 crimina

298 2134 407 2218 grauia
439 2140 519 2213 sunt,
555 2133 612 2197 sed
645 2132 865 2199 misericordie
898 2132 982 2198 locus
1004 2131 1106 2198 nullus
1129 2139 1184 2198 est.
1229 2133 1440 2199 misericordia

298 2238 380 2303 enim
404 2257 437 2302 se
460 2238 499 2301 ed
522 2236 645 2301 ueniam
670 2237 709 2302 de
732 2239 791 2302 deo
821 2238 972 2301 orandam
1001 2236 1061 2312 uis,
1085 2255 1154 2320 quea
1175 2245 1246 2302 sunt
1268 2244 1366 2322 gesta„
1389 2238 1439 2301 de

299 2341 409 2407 flectit:
434 2347 570 2407 ceterum
585 2340 707 2406 ueniam
726 2347 874 2422 praestare
896 2340 1021 2406 inlicitis
1044 2347 1174 2406 nonest
1196 2341 1437 2407 misericordiam

247 2466 271 2504 a
298 2450 456 2529 praestare,
473 2446 530 2510 sed
544 2444 692 2510 iustitiam
709 2444 929 2510 misericordiae
945 2464 1004 2509 non
1023 2450 1137 2511 tenere.
1183 2465 1279 2528 quam
1293 2444 1437 2511 rationem

299 2549 539 2633 diligentissime
572 2548 725 2630 apostolus
760 2546 919 2614 Iohannes
961 2548 1088 2614 retinuit
1120 2550 1243 2614 dicens:
1277 2550 1309 2613 si
1351 2549 1437 2633 quis

300 2654 378 2718 scit
401 2653 571 2718 fratrem
594 2672 704 2717 suum
729 2651 985 2736 delinquere,
1009 2654 1078 2719 sed
1101 2674 1177 2717 non
1199 2653 1435 2725 admortem

298 2762 413 2840 petat
435 2764 471 2823 et
496 2757 610 2822 dabit
631 2756 696 2821 illi
720 2758 820 2822 deus
842 2758 975 2821 uitam.
1021 2765 1084 2822 est
1106 2758 1210 2822 enim
1233 2762 1435 2841 peccatum

301 2862 549 2939 admortem,
574 2860 741 2926 sednon
765 2881 836 2941 pro
860 2861 1026 2926 ecdico.
1072 2862 1155 2944 quod
1177 2874 1281 2926 autem
1302 2860 1331 2925 in
1348 2860 1436 2925 mise·

247 2984 273 3023 ca
300 2965 431 3030 ricordia
467 2966 564 3029 iustus
599 2964 753 3045 corripere
787 2971 879 3049 atque
913 2983 1043 3048 arguere
1077 2984 1159 3042 eum,
1183 2964 1234 3049 qui
1258 2965 1359 3046 lapsus
1387 2964 1433 3038 sit,

300 3069 422 3149 debeat,
447 3069 554 3134 beatus
578 3067 691 3133 Paulus
707 3071 799 3134 docet
814 3070 937 3134 dicens:
961 3068 978 3133 f
982 3076 1126 3147 ratres,
1149 3076 1188 3135 et
1209 3068 1244 3133 si
1266 3086 1434 3151 praeuen-

300 3179 363 3239 tus
398 3172 526 3238 luerit
560 3172 676 3237 homo
711 3174 749 3237 in
785 3172 922 3257 aliquo
956 3172 1121 3251 delicto,
1143 3192 1222 3250 nos,
1251 3170 1434 3257 quiestis

301 3276 527 3359 spiritales,
562 3284 842 3341 consummate
875 3297 959 3341 eum
993 3278 1032 3341 in
1063 3278 1214 3357 spiritu
1243 3275 1433 3343 lenitatis.

301 3382 357 3447 sed
380 3400 419 3445 ne
441 3381 509 3464 ipse
532 3381 657 3464 quidem
693 3381 821 3445 rationis
842 3381 931 3446 iustae
953 3380 1173 3446 misericordie
1193 3381 1347 3447 inmemor
1365 3377 1432 3443 fnit:

248 3503 273 3542 ³⁰
301 3489 489 3567 praeuentum
522 3484 605 3549 enim
629 3484 660 3549 in
684 3484 805 3564 delicto,
834 3504 896 3549 non
925 3484 1080 3550 uoluntate
1110 3483 1341 3567 delinquentem
1368 3500 1432 3547 con·

301 3588 450 3655 summari
472 3608 528 3669 per
550 3588 752 3673 arguitionem
777 3590 871 3653 iubet.
916 3596 1009 3673 atque
1031 3589 1101 3653 ideo
1116 3587 1277 3669 prophete,
1299 3606 1363 3653 cum
1378 3584 1430 3650 ait:

343 3730 376 3783 ει
395 3729 408 3783 1
426 3727 484 3782 Ich.
503 3729 528 3794 ε,
548 3729 588 3782 1o.
625 3729 659 3781 ae
678 3727 767 3782 carae.
787 3728 833 3795 vr,
852 3730 876 3781 1.

346 3841 358 3891 1
379 3837 408 3889 in
437 3852 553 3905 corpore
580 3853 635 3913 uno
662 3836 691 3888 E
743 3839 774 3889 ll
794 3836 903 3890 malunt
928 3854 959 3889 ea·
984 3836 1105 3890 mallunt
1132 3837 1157 3889 li
1210 3839 1243 3891 la
1262 3835 1383 3906 egregiae
1404 3830 1429 3883 R

303 3928 335 3978 16
362 3924 470 3977 iustitia
499 3942 529 3976 ea
559 3923 680 3977 iustitiae
712 3942 744 3977 m.
773 3924 790 3975 1
819 3924 844 3976 R
913 3922 985 3991 proh
1012 3922 1092 3977 dolor
1124 3924 1193 3992 quid
1221 3928 1313 3992 potest
1339 3935 1393 3975 ease
1416 3934 1429 3970 e
1535 3941 1537 4000 q

300 4012 334 4065 21
362 4010 591 4078 diligentissimae
620 4012 646 4064 R
715 4011 832 4064 Ioannes
862 4010 891 4062 Ε
957 4011 992 4063 24
1019 4009 1107 4065 iustus
1136 4012 1166 4064 in
1195 4007 1380 4065 misericordia
1403 4002 1430 4055 Ε

1268 4097 1288 4135 rr

301 4169 336 4220 28
354 4170 559 4219 consummatae
587 4167 612 4219 R
664 4168 699 4221 29
726 4166 949 4220 misecricordiae
975 4167 1002 4220 R
1053 4168 1088 4220 80
1114 4146 1321 4235 consummtl'rip
1347 4157 1426 4217 meni·

302 4253 406 4307 tionem
424 4250 459 4317 (ri
476 4270 548 4322 enpr.
565 4270 615 4306 scr.
635 4272 651 4306 o
670 4272 703 4306 m.
722 4253 739 4306 1
748 4255 839 4306 deinde
848 4271 924 4318 eros„
933 4253 1037 4322 ripere
1046 4255 1134 4307 iares.
1144 4252 1211 4321 3)ss
1263 4255 1293 4308 31
1305 4244 1425 4319 εάφιεΚ
1534 4333 1535 4386 1
