3075 4967
319 310 323 321 ⁴
401 299 580 347 tractatus
598 294 633 345 in
651 293 824 362 psalmum
843 293 948 346 CXXV.
1181 291 1243 358 605

111 491 345 563 pernostra,
381 483 449 566 qui
483 482 584 548 feeit
615 492 790 566 utraque
825 501 949 560 unum,
974 482 1115 547 dominus
1137 487 1242 548 noster

108 585 192 652 Iesus
214 585 364 665 Christis,
388 587 441 671 qni
464 586 717 652 estbenedictus
739 587 772 651 in
795 585 915 651 saeeula.
962 605 1063 651 amen.

508 774 692 859 l’SdellS
719 774 840 857 cxxv.

450 916 660 982 Canticum
683 917 890 1000 graduum.

146 1037 187 1101 ln
218 1040 444 1104 auertendo
476 1039 678 1103 dominum
709 1037 996 1119 captiuitatem
1021 1037 1115 1102 Sion
1140 1037 1242 1102 faeti
1283 1063 1296 1101 ι

107 1163 234 1206 sumus
257 1143 366 1207 sieut
388 1142 603 1208 consolati.

147 1249 173 1311 1.
196 1247 266 1312 Nisi
289 1257 395 1312 essent
416 1247 448 1312 in
471 1247 599 1328 psalmis
623 1248 765 1330 quaedem
789 1246 866 1312 tales
889 1246 1066 1327 prophetiae,
1089 1251 1123 1310 ut
1143 1246 1174 1310 in
1190 1265 1241 1311 res

105 1364 191 1435 atque
214 1351 357 1417 homines
380 1372 485 1417 eorum
508 1359 694 1434 temporum,
715 1351 825 1435 quibus
849 1352 965 1435 scripta
987 1357 1067 1433 sunt,
1084 1371 1145 1415 non
1168 1369 1240 1416 eon·

104 1456 251 1532 uenirent,
273 1457 412 1536 prolecto
435 1459 585 1522 auderent
619 1455 703 1519 multi
734 1454 812 1519 nihil
842 1456 874 1518 in
904 1455 1031 1535 psalmis
1061 1453 1240 1535 spiritaliter

105 1561 215 1625 dietum
253 1561 429 1625 existimare
467 1568 670 1643 putarentque
712 1580 769 1625 nos
815 1562 966 1641 quasdam
1011 1558 1240 1624 commenticias
1270 1579 1294 1616 ιο

104 1664 287 1729 assertiones
310 1671 341 1729 et
363 1664 526 1730 ementitas
542 1664 811 1744 interpretationes
834 1664 996 1747 inquirere,
1020 1663 1132 1746 quibus
1154 1664 1241 1728 uide·

104 1788 207 1833 remur
239 1768 331 1833 altius
364 1768 468 1833 neseio
502 1768 577 1851 quid
611 1789 647 1832 aa
680 1768 861 1851 profundius
884 1781 1055 1832 ceterorum
1079 1786 1171 1831 sensu
1195 1767 1242 1830 in-

104 1870 263 1949 tellexisse,
285 1873 417 1953 proinde
440 1873 529 1956 quasi
552 1893 609 1938 nos
632 1873 736 1937 sensui
759 1879 925 1949 nostrum,
949 1891 1018 1954 quae
1033 1871 1148 1951 scriptu
1162 1881 1241 1947 sunt,

105 1984 282 2056 coaptemus
304 1986 335 2042 et
357 1997 419 2041 non
452 1978 553 2062 magis
587 1998 625 2042 ex
658 1975 718 2058 his,
753 1997 822 2060 quae
856 1976 972 2060 scripta
1004 1982 1082 2051 sunt,
1117 1995 1242 2040 sensum

106 2081 257 2163 diligentis
273 2090 304 2145 et
319 2080 456 2146 sollieitae
471 2080 691 2165 intellegentie
706 2100 940 2164 consequamur.
986 2080 1137 2160 seriptum
1159 2080 1242 2143 enim
1269 2097 1294 2134 ιι

56 2270 59 2276 ¹
105 2183 180 2268 legis
215 2192 323 2251 manet
355 2196 447 2271 atque
480 2192 527 2251 est
560 2185 763 2250 anterioribus
810 2205 902 2268 quam
936 2185 1060 2250 adesset
1093 2183 1243 2260 dominus,

106 2291 296 2371 temporibus
314 2280 525 2356 consummata
547 2311 566 2353 a
587 2289 756 2371 prophetis,
781 2290 863 2355 edita
879 2309 897 2354 a
912 2289 1033 2367 Iudeis,
1057 2295 1243 2370 pertractata

103 2395 283 2479 stragibus,
318 2402 459 2475 suscepta
489 2415 508 2458 a
538 2395 691 2479 gentibus,
726 2395 783 2459 sed
817 2394 970 2460 intellecta
1003 2398 1035 2459 et
1064 2394 1194 2474 probata
1224 2413 1242 2456 a

103 2496 291 2564 Christianis.

143 2603 170 2666 2.
193 2603 262 2669 Hoe
296 2604 375 2668 forta
409 2603 544 2669 insolens
577 2603 774 2668 existimetur.
827 2601 918 2684 plane
952 2602 1089 2668 insolens
1123 2608 1178 2678 est,
1214 2601 1240 2666 si
1267 2620 1293 2660 m

102 2706 187 2772 nobis
210 2707 291 2772 hane
313 2707 444 2791 gloriam
462 2709 689 2788 presumimus,
718 2707 744 2771 si
776 2718 894 2772 tantum
926 2706 1098 2771 infirmitati
1127 2714 1241 2772 nostrae

102 2810 190 2877 licere
223 2811 375 2886 uolumus,
409 2820 444 2878 ut
466 2814 559 2877 tantis
582 2813 770 2893 temporibus
805 2813 954 2889 abstrusa,
988 2810 1082 2877 tantis
1112 2810 1241 2875 humani

101 2917 220 2997 generis
242 2916 375 2981 obseura
397 2915 546 2990 aetatibus‚
568 2917 600 2980 in
625 2917 737 2999 quibus
762 2916 983 3000 intellegendis
1007 2915 1121 2981 frustra
1142 2935 1235 2998 reges

102 3018 310 3096 loborauerint
343 3021 403 3103 ipsi
438 3023 581 3086 doctores
615 3036 645 3086 et
678 3021 820 3105 magistri
854 3021 933 3104 legis
967 3019 1146 3096 errauerint
1180 3039 1237 3084 nos

103 3123 180 3189 stulti
204 3124 317 3190 saeoqu
340 3131 371 3189 et
391 3131 598 3209 purgamenta
620 3127 726 3189 mnndi
758 3132 789 3190 et
818 3125 1023 3193 deliramenta
1046 3124 1236 3204 sapientibus
1268 3137 1294 3177 2⁵

104 3248 206 3294 eorum
235 3228 448 3313 intellegentia
480 3228 655 3313 gloriemur.
700 3229 756 3295 sed
786 3238 889 3294 tamen
920 3228 1152 3322 intellegimus
1170 3228 1241 3311 quia

143 3403 205 3456 din
228 3403 339 3458 mesula
364 3421 445 3456 amen
463 3406 489 3456 R
507 3405 535 3457 in
563 3405 672 3458 saecula
695 3405 764 3457 Vin
792 3405 901 3458 saeoula
927 3404 1100 3456 saeculorum
1119 3419 1197 3455 amen
1217 3401 1244 3454 P

104 3489 207 3557 Explio.
240 3491 362 3559 psalmus
396 3491 523 3545 CXXllII
555 3491 637 3559 incip.
670 3492 794 3559 psalmus
828 3489 925 3544 CXXV
958 3489 1078 3542 salioiter
1113 3489 1138 3540 V
1164 3487 1242 3541 Finit

104 3575 167 3642 psal.
193 3577 318 3632 cxxllll
342 3578 443 3646 insipit
467 3579 564 3631 CXXV
588 3579 614 3631 R
637 3579 714 3631 Finit
737 3579 860 3646 psalmus
883 3577 1009 3630 cxxlssl
1033 3572 1098 3642 init'p
1116 3574 1239 3643 psalmus

105 3660 198 3716 CXXV
215 3665 242 3717 P
290 3668 308 3718 6
334 3665 486 3718 auertendo
519 3666 543 3718 V
567 3665 754 3718 conuertendo
782 3665 807 3717 R
834 3660 899 3716 do”m
919 3664 944 3716 V
958 3662 1086 3716 dominns
1105 3662 1131 3715 R
1150 3659 1186 3727 (a
1201 3669 1240 3729 τῷ

106 3748 253 3820 &melum
264 3753 356 3820 κύριον
366 3751 453 3818 Lxx)
462 3753 497 3821 cs.
506 3753 570 3822 infr.
576 3771 605 3824 p.
615 3753 682 3820 606,
692 3751 732 3804 20
785 3755 801 3804 6
812 3750 948 3804 consulati
964 3748 998 3802 V¹
1051 3752 1082 3803 11
1093 3749 1241 3802 ementitas

106 3835 142 3888 lte
166 3839 262 3893 emtias
288 3839 316 3891 P
339 3840 498 3893 ementitias
524 3840 539 3891 b
597 3839 858 3907 interpraetationes
885 3838 911 3890 R
970 3839 1003 3890 12
1021 3853 1053 3889 ao
1080 3854 1110 3888 ex
1135 3835 1187 3888 han
1215 3834 1241 3888 R

106 3925 136 3976 lt
155 3925 246 3992 ‘piade
266 3929 291 3980 R
312 3926 425 3995 ‘pinque
443 3926 471 3979 P
484 3927 602 3995 proinde
619 3945 639 3976 α
656 3926 772 3994 perinde
789 3944 802 3976 e
856 3927 889 3979 14
907 3940 1018 3978 sensum
1036 3923 1091 3976 RE·
1115 3937 1197 3976 sensu
1216 3920 1243 3973 P

108 4012 136 4063 16
152 4011 257 4067 adesset
275 4014 354 4067 RPE
379 4015 415 4067 ad
439 4013 479 4067 eis
497 4019 526 4068 et
546 4014 571 4066 G
626 4016 657 4067 17
676 4017 869 4066 eonsummatu
888 4009 922 4078 (l)
943 4011 968 4063 G
1021 4008 1169 4078 eprofetie
1190 4005 1242 4060 GR

109 4097 138 4150 18
154 4099 201 4152 sed
218 4100 363 4154 intellecta
389 4119 437 4154 om.
457 4101 484 4153 P
533 4105 562 4154 et
579 4101 697 4168 probata
714 4117 763 4151 om.
783 4097 808 4147 R
827 4098 978 4166 exfpbrata
996 4097 1022 4148 P
1072 4097 1106 4148 23
1124 4094 1241 4148 obseura

108 4185 237 4239 aetatibus
248 4187 300 4239 GR
308 4187 505 4242 obscuritatib:
517 4187 544 4240 P
593 4187 668 4254 regis
680 4186 705 4238 G
756 4186 793 4239 24
810 4183 966 4238 emanarint
980 4183 1032 4236 GP
1043 4181 1242 4235 errauaruntR

107 4269 137 4319 25
153 4270 340 4327 delei-amenta
352 4275 377 4326 G
386 4273 575 4328 deleramenta
585 4273 611 4326 P
660 4275 695 4326 26
713 4271 905 4340 intellegentia
917 4271 941 4322 G
950 4268 1171 4338 intellegentiam
1181 4267 1241 4322 PR.
