3075 4967
327 238 389 304 352
667 238 782 291 sancti
806 237 941 290 Hilarii
965 238 1127 306 episcopi

326 430 470 494 omuibus
490 427 661 493 delectatus
685 439 739 500 est,
756 447 826 492 curn
850 436 880 493 et
902 428 933 492 in
957 427 1019 491 filio
1042 437 1180 493 creatore
1196 429 1368 512 quiesceret
1388 431 1457 493 etin

326 532 383 608 his
409 551 478 616 quae
500 533 595 616 digne
618 531 790 597 dilectionis
820 531 883 596 filio
913 542 1017 597 essent
1047 547 1157 608 ereata
1192 533 1351 616 gauderet.
1394 533 1459 598 hinc

325 637 510 702 illudestin
528 637 714 718 prouerbiis:
738 657 824 700 eum
847 645 1012 718 pararet
1034 636 1182 711 caelum,
1217 636 1378 702 aderam
1400 636 1458 700 illi

326 742 702 825 et:egoeramapud
720 741 1063 822 eumdisponens:
1088 740 1458 823 mihiadgaudehst

287 865 411 910 scum
449 845 663 910 letaretur
700 845 797 910 orbe
834 844 1031 927 perfecto.
1076 844 1144 910 haec
1178 847 1311 928 requies,
1344 846 1459 928 inqua

326 949 446 1014 letatur
468 957 564 1030 pater,
589 969 682 1032 quam
705 949 798 1014 etiam
815 969 870 1030 per
885 950 1071 1014 sacramenti
1092 949 1359 1014 confirmationem
1380 949 1457 1030 impii

325 1073 386 1117 non
403 1053 539 1118 adibunt.
585 1061 633 1118 est
648 1053 741 1118 etiam
757 1052 966 1136 intellegenda
982 1053 1104 1117 domino
1121 1053 1192 1118 lesu
1208 1051 1332 1119 Christe
1347 1055 1458 1136 requies

327 1177 441 1234 eorum,
480 1178 548 1240 quae
583 1157 749 1222 inuisibilia
783 1165 862 1236 sunt,
901 1157 1012 1233 throni,
1051 1157 1234 1231 dominatus,
1273 1157 1456 1240 principatur,

328 1268 511 1342 potestates:
535 1261 601 1325 haec
626 1262 710 1326 enim
733 1262 838 1326 omnia
861 1270 986 1325 manent
1005 1261 1188 1341 incorrupta
1211 1261 1378 1342 indelessa,
1399 1281 1457 1342 per·

276 1390 299 1426 10
326 1373 426 1448 petua.
471 1365 639 1432 etidcirco
662 1366 693 1430 in
717 1364 767 1432 his
791 1365 915 1447 requies
937 1365 1140 1430 existimanda
1163 1373 1217 1441 est,
1250 1365 1323 1448 quia
1352 1364 1457 1430 indulta

326 1470 496 1534 eternitate
518 1470 581 1534 iarn
604 1471 635 1534 in
660 1489 766 1534 eorum
789 1469 936 1549 perfectis
959 1469 1165 1534 creationibus
1181 1471 1367 1553 quiescatur.

370 1571 400 1636 9.
424 1571 550 1653 Oportet
583 1581 686 1638 autem
720 1574 866 1656 cognosci
891 1572 1026 1654 quidem,
1065 1575 1219 1656 quomode
1255 1573 1287 1638 im
1321 1573 1455 1656 requiem,

327 1695 420 1758 quam
443 1677 530 1760 impii
554 1697 614 1741 nou
637 1676 774 1755 adibunt,
797 1677 840 1757 pii
863 1683 894 1741 et
917 1677 974 1741 deo
997 1676 1125 1741 subiecti
1157 1684 1302 1756 poterunt
1332 1678 1455 1742 introire:

327 1800 455 1845 necesse
478 1789 525 1846 est
548 1781 632 1847 enim
656 1801 753 1862 spem,
778 1800 846 1865 quae
870 1780 959 1845 malis
983 1787 1096 1864 negata
1124 1782 1173 1857 sit,
1205 1783 1296 1846 bonis
1329 1780 1456 1863 relinqui.

276 1907 300 1946 rs
327 1885 382 1950 sed
406 1885 432 1950 si
456 1883 597 1950 Christus
622 1885 671 1950 dei
694 1885 818 1968 requies
842 1892 897 1959 est,
921 1904 995 1968 ergo
1017 1883 1059 1960 hi,
1082 1885 1135 1967 qui
1158 1886 1188 1949 in
1212 1884 1339 1950 Christo
1370 1892 1454 1956 erunt,

326 1996 416 2053 erunt
438 1990 469 2054 in
493 1989 543 2053 dei
573 1991 687 2073 requie.
733 1991 764 2054 in
789 1987 910 2053 Christo
937 1999 1041 2052 autem
1064 1989 1143 2054 uelle
1166 2009 1235 2054 esse
1261 2009 1295 2055 se
1317 1987 1454 2071 apostolus

327 2093 576 2159 olamatdicens:
601 2113 749 2177 sequor
771 2107 912 2168 autem,
937 2094 969 2156 si
993 2092 1312 2173 adprehendam,
1335 2095 1371 2158 in
1393 2112 1453 2176 quo

328 2205 364 2261 et
387 2197 672 2278 adprehensus
700 2217 793 2275 surm,
816 2205 846 2263 et
870 2217 1008 2262 rursum:
1033 2199 1165 2262 omnia
1187 2208 1321 2263 autem
1343 2195 1453 2262 datri-

326 2309 462 2366 mcnta
484 2322 573 2367 esse
598 2302 689 2366 duxi
714 2310 751 2366 et
774 2302 954 2366 arbitrer
976 2309 1170 2377 stercora,
1193 2311 1236 2366 ut
1259 2301 1451 2367 Christum

275 2425 300 2463 ao
328 2405 600 2484 lucrifaciam,
640 2413 670 2471 et
704 2427 842 2472 rursum:
881 2407 1125 2472 benedictus
1163 2416 1282 2486 pater
1318 2402 1453 2470 domini

328 2512 458 2574 nostri
482 2511 575 2575 lesu
599 2509 765 2588 Christi,
790 2511 857 2592 qui
882 2510 1096 2576 benedixit
1118 2530 1189 2576 nos
1212 2511 1252 2575 iu
1276 2511 1375 2576 omni
1400 2507 1453 2571 he·

328 2615 563 2679 medietione
597 2614 777 2695 spirituli
812 2616 850 2678 in
885 2615 1123 2680 caelestibus
1158 2615 1196 2679 in
1221 2614 1391 2688 Christo,
1419 2611 1451 2674 in

327 2739 402 2803 quo
425 2718 554 2802 elegit
577 2739 645 2784 nos
668 2725 761 2784 ante
784 2719 921 2783 mundi
945 2719 1290 2784 constitutionem
1313 2719 1450 2797 inipso.

328 2831 369 2888 ut
391 2825 517 2888 simus
541 2824 673 2888 sancti
697 2830 735 2888 et
757 2822 996 2887 inmaculati
1021 2824 1300 2906 inconsp‹·ctu
1322 2823 1402 2888 eius
1421 2818 1452 2881 in

276 2944 301 2982 ²⁶
327 2928 518 2993 caritate:
543 2928 1452 3010 quiantepraedestinauitnosinadoptienem

328 3025 1450 3114 perlesuminips0:quiauerhumcurosaotumest,quia

327 3156 399 3200 cum
422 3133 587 3218 aliquando
611 3155 752 3200 essemus
775 3135 897 3200 alienati
922 3142 954 3200 et
976 3135 1093 3200 inimici
1109 3154 1220 3200 sensus
1237 3136 1303 3200 eius
1324 3134 1355 3198 in
1376 3127 1451 3194 lacus

330 3240 427 3314 malie,
450 3259 531 3304 nunc
554 3250 658 3304 autern
682 3239 867 3304 reconciliati
884 3259 990 3304 sumus
1008 3259 1136 3320 corpore
1152 3240 1256 3304 earnis
1272 3239 1347 3304 eius.
1389 3249 1452 3313 argo

370 3351 1452 3446 smwwmmmummmmffia

327 3469 362 3520 20
379 3465 479 3535 Ephee.
499 3467 519 3532 1,
538 3469 554 3520 3
573 3483 632 3534 sqq.
668 3468 702 3520 26
722 3465 779 3519 loh.
797 3468 818 3531 1,
841 3471 879 3520 ΙΙ.
915 3469 949 3518 27
967 3467 1001 3520 of.
1022 3466 1123 3520 Coloss.
1143 3467 1163 3533 Ι,
1182 3468 1214 3520 21
1235 3484 1276 3534 sq.

371 3591 387 3642 3
405 3588 447 3642 illi
472 3589 496 3642 V
510 3589 545 3657 cs.
565 3589 684 3642 Sahalier
702 3589 740 3652 ΙΙ,
759 3586 816 3642 310
834 3589 893 3642 illic
912 3589 941 3641 rh
994 3591 1011 3641 t
1029 3590 1096 3643 orbe
1110 3588 1133 3640 V
1159 3589 1248 3642 Sabat.
1266 3585 1321 3640 311
1337 3597 1413 3652 opere
1429 3577 1453 3630 tl

327 3685 592 3782 Goonlirmutionem
618 3744 685 3780 corr.
705 3746 738 3780 m.
766 3726 787 3779 2
817 3727 840 3780 V
890 3729 906 3778 7
931 3684 978 3780 nii
1004 3731 1059 3795 xpo
1093 3727 1118 3780 V
1175 3723 1404 3782 8dominationcs
1428 3715 1452 3767 rl

329 3817 359 3867 ll
380 3813 535 3882 quiestatur
550 3813 572 3866 V
575 3813 584 3841 ¹
641 3817 671 3867 13
690 3831 744 3882 qua
762 3815 787 3868 l’
838 3817 871 3868 rt
888 3818 989 3883 negata
1007 3816 1091 3868 estrh
1150 3817 1179 3868 15
1197 3813 1264 3866 hiir
1318 3813 1347 3864 17
1363 3817 1453 3873 aequm

328 3903 387 3953 odd.
408 3899 478 3954 1112
505 3900 527 3952 l'
577 3901 799 3969 adpraehemdam
827 3912 849 3953 et
875 3902 919 3954 ric.
938 3902 966 3952 ir·
982 3919 1033 3969 seq.
1058 3901 1083 3954 V
1131 3903 1167 3956 20
1184 3900 1269 3954 enin
1294 3897 1353 3956 illm
1369 3890 1412 3960 xlii
1434 3886 1453 3940 V

327 4041 362 4092 22
381 4037 518 4107 spirituali
538 4013 575 4091 r·
605 4041 639 4093 25
657 4039 684 4092 im
713 3997 883 4108 adoptionem
897 4057 963 4092 corr.
991 4057 1024 4092 m.
1049 4038 1069 4091 2
1094 4040 1117 4091 l'
1165 4042 1200 4094 26
1217 4055 1267 4107 per
1293 4027 1450 4089 Christumh

320 4126 390 4194 sorr.
409 4142 459 4194 par
476 4126 566 4180 Iesum
585 4125 725 4180 Christum
743 4124 816 4192 (ihm
834 4123 919 4194 xpm),
938 4126 974 4194 cs.
992 4127 1111 4180 ,S'uhue'er
1129 4126 1184 4192 ΙΙΙ,
1203 4123 1256 4178 788
1298 4125 1331 4176 28
1347 4126 1449 4183 0⁰th

329 4213 418 4266 carnis
437 4232 466 4265 es
484 4213 564 4265 iactis
583 4213 707 4281 corporis
725 4213 801 4266 canis
820 4231 852 4265 m.
872 4212 891 4264 2
914 4213 943 4266 V.
