3075 4967
192 224 197 233 Ι
303 252 366 319 846
531 262 534 269 “
649 256 766 309 saneti
785 255 920 310 Hilarii
938 256 1101 324 episcopi

302 426 366 511 tam
390 444 483 535 uocis,
506 450 541 509 ut
563 444 741 529 frequenter
771 446 914 523 dix-imus,
949 464 1043 527 quam
1078 432 1232 525 corporeae
1262 446 1427 525 operationis

302 547 440 613 officium
463 549 631 635 significari
666 548 752 616 solet.
798 550 957 614 dominnm
988 549 1074 614 enim
1106 570 1168 613 non
1203 560 1266 613 tem
1302 570 1429 614 sermone

249 698 253 704 -
303 672 396 735 quam
421 674 455 719 re
479 660 509 718 et
531 654 629 738 gestis
652 654 847 719 obedientie
875 652 1053 719 laudamus:
1085 660 1117 718 ut
1145 672 1233 718 mars
1256 660 1288 718 st
1309 662 1386 719 terra
1405 668 1431 717 et

303 755 413 821 caelum
437 757 528 823 deum
551 778 613 823 non
638 765 702 823 tam
725 778 800 823 noce
830 776 925 840 quam
948 756 1120 822 officiorum
1142 777 1269 822 snorum
1291 757 1431 822 uicissitu-

263 887 275 923 a
303 860 375 925 dine
399 867 491 944 atque
525 863 740 929 obseruatione
763 862 899 927 laudaut.
944 863 1078 926 aduocat
1099 861 1193 944 igitur
1214 880 1272 926 nos
1294 860 1432 942 propheta

302 964 341 1028 ad
361 964 413 1030 dei
429 964 563 1045 laudem,
586 966 680 1050 quia
702 966 827 1030 bonus
849 963 1031 1047 psalmus
1054 972 1123 1043 est,
1146 970 1178 1030 et
1196 971 1290 1047 optat,
1306 964 1432 1029 nthnius

302 1068 374 1135 boni
397 1068 509 1149 psalmi
540 1072 612 1135 dec
643 1076 782 1135 nostro
812 1070 890 1133 fiat
912 1070 1088 1135 iucunda
1110 1067 1303 1147 laudatio,
1326 1067 1431 1135 scilieet

300 1180 334 1238 ut
356 1172 510 1253 placentia
539 1174 596 1239 deo
626 1194 718 1255 opera
740 1178 847 1239 nostra
869 1174 940 1251 sint,
963 1194 1019 1255 per
1041 1194 1111 1258 quse
1133 1194 1152 1237 a
1175 1174 1264 1239 nans
1287 1180 1430 1257 gestomm

301 1284 477 1343 nostrorum
500 1277 641 1344 laudatur
663 1278 819 1361 obsequio.

249 1404 274 1443 ιο
346 1381 644 1447 3.Aedificaus
682 1381 941 1449 Hierusalem
981 1382 1169 1447 domiuus
1206 1388 1245 1447 et
1290 1382 1431 1461 disper·

302 1484 439 1550 siornes
473 1484 636 1551 Israhel
670 1506 940 1571 congregans.
985 1487 1052 1570 qui
1086 1493 1202 1551 sanat
1235 1486 1430 1551 contritos

302 1589 422 1654 corde
457 1595 495 1655 et
529 1588 677 1673 alligat
713 1590 994 1655 contritiones
1031 1610 1180 1656 eorum.
1226 1609 1430 1655 numerans

302 1691 606 1758 multitudinem
641 1693 860 1759 stellarum
894 1702 932 1760 et
965 1694 1150 1759 omnihus
1183 1692 1248 1757 his
1282 1694 1430 1757 nomina

300 1816 460 1861 uocans.
507 1798 678 1863 reuersnris
701 1801 741 1863 de
764 1798 937 1882 Babylonia
966 1798 999 1862 in
1021 1797 1217 1863 Hierusalem
1247 1797 1361 1863 Indaeis
1382 1798 1430 1862 snt

249 1923 274 1960 ns
302 1900 395 1965 Dario
417 1921 493 1985 rege
528 1902 627 1966 edicto
663 1909 800 1983 potestas
834 1902 906 1967 data
940 1908 987 1967 est
1018 1901 1202 1969 reuertendi.
1247 1922 1348 1985 neque
1368 1901 1431 1965 alibi

301 2014 365 2069 tum
397 2024 490 2088 quam
513 2004 544 2069 iu
567 2005 658 2089 regni
691 2005 867 2089 Babyloniae
900 2007 1014 2072 finibus
1047 2005 1283 2071 detinebantur:
1317 2025 1354 2070 ex
1381 2025 1431 2089 qua

300 2127 375 2191 ergo
398 2108 591 2189 dispersione
612 2108 735 2175 Israhel
757 2111 989 2195 congregatur?
1031 2130 1144 2191 nempe
1174 2130 1219 2185 ea,
1251 2111 1290 2175 de
1317 2130 1376 2193 qua
1395 2109 1431 2172 ait

300 2212 459 2278 dominus:
496 2212 656 2278 emittet
689 2213 862 2299 angelos
896 2234 989 2279 suos
1023 2235 1106 2280 cum
1144 2214 1239 2279 tuba
1273 2221 1312 2279 et
1344 2232 1428 2278 noce

301 2335 444 2400 magna
468 2326 505 2381 et
528 2317 802 2401 congregabit
831 2316 987 2383 eleetos
1010 2339 1029 2383 a
1052 2324 1244 2402 quattuor
1279 2316 1428 2401 angulis

248 2439 273 2479 aa
299 2426 530 2486 uentorum:
565 2440 698 2505 quorum
722 2424 924 2508 congregatio
948 2429 1060 2487 coemm
1083 2429 1197 2487 sanctae
1221 2422 1353 2487 ciuitatis
1370 2418 1427 2485 effi-

299 2524 367 2602 ciet,
390 2545 458 2608 quae
482 2524 575 2590 hodie
597 2546 652 2606 per
675 2526 741 2607 spei
764 2532 795 2590 et
818 2524 892 2593 fidei
922 2546 999 2608 opus
1021 2525 1192 2591 aedificatur
1214 2526 1246 2591 in
1268 2526 1364 2591 nobis.
1404 2540 1427 2587 et

299 2629 415 2694 idcireo
439 2630 573 2694 anterior
595 2628 758 2694 aedificatio
782 2631 1023 2715 congregatione
1038 2636 1093 2698 est.
1117 2630 1189 2712 quia
1204 2649 1262 2694 nos
1278 2631 1318 2694 ad
1332 2628 1427 2692 lutire

299 2732 430 2797 cluitatis
453 2734 727 2817 congregationem
752 2734 802 2799 dei
824 2734 1035 2799 misericordia
1057 2754 1112 2816 per
1134 2734 1269 2819 gratiam
1296 2730 1427 2797 iustifica-

299 2836 392 2900 tionis
416 2835 556 2902 aedificet
601 2846 738 2903 ceterum
763 2838 789 2901 si
812 2839 851 2903 de
875 2846 998 2903 terrena
1020 2836 1222 2902 aedifioatione
1251 2837 1427 2921 loqueretur,

246 2956 272 2995 ss
298 2939 383 3019 prior
406 2939 505 3004 luerat
528 2944 729 3025 congregatio
752 2942 960 3022 praedicanda,
982 2942 1137 3025 quianon
1160 2942 1219 3006 uisi
1235 2948 1426 3025 congregatos

299 3042 421 3108 Israhel
444 3043 640 3110 Hierusalem
662 3045 817 3111 aedificare
840 3054 945 3128 posset
967 3066 1117 3110 euersam.

341 3148 370 3211 t.
394 3147 491 3213 Tenet
515 3148 628 3214 deiude
651 3149 792 3215 ordinem
816 3156 1032 3231 conpetentem
1066 3149 1189 3214 dicens:
1223 3150 1291 3233 qui
1324 3159 1423 3214 sanat

298 3252 504 3317 contritos
549 3254 668 3318 corde
707 3262 744 3319 et
781 3252 931 3337 alligat
975 3254 1253 3319 contritiones
1298 3270 1425 3318 eornm.

298 3362 487 3441 congregato
511 3358 594 3422 enim
610 3356 731 3422 Israhel
754 3358 839 3424 etin
861 3377 965 3435 mam,
988 3378 1057 3441 quae
1080 3356 1259 3435 aedificatur,
1282 3358 1424 3421 ciuitatem

341 3518 374 3569 1e
392 3516 491 3569 uersu.
510 3516 607 3583 xxrv,
625 3519 668 3571 ar.

341 3658 355 3707 1
375 3654 479 3721 qamG
531 3656 548 3707 2
566 3654 718 3723 significari
730 3654 824 3723 GRcf.
835 3654 917 3707 Acad.
932 3672 960 3725 p.
978 3653 1012 3706 17
1031 3652 1190 3722 significare
1202 3654 1231 3705 E
1281 3647 1346 3706 dn'm
1362 3650 1426 3704 euim

299 3740 325 3793 G
341 3742 425 3795 deum
452 3742 527 3795 enim
545 3742 600 3794 RE
651 3740 775 3809 dadque
795 3740 821 3793 G
873 3740 989 3794 laudent
1008 3740 1060 3793 GR
1111 3742 1204 3811 8post
1228 3739 1366 3808 placentia
1388 3755 1425 3788 cn
1506 3732 1511 3739 '

298 3828 345 3879 litt.
364 3844 429 3881 eran
449 3828 476 3881 R
530 3832 562 3883 17
580 3826 695 3882 istrahel
716 3828 740 3881 G
758 3827 842 3881 israel
860 3828 886 3881 R
938 3842 1039 3896 nempe
1062 3844 1094 3881 ea
1117 3828 1225 3895 deque
1245 3826 1271 3879 G
1288 3841 1381 3893 nempe
1396 3822 1425 3875 dc

297 3911 575 3981 cadequc(olterum
585 3913 895 3983 decaqecorr.R)RE
946 3916 980 3968 19
994 3914 1097 3968 electos
1107 3914 1191 3966 onnR
1243 3909 1425 3967 aaoeeumo

297 4004 406 4053 caetum
416 4002 442 4053 R
494 4002 529 4055 22
541 4011 600 4071 post
615 4002 739 4055 anterior
753 4020 797 4055 un.
807 4003 855 4057 tic.
866 4019 933 4055 eros.
942 4001 969 4054 R
1022 4000 1235 4069 congregatione
1244 4004 1289 4053 est
1299 3998 1362 4052 etta
1370 4012 1426 4050 eon·

296 4139 423 4207 gregatio
449 4156 506 4193 non
530 4144 603 4193 este
656 4098 747 4208 th
799 4142 834 4194 26
852 4138 967 4194 istrahel
994 4138 1020 4193 G
1045 4138 1128 4193 israel
1147 4140 1173 4191 R
1225 4134 1425 4192 hierusalemG

297 4224 443 4278 ierusalem
462 4226 488 4277 R
540 4228 575 4280 29
594 4226 693 4281 ciuitas
711 4223 745 4293 ll)
767 4226 799 4279 G.
