3075 4967
397 318 579 368 tractatus
598 314 632 366 in
651 313 819 382 psalmum
839 312 919 366 nlx.
1171 309 1231 374 199

110 523 186 569 rnous
211 505 267 568 iste
296 503 480 570 Phoenieum
512 514 560 568 est
579 501 706 568 Arabiae
740 499 1038 584 Mesopotamiaeque
1061 501 1233 585 aontiguus,

110 629 140 672 er
158 615 236 688 parte
259 608 404 674 iterasse
427 608 459 672 iu
481 608 712 689 possessionem
734 607 915 688 deputaris:
946 613 977 672 et
1005 605 1076 672 ideo
1107 622 1137 670 et
1159 624 1234 672 suus

110 717 148 776 est
166 712 328 790 Monaeses,
352 711 409 778 suh
433 711 596 778 Manassen
619 713 745 777 nomine
768 717 859 776 terrae
882 709 1114 794 plenitudinem,
1144 701 1234 774 sieuti

111 816 204 881 etsub
225 817 341 883 Gaload
364 837 490 884 omnem
513 816 617 882 orbem
643 835 730 882 suum
755 835 824 882 esse
847 815 1073 882 demonstraus.
1121 814 1176 880 sed
1203 814 1234 878 in

110 919 150 986 his
169 921 346 1005 usurpandis
368 919 447 987 nihil
469 928 582 1002 praeter
603 921 650 985 ius
674 921 869 1002 proprietatis
892 927 1051 985 ostensum
1072 927 1128 982 est.
1276 945 1288 980 s

145 1027 171 1089 u.
191 1023 328 1109 Ephrem
358 1031 462 1092 autem
491 1026 667 1107 adsumptio
696 1025 807 1106 eapitis
837 1023 903 1090 eius
933 1037 964 1090 et
986 1021 1063 1088 Iuda
1091 1041 1145 1086 rex
1169 1021 1236 1088 eius

110 1135 154 1194 eat
193 1127 258 1194 haeo
280 1135 407 1196 sanetus
429 1129 575 1214 loquente
596 1130 628 1194 in
651 1149 684 1194 se
708 1130 768 1194 deo
784 1127 928 1212 loquitur,
948 1129 1003 1210 qui
1023 1132 1055 1193 et
1070 1147 1126 1210 per
1141 1124 1235 1192 quob

110 1231 229 1314 Ephrem
251 1253 401 1299 eonuersu
423 1253 571 1299 manuum
595 1231 1052 1298 sanctificatione-benedixerit
1074 1238 1104 1296 et
1125 1248 1235 1313 regam

110 1357 140 1400 er
167 1337 245 1413 luda,
279 1338 333 1421 qui
366 1346 397 1404 et
427 1339 598 1422 expectatio
627 1337 767 1422 gentium
798 1337 918 1404 futurus
941 1343 1031 1415 esset,
1055 1332 1234 1400 ostenderit.

111 1442 265 1526 adsumptio
289 1462 366 1526 ergo
388 1441 530 1524 Ephrem
551 1446 608 1523 est,
631 1461 693 1506 nou
717 1441 811 1506 etiam
835 1440 1007 1520 Monaeses,
1030 1458 1099 1504 oum
1123 1435 1236 1520 Ioseph
1266 1465 1288 1500 ιο

111 1552 223 1629 uterque
243 1547 283 1612 sit
305 1546 395 1612 filius
433 1547 490 1612 sed
511 1567 584 1612 aum
606 1547 638 1612 iu
661 1548 761 1628 eapite
784 1543 970 1632 significatio
993 1545 1186 1610 eontinentur
1207 1554 1238 1606 et

112 1651 233 1730 eorporis
277 1651 451 1718 seeundum
490 1649 581 1716 illud:
627 1651 671 1718 de
715 1656 900 1716 torrente
938 1651 976 1714 in
1014 1650 1079 1714 uia
1117 1645 1238 1722 hibat,

111 1760 314 1835 propterea
343 1755 546 1821 exaltabit
574 1763 694 1836 eaput
728 1761 760 1820 et
787 1755 888 1820 omnis
918 1763 1043 1820 sanetus
1073 1761 1166 1834 caput
1192 1757 1239 1816 est

111 1861 231 1940 carpens
260 1856 391 1936 Christi,
428 1860 544 1926 ideireo
577 1861 753 1940 adsumptio
784 1859 895 1940 eapitis
926 1857 992 1924 eius
1016 1856 1156 1940 Ephrem
1180 1868 1237 1936 est,

111 1963 171 2044 quia
200 1971 303 2030 couno
332 1965 570 2050 generationum
600 1965 741 2030 ordinem
776 1966 816 2029 ad
846 1961 1074 2044 preferendam
1097 1961 1237 2030 ecclesis
1268 1983 1290 2020 1⁵

112 2066 370 2134 sanctificationem
406 2069 437 2134 in
469 2068 594 2150 praelatu
630 2067 770 2149 Ephrem
809 2075 840 2136 et
883 2067 1054 2152 postposito
1092 2067 1238 2134 Manasse

112 2172 199 2236 muer
226 2173 335 2239 maiori
366 2181 414 2239 est
442 2173 603 2240 antelatus.
649 2173 827 2256 adsumptio
857 2172 960 2255 itaque
987 2171 1097 2251 eapitis
1120 2173 1167 2236 sui
1191 2181 1239 2238 est

114 2271 244 2356 Ephrem,
259 2277 289 2340 id
306 2285 355 2343 est
369 2276 483 2359 populi,
499 2297 592 2360 quem
616 2279 648 2342 in
671 2275 811 2357 Ephrem
825 2275 1041 2360 praefigurarit.
1064 2273 1113 2342 uel
1138 2276 1239 2356 potius

113 2378 226 2444 eeclesia
247 2383 276 2445 in
300 2401 414 2466 eorpus
436 2383 616 2448 adsumitur.

149 2465 193 2530 10.
216 2466 312 2533 Iuda
345 2469 439 2534 etiam
472 2488 540 2534 rex
573 2488 685 2535 meus
708 2475 763 2544 est,
786 2469 816 2533 id
852 2475 899 2534 est
921 2489 939 2532 a
963 2487 995 2532 se
1019 2468 1186 2551 disposiurs
1209 2478 1240 2535 et
1267 2503 1291 2539 oo

114 2567 223 2636 elautus.
266 2592 328 2637 nou
350 2574 458 2656 utique
479 2572 528 2639 uel
553 2573 653 2638 Dauid
677 2575 735 2654 ipsi
756 2593 812 2638 rer
836 2569 913 2638 Iuda
936 2579 991 2651 est,
1015 2592 1085 2638 uum
1109 2593 1147 2638 ex
1163 2571 1241 2640 ludo

115 2691 157 2736 rar
187 2676 249 2756 ipse
281 2677 321 2742 eit
353 2679 483 2758 primus,
516 2676 565 2742 uel
599 2676 737 2762 loquenti
759 2678 790 2740 in
816 2685 923 2742 saneto
947 2699 1002 2742 suo
1026 2678 1084 2743 deo
1108 2697 1160 2744 rer
1184 2685 1239 2755 est,

18 2784 19 2827 ἓ
115 2777 257 2862 adloqui
279 2780 349 2846 haee
373 2789 497 2846 sanetus
519 2782 585 2859 iste,
609 2782 640 2845 in
666 2801 727 2866 quo
750 2780 826 2846 deus
848 2779 991 2864 loquitur,
1014 2779 1241 2866 intellegendus

115 2890 160 2951 est.
181 2884 280 2966 quiet
302 2886 412 2967 spiritu
434 2883 528 2950 Iacob
551 2885 719 2969 repleuerit
741 2885 781 2950 ad
812 2885 919 2950 aeterni
943 2885 1028 2970 regio
1058 2885 1147 2950 istius
1170 2905 1240 2966 pro·

115 2983 243 3066 photiana
264 3010 335 3056 eum
358 2989 419 3055 ait:
451 3009 527 3055 non
551 2989 723 3056 desiciet
752 2989 945 3070 princeps
967 2990 1013 3058 de
1038 2989 1145 3062 luda.
1168 3009 1240 3054 neo
1269 3023 1301 3066 er

154 3111 181 3161 ra
196 3111 237 3164 Pe.
255 3111 325 3179 clx,
343 3115 369 3165 7.
404 3113 439 3164 25
458 3111 524 3165 Gen.
542 3111 640 3177 XLIX,
661 3114 700 3165 ιο.

154 3213 303 3270 iioeuioum
316 3217 416 3269 VRPV
450 3217 665 3284 mesopotamiae
672 3213 807 3286 ςαξοβ
817 3216 895 3280 aas.)
904 3218 928 3270 R
938 3217 1209 3286 myropotamiaeque
1222 3218 1245 3268 V

116 3297 240 3380 Edonus
259 3303 284 3356 R
301 3321 368 3356 surra
387 3304 439 3355 PE
489 3305 507 3357 E
531 3305 582 3356 sub
606 3321 745 3358 manasses
772 3322 843 3376 sarpa.
862 3323 911 3358 sor.
933 3301 956 3350 P
977 3305 1037 3356 odd.
1057 3301 1128 3356 uu?
1151 3303 1242 3356 Vsub

117 3419 226 3460 manasse
242 3427 272 3461 ex
290 3409 342 3460 sub
360 3409 536 3462 manasserii
554 3410 605 3462 suh
623 3424 749 3462 manasse
761 3408 786 3460 Τ
838 3408 920 3462 siouti
939 3408 1016 3461 estP
1066 3408 1152 3461 dsuh
1170 3425 1241 3478 eripr.

118 3505 202 3544 mur.
222 3495 274 3547 112
327 3497 343 3548 ὅ
368 3495 411 3580 ips
439 3493 479 3560 (iu
504 3497 530 3548 io
554 3497 619 3552 rur.)
645 3495 671 3548 Ρ
691 3495 754 3548 iura
774 3496 798 3546 T
856 3498 871 3546 6
897 3493 993 3548 effrem
1012 3494 1093 3548 RVP
1108 3505 1130 3546 et
1148 3495 1185 3548 sio
1202 3497 1244 3547 uei

119 3593 189 3650 &em
205 3598 258 3662 (V)
270 3599 333 3661 sere
348 3617 450 3670 rerrrper
503 3599 661 3667 adsumpeio
681 3600 704 3652 V
754 3599 834 3652 iudas
848 3599 874 3652 P
924 3597 1243 3666 ‘linquiturenloqu'ete

120 3681 182 3734 e?
208 3685 232 3738 V
280 3687 328 3754 qui
353 3704 384 3738 er
407 3686 470 3754 quis
494 3687 517 3741 V
569 3689 635 3739 inter
653 3703 704 3756 per
726 3685 806 3740 iaeob
825 3695 847 3738 et
866 3685 963 3740 effrem
982 3686 1108 3755 praedam
1126 3701 1201 3738 msa
1221 3687 1246 3738 Ρ

119 3767 187 3836 tqai
203 3772 357 3841 expectatio
377 3773 427 3825 ΡΤ
487 3774 594 3827 suturas
617 3771 653 3827 V¹
716 3775 750 3828 10
767 3772 925 3841 adsumptio
944 3789 974 3826 er
997 3771 1191 3839 adsumptione
1210 3790 1243 3826 m.

121 3856 173 3908 ΤΡ
218 3859 286 3914 iones
315 3859 341 3912 V
363 3859 442 3928 iosap
460 3860 512 3914 uP
572 3863 600 3915 ll
630 3859 797 3929 significatio
824 3877 854 3914 ex
880 3857 1083 3928 signifioetione
1111 3877 1142 3912 m.
1170 3857 1190 3912 2
1223 3859 1246 3912 V

123 3944 148 3996 lt
169 3946 284 4015 our-poris
301 3963 334 4000 a
351 3963 481 4015 corpores
499 3948 526 3999 P
575 3947 653 4001 bibet
671 3965 702 4000 a
717 3947 789 4001 hilet
808 3965 840 4000 m.
861 3947 880 3998 2
903 3945 1059 4000 VhibitE
1113 3946 1146 3999 13
1169 3945 1244 3999 exai-

123 4030 180 4084 ubit
194 4051 222 4086 α
238 4034 359 4088 exaltaui
377 4053 409 4088 m.
428 4033 449 4086 2
471 4034 497 4088 V
546 4034 636 4103 oapud
660 4034 685 4088 V
735 4036 768 4088 15
787 4034 822 4088 ad
840 4032 1051 4102 praeferendum
1069 4029 1110 4086 V'
1166 4032 1198 4085 16
1216 4036 1244 4084 et

123 4120 285 4186 postpositum
305 4121 331 4172 Ρ
390 4123 421 4173 te
438 4121 557 4189 populna
577 4121 614 4173 Te
666 4121 774 4189 pontius
799 4119 824 4174 V
875 4121 907 4172 19
935 4119 1035 4172 eolesio
1059 4118 1084 4172 V
1133 4119 1168 4172 EO
1196 4133 1245 4171 rex

124 4215 186 4257 meur
202 4207 224 4259 d
241 4207 266 4260 R
282 4223 332 4260 rex
351 4207 385 4261 ai’
403 4211 446 4262 eat
465 4207 491 4260 Τ
541 4210 572 4261 El
594 4207 673 4261 dauit
696 4207 723 4262 V
772 4207 807 4261 EE
824 4205 955 4274 loquente
974 4205 1000 4257 P
1051 4206 1086 4260 do
1113 4223 1143 4258 er
1169 4203 1202 4258 ds
1221 4203 1247 4256 P

124 4287 299 4348 hesdin
317 4309 372 4362 quo
396 4295 447 4348 ΤΕ
496 4297 531 4350 24
549 4295 703 4364 apuVspe
720 4294 746 4347 P
797 4293 920 4362 repletus
939 4292 1023 4346 inerit
1042 4291 1092 4346 ΡΤ
1142 4291 1189 4345 isti
1215 4291 1244 4345 V.
