3075 4967
319 276 382 340 714
655 275 773 330 sancti
797 275 933 330 Hilarii
957 276 1121 344 episcopi

318 467 478 550 nostrique
512 485 602 532 causa
623 465 771 532 uniuersa
804 466 921 547 scripta
955 469 1035 542 sumt,
1068 471 1103 530 ut
1124 484 1207 530 nunc
1229 464 1319 530 nobis
1341 465 1450 530 institu-

318 571 436 636 tionem
458 570 529 638 uitae
551 571 727 638 innocentis
747 570 915 649 adferrent,
928 590 1013 635 nunc
1028 569 1192 635 scientiam
1208 570 1259 635 dei
1273 570 1450 646 intimarent

318 694 399 740 nunc
422 674 551 759 originis
585 682 765 762 naturaeque
787 682 901 740 nostrae
930 673 1141 758 cognitionem
1170 673 1352 752 tribuerent
1381 693 1450 740 nunc

317 778 490 844 futurorum
506 778 750 868 intellegentiam
767 800 829 845 non
845 797 900 859 spe
917 784 1047 856 tantum,
1063 779 1120 844 sad
1136 778 1254 844 ratione
1270 783 1449 859 praestarent

279 908 291 946 a
318 902 400 947 nunc
423 903 532 950 causas
550 885 765 950 uniuersitatis
781 882 872 950 huius
888 889 1033 966 ortusque
1047 881 1222 963 proterrent
1237 887 1269 948 et
1291 880 1448 947 humanum

315 1006 445 1052 sensnm
468 995 623 1053 tentanum
646 1008 750 1054 rerum
772 986 993 1072 intellegentia
1008 987 1190 1066 incapacem
1213 987 1254 1052 ad
1277 987 1449 1071 capiendam

317 1089 428 1157 horum
467 1091 678 1176 cognitionem
716 1093 811 1158 uariis
849 1091 998 1156 doctrinae
1035 1091 1202 1175 generibus
1240 1090 1449 1156 distenderent.

318 1195 456 1275 partibus
480 1196 563 1260 enim
586 1197 775 1280 quibusdam
798 1201 829 1261 et
852 1195 1054 1261 diuisionibus
1087 1213 1164 1275 opus
1196 1193 1263 1272 tuit,
1297 1215 1353 1276 per
1386 1214 1449 1278 quas

318 1300 435 1364 sensim
460 1299 517 1365 sub
540 1319 598 1366 usu
634 1300 864 1367 exercitationis
887 1299 1017 1366 adsiduo
1040 1298 1144 1380 opinio
1166 1297 1277 1364 saltem
1300 1299 1447 1382 inconpre-

267 1427 292 1463 ιο
318 1400 482 1468 hensibilis
516 1404 605 1469 nobie
639 1403 728 1469 huius
761 1403 984 1488 intellegentiae
1020 1408 1127 1487 posset
1161 1403 1314 1484 inrepere.
1359 1403 1449 1484 plnres

318 1505 475 1588 prophetae
499 1513 580 1589 sunt,
604 1513 634 1574 et
656 1508 797 1592 ingentis
819 1527 926 1574 eorum
950 1508 1137 1592 copiosaque
1158 1507 1338 1572 dictasunt
1361 1506 1448 1588 plures

319 1611 410 1675 etiem
434 1610 547 1693 psalmi
569 1617 648 1690 sunt,
680 1617 711 1678 et
740 1610 872 1696 singulis
903 1610 1001 1677 multa
1030 1617 1063 1676 at
1091 1611 1178 1676 uaria
1206 1615 1358 1695 congesta
1384 1623 1473 1674 sunt·

319 1721 350 1779 et
373 1735 560 1800 quamquam
577 1735 684 1782 omnes
700 1737 795 1782 unam
810 1722 904 1800 atque
919 1717 1052 1782 eandem
1066 1716 1097 1780 in
1114 1735 1149 1780 se
1164 1715 1311 1781 doctrinae
1331 1715 1449 1779 sormam

319 1817 557 1899 conplectantur,
580 1819 713 1886 diuersis
735 1825 841 1886 tamen
862 1820 1010 1885 institutis
1032 1820 1064 1885 in
1087 1819 1219 1885 eandem
1243 1839 1299 1884 nos
1326 1817 1448 1885 scientia

266 1947 291 1982 aa
318 1923 402 1988 uiam
425 1923 571 2008 dirigunt,
593 1943 655 1990 non
678 1925 785 1989 omnia
812 1925 845 1989 in
874 1944 971 1989 unum
1004 1928 1211 2008 congerentes
1233 1959 1277 1970 —
1298 1923 1448 2004 incapaces

319 2025 402 2092 enim
425 2027 563 2092 omnium
587 2047 694 2095 sumus
717 2065 766 2106 -,
783 2029 839 2094 aad
861 2036 965 2109 partes
984 2027 1123 2109 partibus
1139 2027 1337 2108 explicantes,
1360 2036 1392 2092 ut
1404 2045 1449 2107 per

318 2131 358 2209 id,
393 2131 476 2214 quod
511 2130 634 2216 singula
667 2142 902 2217 cognoscuntur,
936 2131 1115 2213 proficiatur
1136 2133 1176 2196 ad
1201 2131 1304 2197 multa
1349 2129 1449 2196 inhoc

319 2241 424 2301 autem
445 2234 575 2316 psalmo,
608 2237 681 2321 quia
713 2235 846 2322 singulis
879 2237 1018 2303 eiusdem
1051 2237 1097 2303 rei
1130 2241 1317 2321 argumenta
1339 2237 1448 2302 diuersa

269 2399 271 2404 .
319 2345 397 2416 sunt,
420 2339 452 2404 id
476 2341 653 2418 continetur,
684 2346 717 2406 ut
739 2361 865 2406 causam
887 2340 1099 2406 uniuersitatis
1121 2340 1222 2418 huius,
1258 2341 1291 2406 id
1325 2346 1378 2410 est
1405 2357 1450 2402 cur

268 2463 292 2500 ao
319 2442 437 2521 caelum,
460 2463 515 2509 cur
538 2452 627 2521 terra,
651 2464 706 2510 cur
728 2443 882 2521 homines,
906 2465 961 2510 our
983 2450 1087 2510 cetera
1109 2445 1180 2522 sint,
1204 2464 1243 2510 ex
1265 2445 1400 2510 bonitate
1418 2459 1447 2506 ac

318 2548 532 2614 misericordia
554 2547 604 2613 dei
627 2548 798 2629 prolectam
821 2547 1037 2633 intellegamus
1070 2569 1127 2629 per
1149 2548 1190 2626 id,
1221 2549 1305 2632 quod
1335 2546 1448 2614 dicitm:

319 2652 581 2718 confitemini
605 2653 781 2719 domino:
817 2653 1007 2737 quoniam
1036 2653 1171 2730 bonus,
1203 2653 1391 2736 quoniam
1416 2651 1447 2712 iu

319 2754 508 2822 saeculum
532 2757 825 2824 misericordia
848 2757 944 2823 sius.

363 2859 391 2924 3.
414 2861 463 2926 Ac
486 2860 621 2942 primum
643 2861 675 2925 in
699 2881 743 2940 eo,
767 2863 850 2945 quod
880 2861 930 2926 ita¹
952 2867 1086 2942 coaptum
1108 2866 1171 2927 est:
1202 2855 1448 2926 confitemini

270 2981 295 3020 aa
323 2964 490 3041 domino,
525 2963 655 3045 duplicis
688 2964 910 3049 intellegentiae
942 2963 1126 3048 significatio
1159 2965 1311 3030 adfertur:
1344 2968 1377 3028 ut
1405 2965 1449 3025 sat

319 3067 412 3132 deum
435 3067 467 3133 in
491 3069 683 3134 confessione
706 3068 876 3145 laudemus,
906 3069 979 3154 quia
1006 3070 1115 3146 bonus,
1146 3070 1218 3153 quia
1252 3065 1449 3134 misericordia

363 3241 526 3297 luniuersa
545 3259 576 3298 aa
594 3243 620 3296 R
674 3243 778 3298 scribta
797 3247 822 3297 (ι’
876 3245 938 3297 2in
956 3244 983 3296 P
999 3262 1064 3313 quoe
1086 3254 1146 3314 post
1173 3243 1314 3299 adferrem
1335 3251 1450 3304 semum,

319 3331 355 3382 tto
368 3331 503 3398 loquutur.-
521 3345 595 3383 nnnc
608 3329 753 3383 scientiam
765 3323 796 3383 di
808 3330 972 3385 intimarent
983 3346 1057 3384 nunc
1068 3329 1227 3384 futurorum
1244 3328 1448 3398 intellegentiam

319 3409 349 3469 di
375 3415 539 3470 intimarent
566 3433 640 3470 nnnc
667 3416 784 3485 originis
810 3422 981 3486 naturaeque
1008 3422 1076 3472 nias
1103 3417 1291 3486 cognitionem
1306 3417 1448 3470 tnlrncrenr

318 3519 392 3556 nunc
410 3501 567 3556 futurorum
585 3501 777 3572 intellegantid
794 3520 850 3556 non
874 3520 923 3572 spe
941 3513 986 3558 cct.
1039 3505 1056 3558 d
1080 3504 1233 3572 hortosque
1251 3505 1278 3558 R
1326 3503 1447 3572 ‘pierrem

319 3609 349 3643 es
366 3589 487 3658 „piarent
505 3590 531 3642 P
587 3593 702 3644 titsntit
721 3591 747 3642 P
797 3589 989 3659 intellegentis
1008 3591 1035 3643 P
1083 3593 1170 3659 fiper
1188 3608 1257 3659 quas
1276 3591 1327 3645 GR
1347 3591 1376 3643 in
1391 3602 1447 3657 quas

321 3677 369 3730 PT
420 3677 556 3730 lisaltcm
576 3676 652 3730 GPT
669 3676 764 3730 saltim
781 3676 808 3730 R
861 3676 1157 3745 inconpraehensibilis
1174 3679 1228 3731 GR
1280 3680 1312 3731 10
1329 3673 1447 3746 pcasitG

318 3763 441 3832 inripcra
453 3763 480 3816 P
531 3765 563 3818 11
582 3763 707 3832 ingentia
721 3763 803 3818 GRE
818 3763 1072 3832 intellegentiaPY
1123 3765 1288 3833 copiosaque
1304 3762 1448 3818 dictatam

982 3859 1010 3889 10
1510 3874 1511 3881 ,

321 3902 373 3956 GR
400 3901 581 3971 copiosaqnse
607 3901 684 3956 dicta
708 3907 774 3956 sunt
793 3902 819 3954 P
835 3902 982 3971 copiosaq
1017 3903 1127 3958 dictat
1150 3904 1175 3956 Τ
1199 3903 1360 3972 copiosaque
1384 3900 1446 3954 dicta
1510 3896 1511 3921 ¹

231 4019 235 4028 ·
319 3987 472 4056 (amount)
493 3989 521 4041 Ε
572 3991 606 4043 12
624 3995 652 4043 et
679 3989 796 4058 singolis
816 3989 870 4042 GT
886 3996 915 4043 et
942 3989 1060 4059 singulis
1087 4008 1118 4044 ex
1144 3996 1172 4045 et
1198 3988 1320 4061 singulas
1338 3988 1364 4041 P
1376 3983 1446 4042 cia

320 4076 487 4145 singulislle
541 4078 573 4130 13
591 4076 717 4144 adqueG
773 4078 804 4129 19
823 4077 911 4144 anR
962 4079 998 4131 20
1015 4093 1048 4130 sc
1066 4095 1097 4131 ec
1114 4077 1202 4132 hacR
1252 4079 1282 4132 21
1301 4071 1446 4145 profectall

319 4165 353 4215 22
372 4163 401 4215 in
428 4163 568 4218 saeculum
589 4163 629 4216 Ge
646 4162 675 4215 in
694 4163 804 4216 saecula
821 4163 899 4217 RPT
949 4165 985 4218 24
1007 4180 1040 4217 sc
1058 4183 1089 4218 ec
1106 4165 1159 4218 hac
1176 4165 1204 4218 R
1254 4159 1410 4218 confitemur
1425 4161 1445 4206 ti
1509 4192 1510 4195 =

319 4249 354 4303 211
372 4247 492 4318 duplicis
513 4249 589 4302 GPT
606 4267 636 4302 ea
653 4249 779 4318 duplices
796 4266 863 4304 corr.
881 4267 915 4303 m.
933 4249 953 4303 3
971 4251 1005 4304 R.
