3075 4967
265 254 303 317 16
604 255 718 307 sancti
743 254 879 308 Hilarii
905 255 1069 324 episcopi

262 443 374 509 aemula
395 462 511 527 organo
534 464 593 507 uor
615 438 703 507 chori
725 445 865 509 canentis
888 445 1018 519 auditur,
1042 447 1152 510 modos
1180 445 1320 526 psalterii
1346 465 1429 509 mo-

263 548 342 612 dulis
366 546 450 613 uocis
472 546 601 611 imitata.
647 546 826 627 psalmus
856 569 929 613 uero
963 550 1117 613 cantici
1140 555 1196 627 est,
1219 570 1291 613 cum
1315 549 1430 613 choro

262 658 334 717 unte
358 656 501 717 cantante
524 650 667 715 humsuae
689 652 841 716 cuntionis
863 651 981 737 hymno
1004 674 1056 717 srs
1079 654 1188 737 organi
1209 653 1430 719 consonantis

262 762 392 841 optetur,
416 755 561 839 uocisque
584 756 717 820 modulis
740 756 937 837 precinentis
960 758 1027 837 pari
1049 756 1231 837 psalterium
1254 758 1428 823 suauitate

223 860 446 929 smodqutur.
493 860 540 924 his
574 880 648 943 ergo
683 866 827 944 quattuor
861 862 988 926 musicae
1020 862 1095 926 artis
1125 862 1294 945 generibus
1336 880 1428 926 con-

262 970 404 1046 petentes
427 964 557 1047 singulis
580 965 753 1048 quibusque
777 965 905 1044 psalmis
928 966 1204 1046 superscriptiones
1223 972 1297 1031 sunt
1320 985 1430 1045 coap-

262 1075 342 1134 tstae.
388 1089 425 1133 ex
457 1068 618 1132 uirtutibus
650 1074 754 1133 eutem
788 1068 982 1153 psalmorum
1016 1076 1048 1134 et
1080 1090 1119 1135 ex
1151 1070 1227 1150 ipsis
1256 1070 1426 1135 doctrinae

261 1172 390 1239 musicae
434 1173 663 1238 diuersitatibus
708 1193 801 1237 cause
853 1174 1091 1258 uniuscuiusque
1137 1173 1430 1254 superscriptionis

262 1278 442 1343 ostenditur.

210 1430 235 1466 lu
306 1398 357 1463 20.
382 1399 419 1462 ln
441 1418 477 1464 eo
501 1398 583 1463 enim
608 1397 736 1479 psalmo,
767 1399 798 1462 in
823 1418 883 1482 quo
913 1403 1033 1462 tentum
1057 1398 1236 1478 psalmus
1265 1398 1428 1463 inscribi-

261 1510 317 1581 tur,
340 1501 478 1566 fidelium
493 1521 621 1582 operum
642 1508 673 1567 et
695 1501 911 1585 religiosorum
935 1506 1093 1584 gestorum
1116 1507 1169 1565 aut
1191 1502 1335 1566 doctrine.
1363 1512 1429 1567 aut

262 1607 413 1673 confessio
436 1607 618 1683 continetur,
643 1626 713 1670 cum
736 1606 892 1691 prophete
914 1607 1198 1680 commemorando,
1214 1624 1282 1688 quae
1299 1608 1429 1690 egerit,

261 1712 300 1776 ud
323 1710 496 1775 doctrinam
518 1731 576 1775 nos
599 1718 755 1794 gestorum
780 1711 924 1775 similium
946 1711 1085 1786 instituit,
1108 1710 1242 1774 motibus
1264 1714 1425 1789 corporei

261 1816 370 1900 organi
392 1815 490 1879 nostri
513 1817 553 1880 ed
574 1816 640 1895 pios
663 1815 834 1879 officiorum
857 1835 931 1879 usus
947 1814 1135 1895 temperetis.
1182 1819 1215 1878 at
1242 1833 1318 1879 uero
1335 1834 1426 1879 cum

125 1975 127 1982 .
209 1950 234 1986 ιδ
261 1919 465 1984 canticum
495 1923 614 1983 tuntum
636 1920 668 1983 in
691 1918 776 1983 titulo
798 1919 994 2001 praeponitur,
1026 1918 1156 1983 scientie
1185 1918 1217 1982 in
1247 1937 1283 1982 eo
1317 1920 1425 1999 spiri-

261 2022 329 2087 tulis
353 2029 384 2088 et
414 2022 626 2107 intellegentis
648 2023 781 2088 crelestis
815 2024 927 2098 arcani,
962 2042 1055 2106 quam
1086 2022 1154 2106 quis
1177 2042 1233 2104 per
1254 2023 1424 2103 cognitio·

261 2148 344 2192 nem¹
369 2128 528 2207 sapientise
560 2128 767 2212 consequitur,
799 2128 917 2193 existit:
952 2146 1022 2191 cum
1056 2145 1119 2191 non
1152 2130 1427 2194 commemoratis

261 2232 335 2297 fidei
365 2232 508 2314 operibus
542 2231 641 2297 solum
674 2232 848 2296 doctrinam
883 2230 1029 2314 perfectae
1063 2232 1102 2295 de
1133 2232 1191 2296 deo
1221 2230 1426 2314 cognitionis

261 2336 405 2400 ostendit.
451 2356 510 2400 non
545 2336 628 2401 enim
663 2336 768 2399 statim
791 2336 893 2399 omnis
916 2334 1045 2399 scientia
1068 2335 1099 2398 in
1124 2334 1203 2400 bono
1226 2353 1322 2414 opere
1349 2344 1427 2417 cst3

209 2468 234 2505 πο
261 2459 364 2522 neque
386 2459 508 2503 rursum
532 2460 624 2504 omne
647 2460 722 2520 opus
746 2440 862 2503 bonum
886 2459 992 2503 ueram
1016 2439 1178 2504 scientium
1200 2440 1426 2522 consequitur.

262 2545 301 2608 ob
326 2544 409 2627 quod
432 2549 479 2609 est
501 2550 533 2609 et
554 2543 637 2620 iilud,
669 2544 751 2628 quod
784 2544 815 2608 in
846 2544 935 2609 tertio
965 2543 1259 2623 superscriptionum
1289 2562 1427 2626 genere

262 2653 316 2726 est,
347 2648 547 2713 canticum
581 2646 734 2730 psalmi,
769 2667 841 2712 cum
876 2650 1027 2712 bonorum
1068 2666 1195 2730 operum
1230 2646 1424 2715 efficientiae

262 2752 398 2817 scientiae
428 2752 568 2816 doctrine
601 2752 805 2835 coniungitur.
850 2752 934 2834 prius
964 2752 1049 2817 enim
1078 2752 1111 2814 iu
1141 2750 1228 2815 nonis
1258 2752 1421 2833 operibus

261 2856 429 2921 uiuendum
463 2862 525 2932 est,
558 2862 592 2920 ut
626 2856 764 2937 perfecta
786 2856 884 2936 possit
917 2876 962 2930 ea,
985 2874 1054 2939 quse
1077 2855 1224 2934 deinceps
1248 2857 1420 2935 succedet,

210 2986 234 3027 us
261 2960 357 3024 diuini
379 2961 566 3025 sacrementi
588 2980 657 3025 esse
680 2959 824 3044 cognitio,
847 2961 1015 3024 secundum
1038 2960 1071 3023 id
1093 2961 1177 3043 quod
1200 2959 1317 3023 dictum
1344 2969 1422 3026 est:

262 3064 516 3129 desiderasti
555 3062 827 3145 sapientiam?
883 3084 1003 3129 serus
1036 3065 1234 3139 mundata,
1269 3069 1306 3127 et
1349 3065 1425 3130 do-

262 3168 392 3233 minus
426 3170 640 3250 prestabit
669 3168 743 3232 tibi
774 3170 948 3233 ecndem.
993 3178 1119 3249 praestet
1149 3186 1225 3250 ergo
1260 3167 1420 3235 dominus

263 3272 447 3356 sapientiem
470 3274 527 3351 his,
551 3274 602 3357 qui
624 3293 680 3353 per
702 3273 849 3337 meritum
872 3292 1001 3353 operum
1025 3272 1158 3355 gratiam
1184 3270 1424 3355 intellegentiae

305 3414 340 3466 26
358 3410 464 3465 Eccles.
483 3412 504 3480 1,
523 3415 565 3467 83.

306 3554 321 3605 l
340 3552 437 3605 modos
453 3549 547 3615 V(.)r
564 3552 677 3604 modum
688 3551 715 3603 Ε
764 3552 880 3619 psalteri
897 3570 928 3604 cr
943 3552 1079 3619 psalteriu
1095 3552 1120 3604 V
1168 3554 1185 3606 3
1203 3548 1343 3604 cantionis
1361 3552 1422 3605 Ed.

263 3636 345 3690 Bcsil.
365 3638 413 3707 (cs.
428 3638 471 3691 Ps.
485 3638 551 3690 LXI
558 3639 581 3691 V
596 3655 652 3706 cap.
671 3638 705 3702 3,·
725 3638 758 3689 II
773 3656 830 3707 cop.
842 3639 896 3701 31,
914 3638 1029 3691 LXVII
1037 3656 1094 3706 cap.
1108 3637 1141 3700 I,·
1168 3637 1291 3689 CXLIII
1298 3654 1361 3706 cop.
1384 3639 1424 3704 6)

263 3724 403 3777 canticum
422 3724 457 3778 Vr
475 3724 599 3778 citetiois
617 3742 637 3773 α
688 3740 772 3791 ymno
789 3726 812 3775 V
850 3725 1027 3777 consonantis
1046 3743 1076 3777 er
1093 3729 1277 3777 consonantes
1295 3740 1330 3777 m.
1352 3724 1377 3776 2
1395 3728 1424 3779 V

262 3811 569 3879 Ssuperinscribtionis
589 3812 613 3863 V
664 3814 696 3863 12
709 3827 780 3879 quse
797 3811 871 3879 gerit
886 3812 923 3863 Vr
978 3814 1009 3865 13
1028 3810 1149 3864 motibus
1166 3832 1181 3863 r
1198 3814 1277 3863 motu
1302 3810 1377 3878 V(?)
1390 3814 1425 3866 E

264 3900 297 3951 14
315 3898 409 3951 usibus
435 3900 459 3951 V
507 3899 667 3967 temperetis
694 3898 728 3951 Vr
754 3902 910 3965 temperato
939 3900 966 3949 E
1016 3898 1052 3951 sd
1069 3914 1135 3951 uero
1163 3898 1187 3949 V
1238 3897 1270 3949 15
1299 3896 1331 3949 in
1349 3911 1421 3954 anre

264 3984 346 4037 ritulo
364 4004 420 4055 sup.
445 3987 525 4038 lima
549 4004 583 4038 m.
608 3984 627 4037 2
651 3984 676 4038 V
725 3984 878 4052 spiritualis
905 4002 934 4037 re
989 3987 1021 4037 16
1048 3984 1162 4038 archani
1187 4002 1222 4037 ra
1274 3984 1310 4037 20
1346 4000 1424 4040 oon-

264 4075 394 4139 sequetur
417 4072 443 4124 V
500 4073 532 4125 21
560 4072 624 4125 illut
650 4072 672 4124 V
730 4086 852 4140 generuc
879 4089 946 4124 cerr.
971 4089 1004 4124 m.
1032 4073 1046 4123 I
1080 4072 1103 4124 V
1153 4074 1189 4124 24
1213 4070 1346 4123 succedet
1381 4074 1423 4126 Vr

264 4158 387 4211 succedit
406 4160 434 4210 E
484 4160 518 4211 27
545 4158 596 4212 tibi
624 4154 728 4212 esebi
753 4140 913 4211 confrre?
937 4158 961 4210 V
1010 4158 1045 4210 28
1072 4158 1120 4224 qui
1147 4175 1178 4210 cx
1203 4172 1257 4223 que
1283 4174 1318 4210 m.
1346 4158 1371 4209 2
1399 4161 1426 4213 V

264 4262 379 4313 operum
404 4245 454 4297 Vre
471 4246 609 4298 bonorum
627 4260 742 4312 operum
761 4246 785 4297 d.
