3075 4967
316 316 357 380 36
658 317 775 370 sancti
799 317 932 370 Hilarii
958 319 1119 387 episcopi

315 508 419 587 impiis
447 506 604 582 iudicium,
636 506 791 589 quinium
827 506 949 572 iudicati
985 514 1066 587 sunt,
1101 527 1161 571 non
1197 507 1356 591 relinquit;
1392 530 1455 587 pec-

317 610 470 676 catoribus
494 618 605 686 autem,
640 630 716 693 quos
750 610 906 692 superiore
941 629 1082 676 sermone
1116 612 1250 677 discerni
1285 612 1324 676 ab
1360 611 1456 691 impiis

317 714 484 792 docuimus
509 712 668 779 consilium
700 714 856 791 iustorum,
891 715 963 798 quia
995 715 1149 780 iudicandi
1186 715 1255 793 sint,
1286 716 1455 799 deneganit.

317 817 384 883 illos
408 818 488 883 enim
514 818 727 899 prmiudicatos
750 819 893 899 impietas
918 818 997 896 lacit,
1033 819 1090 883 hos
1120 840 1193 883 uero
1223 824 1387 899 peceatum
1409 820 1457 884 de·

277 952 288 986 s
317 924 394 987 tinet
416 923 602 987 iudicandos.
648 923 750 1005 itaque
774 941 874 1006 neque
896 922 1046 1003 impietas,
1069 942 1138 1006 quae
1160 922 1221 986 iarn
1248 922 1385 987 iudicata
1406 930 1458 1003 est,

317 1032 510 1107 peccatorum
535 1032 582 1091 est
605 1026 756 1106 permissa
777 1025 898 1104 iudicio,
919 1045 1019 1109 neque
1034 1033 1221 1107 peccateres
1238 1027 1288 1111 qui
1305 1026 1457 1091 iudicandi

317 1136 398 1207 sunt,
422 1131 579 1208 iustorum,
612 1130 663 1213 qui
695 1150 754 1193 non
787 1129 1009 1207 indicabuntur,
1032 1130 1134 1194 meriti
1165 1137 1235 1194 sunt
1268 1131 1359 1214 digni
1394 1150 1458 1194 esse

316 1233 451 1299 consilio.

359 1338 409 1402 24.
434 1337 475 1401 lu
497 1336 586 1402 huius
611 1335 791 1402 differentiae
815 1336 888 1400 hino
911 1336 985 1401 ordo
1007 1336 1225 1417 proficiscitur:
1258 1338 1351 1420 quia
1376 1358 1457 1420 cog·

264 1470 288 1505 1⁰
317 1443 458 1513 noscit,
493 1442 600 1525 inquit,
636 1442 823 1505 dominus
857 1442 959 1504 uiam
993 1441 1202 1518 iustorum,
1238 1450 1275 1505 et
1303 1442 1369 1505 uia
1400 1442 1458 1505 irn-

316 1546 471 1629 piorum
513 1544 679 1626 peribit.
730 1544 890 1609 consilium
933 1545 1080 1610 iustorum
1126 1551 1304 1625 peccatores
1347 1545 1458 1609 idcireo

316 1670 377 1714 non
400 1651 524 1718 adeunt.
548 1650 725 1733 quioniam
750 1648 899 1713 iustorum
926 1650 1067 1713 dominus
1090 1649 1258 1729 cognoscit.
1302 1649 1459 1732 cognoscit

317 1759 417 1819 nutem
442 1774 501 1817 non
526 1753 727 1837 ignorationis
744 1753 881 1831 seientia,
904 1754 959 1817 sed
975 1753 1155 1837 dignatione
1179 1753 1337 1817 noscendi.
1360 1772 1459 1835 neque

317 1858 399 1923 onim
431 1858 497 1921 trac
527 1858 558 1921 in
589 1857 647 1921 deo
681 1857 858 1937 passionum
894 1857 1099 1921 humanarum
1134 1857 1303 1921 demutatio
1337 1866 1396 1933 est,
1428 1864 1458 1919 ut

263 1988 287 2025 rs
315 1961 431 2044 aliquid
466 1969 518 2025 aut
548 1965 721 2045 cognoscat,
751 1968 802 2025 aut
832 1961 958 2027 nesciat.
1005 1962 1113 2026 beatus
1147 1960 1303 2042 apostolus
1340 1961 1458 2037 Paulus

315 2087 375 2149 qua
405 2065 522 2130 ratione
553 2086 570 2128 a
601 2065 658 2131 deo
688 2084 945 2150 cognosceremur
968 2065 1115 2146 exposuit,
1139 2066 1261 2130 dicens:
1308 2065 1342 2130 si
1369 2066 1458 2149 quis

315 2176 376 2235 est
415 2170 450 2234 in
489 2170 605 2233 uobis
643 2168 845 2250 propheta
882 2176 947 2233 aut
980 2170 1199 2250 spiritalis,
1237 2176 1459 2253 cognoscat

316 2294 398 2357 quae
422 2274 560 2338 scribo
583 2273 707 2349 uobis,
732 2273 825 2357 qnia
849 2274 1002 2338 domini
1026 2280 1132 2338 sunt:
1157 2274 1190 2338 si
1214 2274 1305 2357 quis
1328 2281 1456 2338 autem

315 2398 390 2441 uon
414 2377 634 2462 cognoscit,
669 2397 742 2441 non
773 2378 1050 2461 cognoscitur.
1096 2398 1148 2442 eos
1173 2397 1247 2462 ergo
1271 2379 1458 2459 cognoscis

262 2506 287 2542 ro
315 2481 372 2546 deo
394 2482 536 2557 ostendit,
561 2481 621 2565 qui,
645 2501 712 2564 quae
736 2482 786 2546 dei
808 2491 888 2559 sunt,
912 2482 1126 2566 cognouerint:
1150 2487 1215 2547 turn
1238 2482 1457 2565 cognoscendi,

315 2604 385 2649 oum
408 2586 619 2668 cognouerint,
650 2586 862 2670 dignationem
885 2585 1004 2652 seilicet
1026 2585 1212 2670 cognitionis
1234 2606 1291 2666 per
1313 2586 1457 2651 meritum

313 2688 472 2773 religionis
510 2688 641 2773 cognita
679 2698 913 2773 consequentes,
957 2697 991 2755 ut
1028 2690 1110 2773 quod
1147 2689 1356 2774 cognoscitur,
1399 2709 1457 2753 non

315 2794 484 2877 ignorantis
519 2792 672 2873 profectus
707 2792 904 2877 intellegatur
937 2814 1013 2871 esse,
1049 2794 1104 2859 sed
1138 2794 1264 2878 cogniti.
1317 2793 1457 2858 absolute

313 2906 415 2961 erutem
452 2897 593 2961 domiuus
616 2898 752 2962 ostendit
786 2899 814 2961 in
843 2899 943 2962 Adam
974 2906 1065 2982 atque
1088 2897 1250 2962 Abraham
1279 2904 1457 2977 peccatores

260 3026 285 3063 rs
313 3020 345 3065 se
381 3002 529 3085 ignorare,
568 3020 756 3085 cognoscere
794 3007 897 3065 autern
937 3001 1055 3067 fideles.
1109 3020 1243 3083 namque
1278 3001 1359 3065 Adae
1390 3009 1458 3081 post

313 3110 471 3187 peccatum
496 3105 611 3169 dictum
637 3110 699 3169 est:
731 3105 799 3169 ubi
823 3126 872 3182 aa,
906 3104 1054 3169 Adam?
1076 3124 1137 3169 non
1157 3106 1239 3188 quod
1254 3104 1342 3181 deus,
1366 3124 1457 3189 quem

311 3207 411 3271 adhuc
437 3209 466 3271 in
490 3209 632 3288 paradiso
655 3208 844 3284 hohstetin
869 3210 1012 3290 paradiso
1035 3228 1103 3274 esse
1119 3208 1268 3285 nesciret;
1292 3211 1350 3273 sed
1367 3210 1455 3293 quod,

310 3314 383 3376 dum
406 3313 457 3377 ubi
482 3312 521 3377 sit
543 3312 758 3397 interrogatur,
782 3313 929 3397 indignus
952 3313 1128 3398 cognitione
1152 3312 1202 3377 dei
1224 3333 1279 3394 per
1302 3314 1344 3392 id,
1375 3314 1454 3396 quod

309 3416 456 3497 peccauit,
480 3417 659 3481 ostenditur.
705 3416 867 3482 Abraham
883 3424 983 3482 autem
1008 3418 1061 3482 diu
1084 3418 1252 3502 ignoratus,
1276 3416 1395 3482 scilicet
1417 3418 1455 3480 ad

258 3545 282 3581 so
311 3540 401 3602 quern
414 3522 681 3603 septuagenarium
699 3520 758 3585 iam
776 3522 824 3585 dei
841 3520 899 3585 fuit
921 3541 1029 3598 sermo,
1052 3540 1121 3585 oum
1140 3542 1245 3601 seper
1266 3519 1455 3586 oblationem

355 3626 387 3678 rc
405 3622 428 3678 r.
448 3624 509 3678 oor.
531 3628 569 3693 n,
589 3627 631 3678 ar.
672 3628 707 3680 aa
726 3625 794 3680 oen.
813 3626 860 3693 ur,
879 3628 904 3680 o.

355 3801 365 3851 1
396 3796 451 3905 ian}
479 3818 508 3851 ar
535 3798 597 3851 dam
626 3817 657 3851 ru.
686 3798 705 3850 2
739 3800 761 3851 Γ
830 3800 963 3868 relinquit
990 3818 1020 3852 cc
1046 3798 1185 3866 relinquid
1214 3799 1239 3850 R
1308 3758 1413 3866 2quos
1432 3799 1455 3850 lt

307 3919 449 3987 superiore
471 3922 496 3972 R
524 3919 659 3987 superiori
680 3920 707 3971 Ε
757 3937 885 3975 sermone
903 3939 934 3973 cc
961 3936 1051 3974 sermo
1070 3940 1103 3973 m.
1122 3917 1143 3971 2
1162 3919 1184 3972 Γ
1253 3920 1269 3970 3
1296 3917 1414 3973 indicati
1435 3919 1456 3970 Γ

307 4005 401 4059 tieoit
416 4006 440 4059 Γ
490 4011 691 4074 &peccatorum
702 4011 717 4059 ἔ
728 4004 753 4071 (ὅ
763 4025 794 4061 es
802 4007 854 4060 aa?
861 4019 920 4077 pest
930 4012 945 4061 ὅ
955 4006 1030 4059 2-3
1039 4009 1086 4061 litt.
1096 4006 1295 4075 eros.‚sortasse
1304 4006 1418 4059 litaritl
1429 4006 1455 4057 R

311 4094 343 4145 12
369 4094 436 4145 iuter·
463 4093 606 4162 cognoscit
633 4104 655 4145 et
682 4093 825 4162 cognoscit
852 4098 945 4149 autem
972 4113 1038 4148 erus.
1068 4094 1121 4147 dr'rs
1148 4094 1174 4146 R
1240 4092 1273 4145 lo
1299 4060 1414 4199 {liquit
1434 4091 1457 4145 Γ

309 4216 341 4266 16
368 4212 403 4265 ab
430 4229 461 4265 eo
489 4218 702 4281 cognoscentem
729 4210 750 4259 V
801 4218 834 4269 19
858 4219 1041 4283 cognoscetur
1059 4210 1125 4267 1t¹E
1176 4215 1212 4269 20
1238 4212 1304 4281 quia
1331 4230 1403 4282 quas
1429 4213 1453 4264 n

307 4302 338 4351 21
360 4299 521 4367 cognouerit
546 4300 568 4351 V
617 4300 652 4351 24
669 4300 758 4367 adque
783 4302 830 4354 ΓΗ
882 4303 916 4354 27
934 4301 963 4355 in
981 4300 1117 4370 paradyso
1138 4303 1162 4353 n
1214 4302 1250 4355 80
1276 4299 1320 4354 dei
1339 4300 1395 4355 inm
1420 4300 1452 4351 ΙΙ.
