3075 4967
401 306 583 356 tractatus
600 302 635 355 in
654 302 823 372 psalmum
844 302 963 356 CXXIX.
1190 299 1253 368 653
1342 367 1345 374 ,

120 491 298 557 adsistentes
331 497 403 557 aute
436 490 607 557 claritatem
641 491 691 557 dei
715 498 746 557 et
768 491 919 557 orationes
950 493 1182 572 deprecantium
1214 494 1254 556 ad

119 596 270 660 dominum
282 595 467 661 deserentes,
504 593 562 660 boc
574 595 644 660 ideo
656 603 934 661 commemoratum
951 618 970 661 a
985 597 1074 662 nobis
1090 601 1146 672 est,
1162 603 1203 675 ut,
1228 597 1252 660 si

117 698 189 765 sorte
211 699 270 764 bos
292 719 363 765 esse
384 698 488 764 oculos
511 698 561 764 uei
584 718 674 764 aures
697 698 747 764 uel
771 719 879 765 manus
902 700 952 765 uel
974 701 1071 780 pedes
1094 700 1142 766 dei
1166 699 1254 765 intel·

117 802 213 887 legere
229 802 427 880 uoluerimus,
450 801 623 868 habeamus
645 823 706 868 non
722 802 925 884 inprobabilis
943 803 1162 888 intellegentiae
1182 823 1254 869 aaa·

117 908 271 980 toritatem,
287 908 422 972 manure
438 927 508 972 cum
524 907 674 988 scriptum
689 907 745 973 sit:
769 914 861 972 sunt
883 908 985 972 enirn
1009 907 1254 973 efficientes
1294 932 1307 970 a

116 1011 296 1092 spiritus,
329 1011 369 1076 in
402 1003 678 1077 ministe'rium
713 1012 828 1076 missi
867 1019 1035 1094 propter
1073 1031 1148 1088 eos,
1188 1011 1254 1094 qui

116 1113 405 1181 hereditabunt
438 1116 621 1182 salutem.
667 1116 890 1182 intercessione
913 1117 1016 1199 itaque
1050 1114 1161 1180 horum
1193 1134 1253 1180 non

114 1229 219 1286 natura
241 1220 291 1286 dei
314 1227 395 1304 eget,
419 1222 475 1286 sed
497 1219 661 1286 infirmitas
683 1227 796 1285 nostra.
842 1219 930 1286 missi
946 1220 1029 1286 enirn
1046 1228 1115 1285 sunt
1130 1225 1255 1301 propter

114 1343 170 1402 eos,
193 1325 247 1408 qui
273 1323 490 1391 hereditabunt
512 1325 660 1392 salutem:
691 1326 749 1390 deo
780 1323 858 1388 nibil
881 1345 917 1390 ex
942 1323 1000 1400 bis,
1032 1342 1100 1407 quae
1123 1323 1254 1408 agimus,

114 1426 281 1510 ignorante,
304 1430 361 1493 sed
382 1428 561 1494 infirmitate
584 1436 690 1493 nostro
712 1429 751 1493 ad
775 1430 951 1512 rogandum
967 1434 999 1494 et
1013 1427 1254 1508 promerendum
1282 1449 1307 1487 10

113 1531 256 1610 spiritalis
279 1531 510 1598 intercessionis
532 1531 705 1598 ministerio
728 1531 896 1616 indigente.

153 1738 181 1803 8.
206 1737 1254 1824 Debincsequit-umsiiniquitatesobseruabisdomine,

113 1842 197 1926 qais
232 1843 483 1908 sustinebit?
526 1863 586 1907 nou
617 1843 822 1928 neglegenter
852 1843 926 1910 dicti
956 1842 1047 1908 huius
1077 1843 1154 1908 ratio
1177 1849 1254 1908 trae-

112 1948 202 2012 tanda
225 1953 282 2013 est.
328 1947 498 2014 nonenim
528 1948 585 2013 ait:
620 1948 652 2013 si
687 1954 859 2030 peccata
892 1948 1147 2023 obseruabis,
1182 1949 1254 2012 sed:

112 2051 141 2116 si
185 2051 438 2135 iniquitates
482 2053 734 2118 obseruabis.
784 2041 893 2118 'differt
931 2051 1014 2117 enirn
1057 2050 1203 2134 iniquitas
1237 2069 1307 2114 aro

112 2163 244 2234 peccato.
289 2157 441 2239 numquid
465 2156 543 2222 deus
565 2162 692 2237 peccatu
721 2175 782 2220 non
813 2155 998 2234 obscurabit,
1030 2162 1061 2220 et
1090 2155 1254 2220 criminum

111 2260 261 2326 memoria
283 2279 345 2326 non
375 2260 455 2327 erit?
498 2260 558 2326 erit
591 2268 688 2326 certe:
723 2260 796 2344 quin
832 2260 926 2326 etiam
960 2260 998 2325 de
1033 2260 1129 2324 otioso
1159 2259 1255 2323 uerbo

111 2364 258 2430 rationem
281 2365 495 2449 unusquisque
519 2365 677 2446 praestabit
711 2373 742 2430 et
771 2365 873 2429 omnis
896 2363 928 2428 iu
959 2382 1115 2429 carcerem
1142 2362 1254 2427 missus

110 2469 218 2534 reddet
239 2468 444 2534 nouissimum
469 2467 684 2552 quadrantem.
730 2466 854 2534 differre
879 2473 983 2532 autem
1005 2467 1201 2551 iniquitatem
1225 2472 1256 2530 et

110 2579 270 2652 peceatum
295 2573 450 2651 docemur,
480 2592 551 2638 curn
575 2573 701 2637 dieitur:
734 2573 858 2651 beati,
883 2591 1048 2656 quorum
1072 2569 1254 2635 remissa
1280 2590 1306 2628 ro

110 2685 201 2741 sunt
223 2677 473 2759 iniquitates
497 2683 534 2742 et
556 2696 725 2760 quorum
757 2682 869 2742 tecta
899 2681 992 2741 sunt
1020 2679 1199 2756 peccata,
1224 2679 1255 2739 et

110 2800 248 2846 mrsum:
274 2781 538 2864 iniquitatem
562 2801 686 2847 meam
710 2800 783 2864 ego
806 2780 951 2866 agnoui
976 2784 1014 2845 et
1043 2786 1254 2860 peccatum

110 2905 234 2950 meum
265 2904 340 2950 non
370 2884 576 2950 abscondi.
619 2885 766 2969 iniquitas
797 2885 881 2950 enim
912 2884 1012 2949 omnis
1046 2883 1253 2966 transgressio

111 2989 157 3054 dei
181 2989 262 3074 legis
285 2995 342 3068 est,
365 3008 434 3073 quae
457 2996 503 3055 est
526 2990 651 3074 grauior
671 2995 804 3071 peccato.
849 2989 932 3072 quod
947 2987 1083 3070 idipsum
1099 2985 1254 3068 apostolus

110 3093 338 3160 absolutissime
376 3094 514 3159 distinxit
544 3094 667 3160 dicens:
702 3094 769 3178 qui
804 3093 908 3158 enim
944 3093 1084 3176 inique
1117 3111 1254 3172 pecca·
1281 3109 1313 3148 aa.

110 3204 265 3275 uerunt,
304 3197 442 3280 inique
483 3197 689 3280 peribunt:
729 3197 795 3281 qni
840 3201 974 3262 autern
1017 3215 1086 3276 ner
1123 3194 1253 3280 legem

152 3411 271 3466 bilebr.
291 3411 312 3478 1,
332 3415 372 3466 14.
408 3411 665 3478 aoPs.xxxl,1.
700 3413 735 3466 ᾗ
753 3409 824 3464 Ibid.
843 3411 867 3462 b.
903 3409 938 3463 25
956 3408 1035 3462 Rom.
1054 3408 1088 3476 11,
1110 3409 1150 3460 12.

151 3584 254 3638 adnm
279 3584 355 3638 VRT
371 3585 453 3639 deum
472 3585 525 3638 PE
574 3583 731 3653 deferentes
750 3583 852 3636 VPTE
869 3581 1087 3636 conserentesR
1140 3579 1253 3633 anobis
1289 3641 1291 3646 A

110 3677 152 3724 est
170 3672 197 3724 R
215 3672 333 3726 estesit
346 3672 434 3726 VPTb
488 3671 728 3740 dspiritusldsps
745 3670 824 3723 Vom.
837 3669 886 3722 PT
937 3667 1092 3736 daegetV
1141 3659 1285 3721 9bere·'

110 3757 239 3812 ditabunt
268 3758 316 3812 VR
343 3757 570 3812 inhereditabunt
596 3758 648 3812 PT
700 3759 731 3812 ll
750 3755 963 3811 intercessiones
988 3755 1013 3806 P
1063 3753 1212 3822 indagante
1231 3752 1257 3804 P

111 3847 142 3897 12
161 3844 323 3900 obseruabis
347 3845 419 3898 VPT
435 3843 626 3900 obsemaberis
645 3846 670 3898 R
722 3843 834 3898 domine
854 3843 928 3896 VRT
944 3841 1055 3895 domine
1074 3839 1185 3893 domine
1204 3839 1256 3891 ΡΕ

111 3932 143 3984 14
161 3931 186 3983 si
204 3939 319 4000 peccata
336 3931 495 3986 obseruabis
514 3932 562 3985 Va
579 3937 694 4001 peccata
710 3930 871 3985 obseruabie
884 3929 934 3982 PT
986 3928 1033 3981 sed
1052 3926 1074 3980 si
1093 3926 1253 3994 iniquitates

111 4017 269 4072 obseruabis
297 4019 352 4072 RE
376 4036 425 4072 om.
450 4019 522 4072 VPT
575 4019 694 4086 atquin
720 4019 762 4071 ΕΙ)
789 4016 854 4086 qnia
881 4016 943 4069 PTe
995 4017 1030 4068 22
1049 4013 1150 4083 agnoui
1177 4013 1257 4066 ΡΤΕ

111 4120 212 4172 agam
233 4103 309 4171 (noui
332 4131 367 4142 ·-
390 4105 523 4159 absolutis
547 4107 592 4159 tin.
618 4104 656 4157 25
681 4103 767 4170 enon.)
793 4103 970 4172 Vcognosco
989 4101 1014 4154 R
1066 4103 1101 4155 23
1121 4099 1253 4168 iniquitas

112 4190 185 4244 enim
203 4219 238 4228 —
256 4198 371 4261 peccato
388 4209 437 4244 om.
456 4192 507 4244 PT
556 4195 591 4246 94
608 4192 654 4246 dei
672 4191 742 4260 legis
761 4189 787 4244 Id
804 4191 874 4258 legis
893 4188 938 4243 dei
951 4189 979 4241 E
1030 4189 1063 4241 25
1081 4186 1175 4255 inique
1189 4187 1254 4240 PTb
1326 4185 1328 4190 ’

113 4275 202 4330 iuius
223 4278 321 4332 Vsine
339 4277 400 4346 legs
419 4277 458 4331 Re
510 4280 544 4332 26
563 4277 657 4346 inique
681 4277 745 4330 Vtro
764 4276 823 4330 sine
842 4276 904 4345 lege
924 4275 970 4329 Re.
