3075 4967
425 287 607 336 tractatus
631 282 660 336 in
685 283 859 350 psalmum
883 283 929 336 Ll.
1209 285 1250 348 97

128 473 301 538 ldumacus
339 481 377 538 et
412 473 674 538 adnuntiauit
709 473 804 540 Saul
842 482 881 540 et
917 475 1023 540 dixit
1058 475 1109 540 ei:
1140 476 1252 541 uenit

125 577 238 641 Dauid
257 577 294 641 in
318 579 470 643 domum
494 576 745 644 Abimelecln.
769 578 1250 662 atqueutabsolutiusrationem

124 681 372 762 superscriptionis
395 682 542 764 consequi
565 681 730 762 possimus,
761 682 829 762 ipsc
860 703 963 749 rerum
992 691 1151 768 gestarum
1174 685 1249 748 ordo

123 785 280 852 subdendus
302 793 357 850 est.
405 786 488 850 Doce
514 787 698 866 prepositus
729 793 796 851 erat
825 787 978 853 mulorum
1009 786 1097 866 Sanl;
1128 787 1181 871 qui
1211 787 1251 851 ad

123 890 186 954 Saul
215 891 268 955 eit:
301 890 386 956 uidi
420 890 551 955 silium
576 889 692 955 Iesse
725 891 960 956 uenientem
993 893 1032 956 in
1062 891 1175 958 Noba
1203 893 1252 957 ad
1291 922 1304 958 u

122 993 354 1070 dbinelech,
378 993 714 1060 liliumAchitob.
739 1001 778 1060 et
803 995 1082 1081 interrogauit
1104 1015 1190 1062 eum
1212 996 1251 1060 in

122 1099 263 1163 domino
285 1106 323 1165 et
359 1099 604 1164 manducare
635 1099 750 1164 dedit
781 1100 815 1164 ei
844 1108 882 1164 et
911 1099 1095 1184 gladium
1126 1099 1250 1164 Goliae

121 1201 348 1288 alienigenae
373 1202 488 1266 dedit
510 1200 584 1267 illi.
630 1202 743 1285 quibus
766 1203 879 1268 auditis
895 1209 1149 1286 reupotestatem
1164 1203 1248 1270 Doeo

121 1308 294 1371 sacerdotnm
329 1312 362 1372 et
395 1306 527 1371 ciuitatis
563 1307 656 1372 dedit.
703 1305 817 1372 dehinc
851 1309 1002 1388 scriptura
1036 1307 1182 1373 subiecit:
1213 1315 1251 1372 et

121 1409 349 1492 circumluit,
380 1410 489 1493 inquit,
520 1409 624 1474 Doac
649 1408 856 1490 ldumaenn,
886 1417 923 1475 et
953 1411 1099 1495 tetigit
1121 1429 1250 1476 sacer·
1278 1441 1302 1476 to

121 1513 222 1579 dotes
243 1522 279 1578 et
302 1513 578 1578 mortificauit
600 1514 639 1578 in
663 1514 727 1578 die
752 1512 826 1578 illa
847 1515 1062 1599 octoginta
1083 1522 1121 1580 et
1139 1514 1249 1598 quin-

121 1636 192 1700 que,
219 1637 353 1683 omnes
376 1617 562 1682 serentes
585 1616 728 1697 ephud,
756 1626 794 1682 et
815 1617 930 1685 Nuba
958 1618 1170 1684 ciuitatem
1195 1640 1250 1684 sa·

120 1722 307 1786 cerdotum
347 1720 502 1786 deiecit
539 1721 578 1784 in
616 1740 683 1786 ore
721 1720 861 1805 gladii.
906 1720 973 1786 haec
1008 1723 1112 1807 itaque
1147 1723 1249 1787 ornnis

121 1831 261 1906 gestorum
282 1825 363 1890 fides
387 1831 450 1889 est:
474 1845 511 1889 ex
534 1844 595 1908 qua
618 1833 736 1890 tanturn
760 1827 800 1890 ad
823 1824 934 1906 psalmi
947 1826 1250 1907 titulumpraesump

122 1941 176 1992 turn
197 1939 249 2007 est,
272 1935 422 2014 quantum
455 1936 486 1994 et
515 1935 711 1994 sacramento
741 1928 854 2010 psalmi
883 1938 914 1995 et
943 1929 1131 2011 propheticae
1161 1933 1250 1996 satis-
1277 1959 1303 1995 us

120 2033 220 2098 laceret
241 2033 398 2099 doctrinae.
444 2032 475 2095 id
498 2033 582 2097 enim
611 2030 708 2096 solum
731 2035 764 2097 in
787 2035 1047 2114 superscriptione
1068 2040 1131 2100 est:
1154 2053 1249 2117 cum,

120 2137 214 2220 inquit.
235 2138 346 2202 uenit
363 2137 469 2201 Doec
493 2143 531 2202 ct
554 2137 819 2202 adnuntieuit
838 2137 930 2203 Saul
954 2146 992 2203 et
1014 2139 1132 2204 dixit:
1156 2139 1250 2222 quia

120 2242 217 2306 uenit
239 2241 369 2306 Dauid
392 2241 431 2304 in
455 2242 608 2305 domum
632 2240 883 2306 dbimelech.
930 2249 961 2307 ct
983 2244 1158 2308 necessario
1182 2251 1249 2323 post

120 2345 393 2428 quinquagesimum
416 2343 579 2426 psalmum,
612 2344 642 2410 in
673 2364 734 2428 quo
757 2354 953 2426 peccatorum
976 2346 1117 2411 remissio
1140 2365 1249 2411 secun-

119 2448 183 2512 dum
217 2449 399 2515 sanctificati
436 2447 535 2526 huius,
565 2455 599 2513 ut
627 2449 658 2513 in
690 2449 816 2514 exordio
853 2449 1042 2531 psalmorum
1080 2450 1248 2530 docuimus,
1276 2477 1301 2514 ιο

120 2554 223 2617 numeri
233 2554 377 2618 uirtutem
393 2555 575 2630 continetur,
592 2551 729 2633 psalmus
749 2553 809 2618 iste
831 2557 970 2635 tempore
984 2555 1126 2632 anterior,
1142 2554 1250 2619 ordine

119 2658 251 2734 posterior
266 2655 446 2722 collocetur:
471 2663 504 2721 ut
527 2657 568 2735 id,
589 2657 671 2741 quod
694 2658 733 2720 in
757 2657 879 2722 sineru
903 2656 1148 2722 intellectus
1171 2679 1248 2740 pree-

119 2760 255 2840 scribitur,
278 2760 425 2845 perlectis
440 2760 577 2843 undique
598 2767 629 2825 et
644 2759 793 2826 absolutis
809 2777 1070 2826 sacramentorum
1081 2761 1249 2845 generibus

119 2865 203 2941 possit
222 2864 368 2948 intellegi.

154 3021 276 3090 lecg.
295 3023 339 3085 22,
357 3025 381 3075 9.
418 3025 435 3073 9
453 3021 522 3074 Ibid.
544 3023 576 3074 18
594 3039 633 3089 sq.

156 3230 307 3284 lIdumeus
332 3230 424 3284 VRPo
483 3230 501 3282 2
525 3228 616 3283 Dauid
639 3229 715 3283 VPE
737 3229 778 3281 dd
805 3227 829 3278 R
881 3230 1034 3336 absolutius
1059 3249 1089 3283 ea
1111 3231 1249 3284 absolutio

119 3369 145 3398 m.
161 3352 220 3405 2V
260 3351 436 3406 4mulornm
461 3369 491 3404 ct
511 3350 648 3404 malorum
669 3369 701 3403 m.
724 3348 744 3404 3
771 3351 796 3404 V
837 3351 853 3402 5
872 3351 953 3404 uenia
962 3355 1019 3405 tem
1040 3369 1106 3405 corr.
1129 3370 1161 3405 ut.
1185 3351 1205 3404 2
1227 3352 1253 3406 V

118 3438 262 3493 oteipbh
282 3440 307 3491 P
365 3438 393 3490 in
422 3437 533 3490 domino
560 3435 599 3504 (in
618 3455 700 3508 surpra
721 3435 781 3504 scr.)
802 3437 828 3490 R
881 3441 896 3491 7
923 3443 953 3492 et
976 3438 1143 3493 manducare
1170 3437 1249 3493 dedit

118 3523 154 3576 illi
169 3525 217 3578 PE
266 3524 345 3579 dedit
362 3522 612 3592 cei-alienigenae
637 3527 663 3577 in
686 3541 771 3592 morp.
791 3524 868 3591 inser.
881 3524 1069 3580 odd.m.2V
1117 3525 1249 3578 Salleni-

118 3627 176 3678 gene
200 3611 289 3683 (cupa
307 3629 375 3665 aas.
392 3621 460 3665 sunt.
479 3612 525 3664 litt.
544 3607 620 3678 nipe)
641 3610 667 3664 R
737 3610 817 3665 dedit
840 3611 867 3665 ei
890 3612 917 3664 R
985 3613 1003 3666 9
1027 3617 1056 3666 et
1074 3612 1201 3665 ciuitates
1225 3613 1251 3665 P

119 3715 242 3784 ldinqnid
256 3713 317 3771 VR¹
370 3714 498 3769 Idomene
513 3716 539 3769 V
589 3703 884 3784 rumcogintaectn
932 3715 1211 3771 l2eluteaelatm.2
1227 3717 1253 3770 V

119 3801 178 3855 ettad
200 3823 229 3858 cc
250 3802 324 3858 eliud
349 3820 382 3855 nt.
406 3801 427 3854 3
450 3803 489 3910 Ιί11
529 3801 622 3870 (lapid
645 3800 734 3868 LXX)
764 3801 837 3856 effod
866 3823 885 3852 α
908 3803 999 3871 ephod
1023 3803 1059 3855 Pe
1111 3803 1192 3858 Nota
1218 3821 1249 3858 et

117 3921 186 3977 Noua
202 3945 232 3978 m.
250 3925 270 3978 2
286 3925 312 3978 V
364 3927 398 3980 14
412 3927 607 4000 'eataestorum
626 3943 658 3978 m.
678 3922 745 3978 211
795 3923 864 3978 fides
888 3929 979 3978 estex
1001 3924 1070 3979 fides
1089 3930 1168 3979 etm.
1187 3925 1204 3978 1
1225 3925 1253 3980 V

118 4009 194 4064 titum
211 4029 226 4065 a
242 4013 342 4067 bsalmi
355 4012 438 4066 titulo
453 4010 546 4079 (titulo
559 4029 589 4064 ea
600 4011 716 4064 titulum
728 4029 761 4063 m.
775 4009 805 4078 2)
823 4011 847 4064 V
863 4017 972 4065 tantum
984 4012 1086 4080 psalmi
1098 4011 1212 4066 titulum
1228 4011 1252 4060 P

119 4098 145 4148 15
161 4099 304 4166 profeticac
319 4099 368 4152 VR
422 4101 455 4152 16
473 4099 502 4152 in
515 4097 751 4166 superscribtione
766 4095 815 4150 VR
869 4100 901 4151 17
920 4097 1018 4165 inquid
1034 4099 1058 4152 V
1107 4101 1139 4153 21
1150 4098 1248 4153 ordine

118 4185 295 4250 posteriorem.
312 4185 337 4237 V
386 4181 633 4239 sentinarum
681 4185 715 4238 23
728 4183 859 4252 perfectis
869 4183 963 4252 undiq.
973 4183 996 4250 (s
1006 4185 1101 4254 undiq.
1111 4189 1139 4238 in
1147 4184 1247 4252 rualli

119 4271 232 4336 perfectis
250 4273 389 4340 undiquae
414 4271 449 4324 V¹
501 4273 537 4324 24
554 4276 650 4341 posset
673 4271 701 4324 V.

162 4393 229 4433 tutu.
243 4392 314 4434 llllar.
328 4393 385 4432 Pleu.
400 4403 453 4442 pura
466 4389 484 4431 ῐ.
