3075 4967
309 251 373 317 246
649 251 770 305 sancti
796 252 930 306 Hilarii
957 251 1118 321 episcopi

311 442 397 507 eius
435 442 612 518 inebria,
650 440 885 523 multiplica
926 443 1222 524 generationes
1268 445 1367 509 eius:
1408 446 1440 508 in

311 545 553 612 stillicidiis
577 546 664 612 sius
687 545 906 624 laetabitur,
930 566 1014 612 cum
1039 547 1257 614 exorietur.
1286 549 1384 614 omnis
1398 547 1442 613 hic

312 651 428 716 orantis
452 657 500 716 est
521 669 626 715 sermo
649 655 686 729 et,
709 655 744 714 ut
766 670 811 728 aa
835 669 904 732 quae
927 657 1170 716 commemorata
1192 659 1272 731 sunt,
1303 654 1377 718 deus
1397 673 1442 718 ex-

207 737 211 745 ’
312 753 404 835 pleat,
427 754 633 834 deprecantis.
679 759 762 819 terra
784 759 889 820 autem
912 753 1034 820 uisitata
1064 755 1216 821 inebriata
1240 763 1303 834 est;
1327 763 1357 822 ot
1377 776 1441 840 quo

273 888 285 924 ι
312 859 404 923 modo
427 877 509 924 nunc
541 858 600 924 riui
630 858 696 925 eins
730 858 944 924 inebriantur?
987 859 1044 924 sed
1077 860 1259 926 meminisse
1294 861 1443 938 debemus,

312 962 443 1044 quodsi
466 963 535 1046 quis
559 982 597 1027 er
619 981 699 1045 aqua
721 962 837 1026 domini
860 963 1021 1042 putauerit,
1046 963 1174 1028 flumina
1196 965 1235 1030 de
1258 971 1365 1030 uentre
1386 966 1445 1031 eius

312 1064 453 1131 effluent:
488 1085 564 1149 ergo
598 1066 754 1146 potatione
788 1084 876 1149 aquae
910 1087 986 1147 opus
1024 1073 1080 1141 est,
1117 1073 1151 1132 ut
1189 1069 1315 1135 flumina
1350 1069 1444 1136 fluant.

311 1169 502 1235 inebriamur
524 1176 627 1236 autem
651 1170 719 1250 ipsi,
743 1189 815 1235 cum
838 1170 980 1251 spiritum
1004 1177 1153 1252 sanctum,
1185 1173 1238 1257 qui
1269 1173 1383 1238 llnmen
1404 1179 1446 1238 est
1522 1237 1523 1240 ,

311 1281 513 1354 nuncupatus,
537 1274 714 1354 accipimus.
760 1271 883 1352 dehinc,
907 1274 979 1358 quia
995 1295 1033 1338 ax
1048 1275 1137 1340 nobis
1154 1277 1268 1342 diuersi
1284 1278 1443 1362 gratimmn
1522 1303 1523 1350 ι

261 1408 285 1442 ιι
311 1377 369 1443 riui
393 1383 547 1457 emanant,
570 1382 637 1443 orat
651 1376 811 1458 propheta
827 1384 861 1442 ut
876 1377 934 1442 hos
949 1378 1076 1444 eosdem
1093 1379 1236 1446 dominus
1251 1381 1397 1447 inebriet:
1418 1389 1447 1445 ut
1522 1375 1523 1426 ¹

313 1481 362 1548 his
377 1482 537 1548 inebriatis
553 1488 585 1548 et
599 1482 679 1547 dono
696 1481 791 1546 diuini
808 1481 945 1547 muneris
961 1481 1095 1562 perfusis
1110 1485 1327 1566 generationes
1343 1490 1447 1550 nostra

313 1585 563 1666 multiplicentur,
583 1591 665 1651 terra
684 1585 803 1652 scilicet
821 1587 902 1652 bona
921 1586 1092 1651 secundum
1112 1587 1325 1672 euangelicam
1344 1608 1447 1668 conpa-

313 1690 465 1755 ran'onem
481 1689 568 1754 uerbi
583 1710 693 1756 semen
708 1690 865 1770 excipiens
889 1690 1025 1755 fructu
1047 1690 1261 1756 tricesimo
1285 1699 1325 1758 et
1347 1713 1446 1758 sera·
1522 1731 1523 1738 ι

313 1794 469 1877 gesimo
493 1799 532 1860 et
554 1795 785 1860 centesimo
809 1794 946 1860 ditescat
992 1801 1041 1860 est
1059 1797 1447 1877 autemnobispersacra-

262 1927 287 1962 ιι
313 1903 453 1962 mentum
461 1898 609 1979 baptismi
620 1899 737 1964 renatis
745 1898 917 1964 maximum
925 1899 1081 1982 gaudium,
1091 1918 1162 1964 cum
1175 1900 1447 1983 quaedaminnobis

313 2000 439 2081 spiritus
461 2002 561 2068 sancti
583 2002 671 2066 initia
694 2003 854 2080 sentimus,
877 2023 948 2068 cum
972 2002 1082 2068 subeat
1104 2023 1160 2068 nos
1191 2010 1446 2070 sacramentorum

313 2104 536 2190 intellegentia,
560 2104 732 2186 prophetiae
755 2107 894 2184 scientia,
919 2126 1022 2171 sermo
1045 2108 1213 2188 sapientiae,
1237 2109 1304 2189 spei
1315 2108 1448 2182 firmitas,

314 2209 507 2275 sanationum
530 2209 720 2276 charismata
742 2215 776 2275 et
797 2211 829 2274 in
853 2211 1005 2276 daemonia
1028 2211 1166 2278 subiecta
1181 2211 1364 2278 dominatus.
1389 2212 1448 2276 hac
1522 2209 1523 2212 ’

314 2313 399 2377 enim
423 2319 583 2397 tamquam
605 2313 761 2379 stillicidia
794 2335 851 2380 uos
873 2321 1046 2394 penetrant,
1077 2335 1146 2398 quae
1176 2315 1324 2397 paulatim
1354 2320 1448 2398 ooepte

207 2477 210 2485 .
263 2445 287 2481 ao
315 2417 415 2482 fructu
438 2416 600 2499 multiplici
624 2419 801 2484 exuberant.
845 2418 878 2484 in
909 2417 958 2484 his
988 2438 1063 2502 ergo
1093 2418 1268 2498 stillicidiis,
1292 2441 1361 2486 cnm
1383 2441 1447 2484 erc·

315 2520 421 2602 rietur,
435 2529 517 2586 tarra
539 2521 700 2588 laetabitur.
745 2524 802 2588 sed
818 2521 973 2588 stillicidia
988 2522 1237 2604 multiplicantur,
1260 2531 1293 2590 ut
1308 2524 1364 2590 riui
1380 2525 1448 2601 sint;

315 2624 372 2688 riui
395 2630 499 2690 autem
521 2625 721 2705 inebriantur,
743 2632 778 2692 ul
800 2625 928 2692 fiumina
951 2627 1021 2692 sint.

361 2728 411 2792 16.
433 2726 634 2813 Consequens
656 2737 761 2795 autem
783 2735 839 2810 est,
862 2736 897 2795 ut
915 2750 1041 2796 omnem
1057 2732 1303 2812 expectationem
1318 2738 1447 2798 nostram

315 2831 466 2913 propheta
488 2833 652 2899 confirmet
674 2840 705 2899 et
727 2834 845 2911 doceat,
869 2834 944 2917 quid
968 2835 1119 2900 montium
1149 2837 1339 2916 praeparatio,
1367 2835 1448 2901 fundi
1522 2861 1523 2908 3

263 2963 288 3000 u
316 2936 411 3002 maris
433 2937 573 3014 turbatio,
598 2945 688 3003 terra
710 2937 844 3003 uisitatio
867 2948 898 3002 et
921 2938 985 3003 eius
1009 2938 1180 3016 inebriatio,
1203 2939 1338 3006 fluminis
1355 2939 1449 3022 pleni·

317 3040 389 3104 tudo
412 3041 686 3108 consummationis
709 3040 853 3106 habitura
876 3042 946 3107 sint.
991 3044 1083 3108 docet
1110 3043 1215 3127 itaque
1244 3045 1276 3110 in
1299 3044 1356 3123 his,
1384 3063 1450 3128 qua

316 3149 529 3222 consecuntur,
553 3145 676 3210 docus:
699 3145 933 3224 benedices,
958 3145 1127 3224 domine,
1151 3167 1339 3213 coronam
1360 3149 1448 3214 anni

317 3247 596 3331 benignitatis
621 3255 701 3327 tua,
724 3255 764 3315 et
788 3250 919 3330 campi
952 3251 1010 3315 tui
1044 3251 1316 3331 replebuntur
1343 3254 1449 3320 uber·

316 3357 409 3416 tate.
453 3351 1306 3437 pinguescentfinesdeserti‚exultatione
1328 3356 1448 3423 colles

314 3465 317 3470 ¹
360 3475 393 3528 13
410 3473 510 3528 Meton.
529 3475 602 3541 XHI,
621 3477 651 3541 83
669 3477 712 3530 118.

360 3577 422 3631 lin
440 3578 590 3633 stillicidiis
617 3579 676 3633 eius
700 3580 751 3631 VE
775 3579 805 3631 in
832 3579 983 3633 stillicidiis
1001 3579 1054 3632 ΒΡ
1103 3580 1332 3648 4depraecantis
1350 3581 1376 3634 R
1424 3585 1450 3632 et

702 3675 712 3703 Ι

316 3717 483 3786 quodnunc
502 3718 528 3769 P
577 3718 703 3785 dsiqni
729 3735 796 3772 corr.
823 3717 937 3771 alls
964 3717 988 3771 si
1014 3717 1062 3785 qni
1090 3717 1132 3770 Pa
1185 3719 1449 3788 1-pctsueritin

317 3821 368 3857 ros.
388 3823 420 3858 m.
439 3802 459 3856 3
477 3805 503 3856 R
554 3803 704 3859 'leffiueut
730 3822 760 3858 a
787 3803 919 3859 elflusent
937 3805 963 3857 R
981 3802 1095 3858 diluant
1113 3805 1156 3858 Pa
1209 3805 1293 3873 equi
1310 3825 1379 3878 supr.
1403 3821 1449 3858 scr.

317 3909 348 3944 m.
369 3891 385 3942 l
405 3891 430 3942 P
479 3889 582 3945 fluuius
610 3909 640 3944 aa
665 3891 769 3945 flumen
796 3911 829 3946 m.
848 3889 869 3946 3
887 3893 913 3944 R
930 3890 1031 3945 fluuius
1051 3891 1104 3943 PE
1156 3893 1188 3945 111
1205 3889 1450 3962 euuangeliosmll

316 3975 446 4043 (euigelii
463 3974 497 4044 V)
550 3979 584 4031 la
601 3975 772 4044 (tricensimo
791 3986 819 4032 et
837 3978 1009 4048 sexagesimo
1027 3980 1056 4030 et
1074 3977 1225 4032 centesimo
1242 3978 1275 4044 V)
1329 3981 1361 4033 18
1377 3993 1449 4031 sana·

316 4062 395 4116 tioull
413 4061 465 4127 (ull
482 4065 510 4116 ia
527 4081 581 4117 ras.
598 4062 632 4130 3)
651 4065 678 4117 R
733 4067 764 4119 la
782 4068 947 4133 pseusti-ant
966 4062 1006 4129 P(
1011 4065 1045 4128 V)
1099 4066 1134 4118 20
1151 4063 1182 4118 1ιι
1203 4064 1246 4119 his
1273 4065 1358 4133 igitur
1375 4063 1411 4128 P(
1419 4063 1448 4128 V)

315 4149 350 4200 95
368 4149 491 4202 turbatio
510 4148 551 4215 (io
568 4151 596 4203 ia
614 4148 681 4216 ros.)
695 4151 722 4204 R
775 4155 803 4205 st
821 4150 943 4204 fluminis
954 4151 1006 4203 PE
1056 4153 1090 4204 27
1108 4151 1249 4206 benedicis
1261 4152 1316 4206 dr're
1328 4166 1448 4206 eoronam

322 4235 348 4286 V
360 4235 508 4290 benedicas
526 4252 656 4291 coronam
675 4237 754 4290 RPE
804 4239 838 4290 29
856 4244 884 4291 et
902 4237 1073 4292 exultatione
1093 4239 1125 4290 Ε.
