3075 4967
465 301 644 352 tractatus
663 299 697 352 in
716 300 889 368 psalmum
906 264 1030 357 valrr.
1250 309 1310 374 331

213 483 263 551 20·
289 495 353 561 Sed
376 495 457 560 hanc
480 513 587 560 eorum
610 492 755 558 ebcaeeati
780 491 882 556 cordis
905 493 1099 560 inscientiam
1129 497 1189 563 alie
1222 500 1314 564 etiarn

169 601 283 666 debitae
320 599 446 664 ultionis
484 617 576 680 poens
613 597 819 681 consequitur.
880 597 1051 665 effunde
1089 621 1213 682 super
1250 624 1314 670 sos

169 705 268 768 iram
294 711 409 782 tuam,
433 709 470 768 et
492 701 687 767 animatio
709 701 778 766 irae
802 707 875 766 tuae
906 703 1216 784 conprehendat
1238 728 1314 774 eos.

170 811 246 874 i'iet
280 809 488 874 habitatio
523 827 653 872 eerunr
677 807 853 885 deserte,
886 813 925 872 et
957 808 995 872 in
1030 811 1316 878 tabernaculis

170 933 303 978 eorum
337 911 499 992 nonsit,
530 911 595 996 qui
620 909 837 976 inhabitet.
883 911 913 975 in
937 912 984 976 ira
1007 914 1057 978 dei
1079 934 1179 996 poenae
1201 919 1314 982 cunsti-
1353 943 1367 983 s

170 1017 330 1096 tutionem,
364 1037 425 1081 nen
460 1023 573 1080 monn
606 1015 700 1078 enimi
731 1016 771 1079 ed
802 1015 926 1081 ultionis
948 1015 1138 1083 uoluntatem
1172 1022 1316 1086 exardes-

170 1123 271 1186 centis
293 1119 465 1204 signifieari
488 1139 570 1200 srepe
594 1121 801 1196 tractauimus,
826 1139 919 1204 quarn
945 1141 1006 1186 non
1030 1123 1133 1188 subito
1155 1126 1317 1206 puniturus

169 1225 356 1302 intenderet,
379 1225 489 1290 sedin
513 1243 606 1308 quem
628 1241 718 1304 poens
741 1223 855 1308 dignus
877 1226 1035 1291 incideret.
1081 1230 1194 1294 mansit
1215 1237 1317 1296 antem

172 1329 241 1395 hoec
264 1350 284 1394 e
308 1328 465 1410 prophetis
488 1327 632 1393 omnibus
648 1327 719 1392 hnic
735 1328 822 1412 genti
836 1328 940 1410 irnpiae
956 1331 1137 1397 denuntiate
1152 1334 1317 1400 damnatio.

171 1453 244 1498 nem
270 1452 381 1499 euersa
409 1453 479 1497 mor
509 1453 545 1498 ee
569 1432 670 1497 diruta
703 1433 826 1498 ciuitate
860 1432 953 1499 deleti
987 1441 1060 1499 sunt
1093 1435 1317 1520 gloriosissimo
1345 1464 1370 1500 n

170 1537 224 1602 illo
246 1537 354 1619 templi
377 1535 459 1602 cultu
480 1535 582 1602 deleto
605 1541 777 1620 ornatuque
801 1536 945 1603 detractu.
991 1545 1021 1604 et
1042 1540 1113 1605 ideo
1129 1541 1318 1609 habitatione

171 1643 298 1708 deserta
320 1642 351 1706 in
376 1640 579 1707 tabernaculis
602 1661 708 1706 eorum
731 1640 833 1707 nullus
855 1641 1017 1708 habitabit.

217 1745 270 1811 21.
294 1745 411 1811 Verum
434 1745 536 1811 adhuc
558 1745 728 1810 seeundum
752 1745 918 1827 impietatis
944 1746 1136 1814 incrementa
1157 1751 1320 1832 prophetie

171 1870 298 1934 quoque
331 1868 431 1930 poenae
462 1855 492 1913 et
522 1847 645 1913 ultionis
669 1849 853 1914 extenditur.
899 1852 1098 1933 quoniam,
1133 1875 1246 1937 quem
1280 1863 1319 1920 tu

170 1954 435 2036 percussisti,
466 1953 676 2035 persecuti
710 1960 804 2018 sunt
832 1961 870 2019 et
892 1975 1014 2036 super
1037 1956 1217 2024 dolorem
1239 1960 1319 2025 uul-
1347 1983 1372 2021 rs

170 2077 309 2124 nerum
346 2077 523 2123 meorum
561 2058 821 2124 addiderunt.
867 2079 1021 2141 eppone
1055 2062 1320 2145 iniquitatem

172 2183 297 2244 super
321 2161 586 2245 iniquitatem
609 2162 797 2244 ipsorum,
814 2174 940 2228 etnon
964 2166 1122 2231 intrent
1144 2168 1182 2231 in
1206 2169 1320 2234 iusti-

174 2269 274 2332 tiam
297 2273 413 2332 tuam.
460 2266 676 2332 deleantur
699 2267 744 2331 de
778 2266 884 2331 libro
907 2269 1133 2335 uiuentium
1167 2277 1205 2337 et
1238 2293 1321 2337 eum

173 2372 300 2436 iustis
339 2391 414 2435 non
454 2371 705 2449 scribantur;
759 2391 881 2436 eausam
921 2375 1112 2455 apponendae
1150 2376 1321 2460 iniquitatis

173 2495 270 2559 snper
303 2474 493 2559 iniquitatem
528 2475 663 2555 ipsorum
695 2481 726 2540 et
754 2474 926 2556 repellendi
959 2498 1021 2555 eos,
1055 2499 1096 2543 ne
1119 2479 1151 2542 in
1173 2481 1321 2545 iustitiam
1348 2500 1373 2540 n

173 2581 336 2657 intrarent,
359 2587 389 2644 et
405 2578 545 2644 delendis
568 2579 608 2643 de
630 2579 799 2643 uiuentium
822 2578 900 2644 libro
921 2601 983 2646 non
999 2583 1234 2667 scribendisque
1254 2605 1322 2650 curn

173 2684 266 2748 iustis
289 2703 359 2748 eam
383 2703 452 2748 esse
476 2683 701 2762 demonstrans,
726 2685 815 2767 quod,
850 2705 942 2768 quern
973 2687 1050 2751 deus
1071 2689 1265 2767 percusserit,
1289 2689 1322 2754 hi

176 2787 332 2868 persecuti
366 2787 427 2852 sint
450 2793 480 2851 et
503 2806 595 2868 super
626 2785 764 2852 dolorem
797 2787 958 2854 uulnerum
993 2809 1115 2856 enorum
1146 2793 1324 2859 addiderint

176 2893 259 2976 quod
283 2889 408 2956 doleret.

220 2996 273 3060 22.
298 2995 339 3060 Et
362 2995 442 3061 forte
465 3016 524 3060 non
554 2995 673 3072 iniuste,
709 3015 802 3079 quem
836 2996 913 3061 deus
943 3001 1139 3078 percusserit,
1168 3003 1375 3082 persecutis

175 3119 247 3167 esse
280 3100 460 3178 uideantnr;
506 3119 542 3165 ac
577 3099 616 3164 de
649 3099 708 3176 his,
744 3120 812 3184 quse
842 3121 1030 3182 percussae
1058 3105 1116 3169 dee
1145 3105 1215 3183 sint,
1249 3108 1323 3190 quid

220 3227 233 3276 l
254 3221 431 3304 inscientium
450 3223 505 3276 alia
523 3223 549 3275 Τ
565 3221 711 3276 inscientia
728 3222 795 3276 maii
806 3223 832 3275 R
843 3223 983 3277 inscitiam
1001 3225 1056 3278 alia
1068 3227 1213 3281 Pscitiam
1232 3230 1287 3282 alia
1304 3231 1326 3279 t'

177 3325 439 3396 3conpraehendet
471 3327 546 3380 VRP
595 3327 703 3380 binire
730 3327 776 3380 dei
802 3327 828 3380 R
880 3345 969 3396 poene
996 3331 1194 3385 constitutione
1220 3349 1325 3387 nouum

176 3419 257 3468 metir
282 3415 305 3468 V
356 3414 582 3467 dexerdescenti
609 3413 630 3464 V
680 3416 804 3482 &poene
827 3415 853 3466 P
874 3432 990 3483 poenam
1017 3418 1076 3469 Vite
1131 3422 1163 3473 10
1181 3418 1280 3473 deruta
1304 3421 1329 3473 V

177 3500 295 3584 delegiti
313 3499 455 3554 carr.m.2
471 3501 495 3552 Τ
547 3503 576 3553 11
597 3502 674 3554 cultu
693 3500 836 3555 delicteV
885 3509 1019 3571 ornetnq;
1038 3503 1081 3572 (q;
1099 3507 1176 3558 inse.
1196 3505 1326 3573 medis

177 3605 309 3660 detractu
334 3605 360 3658 V
410 3607 443 3658 12
459 3604 599 3658 habitauit
623 3605 685 3658 We
711 3604 904 3660 habitffifinit
923 3607 949 3658 Ρ
1001 3609 1033 3662 13
1050 3609 1171 3677 profetia
1197 3611 1325 3678 Vprose-

177 3693 236 3745 tiae
254 3691 281 3744 P
333 3693 367 3746 15
385 3690 480 3745 dolore
500 3709 530 3744 ee
547 3691 645 3745 dolurt
664 3709 696 3744 m.
716 3693 732 3743 1
756 3693 782 3744 V
831 3693 979 3747 uulnerum
1006 3710 1101 3748 eorum
1120 3696 1147 3748 P
1197 3699 1230 3750 18
1248 3702 1326 3749 tuem

821 3791 831 3817 Ι

178 3833 241 3884 edd.
265 3849 298 3883 m.
323 3828 345 3883 2
370 3829 396 3882 V
447 3831 479 3884 19
497 3846 580 3883 censa
606 3831 633 3882 P
683 3830 826 3898 iniquitati
851 3850 919 3886 corr.
943 3832 1020 3886 na?
1049 3835 1072 3886 Γ
1120 3837 1156 3889 20
1173 3835 1327 3904 repellendi

180 3923 243 3979 (ona
257 3916 295 3984 et)
315 3917 342 3970 P
356 3917 546 3986 repellendiq:
565 3917 589 3968 Τ
640 3919 673 3969 21
693 3917 804 3972 delendi
816 3919 840 3970 Τ
852 3922 920 3988 qaod
936 3919 989 3986 (uel
1006 3921 1117 3975 delendi
1130 3920 1189 3985 eos)
1207 3934 1326 3991 expectes,

179 4007 233 4058 aed.
253 4005 287 4073 cf.
307 4004 365 4056 lad.
383 4021 401 4057 e.
422 4023 446 4056 n.
465 4005 576 4056 arenario
629 4019 684 4056 non
698 4023 771 4074 supr.
784 4023 835 4059 scr.
848 4007 873 4059 R
925 4007 1155 4076 scribendiqueT
1205 4011 1240 4063 22
1258 4027 1290 4063 ea
1306 4011 1330 4062 V

179 4087 213 4145 ’δέ
231 4109 302 4161 supr.
321 4109 370 4144 scr.
390 4093 415 4144 R
468 4091 659 4144 demonstrans
672 4089 732 4156 (ens
743 4094 771 4146 in
784 4111 851 4146 aere.
866 4094 1157 4162 maismacensem
1208 4098 1244 4150 23
1261 4102 1327 4151 sunt

184 4179 263 4234 RPE
314 4177 440 4232 dolorem
464 4195 536 4247 erepr.
558 4194 607 4231 scr.
627 4197 659 4232 m.
679 4179 739 4232 112
792 4196 906 4234 suorum
924 4198 954 4232 ee
971 4181 1066 4248 ipsord
1084 4200 1117 4234 m.
1136 4184 1153 4234 1
1170 4184 1197 4236 R
1249 4183 1327 4237 addi·

184 4304 285 4357 derunt
304 4299 386 4366 (W)
406 4301 420 4352 b
473 4299 507 4352 25
522 4263 618 4354 ¹¹¹iuste
638 4301 664 4352 P
678 4299 799 4355 iniustae
823 4303 878 4355 VR.
