3075 4967
300 263 342 328 76
640 263 757 316 suncti
783 263 920 317 Hilarii
944 263 1107 332 episcopi

300 453 331 516 in
355 453 416 518 fine
441 458 495 530 est,
519 453 601 536 quod
632 473 768 533 praesons
792 460 915 534 tempus
939 451 1074 528 excodit;
1097 451 1171 534 quia
1193 451 1264 516 finis
1287 471 1325 515 er
1346 451 1435 516 omni·

300 557 366 634 bus,
390 577 450 620 θοθ
474 575 512 621 ex
533 555 596 622 fine
626 555 744 620 omniu:
777 557 922 621 desinunt
951 556 1036 620 enim
1064 556 1095 619 in
1127 575 1164 619 eo
1194 561 1311 631 cuncto,
1345 561 1435 620 otest

300 661 457 743 quoddam
491 661 534 725 rei
569 667 645 724 outre
681 660 809 725 dictaeuo
843 668 1051 741 postremum
1085 666 1116 723 et
1149 659 1208 723 nisi
1233 661 1264 723 in
1294 679 1332 724 eu
1353 658 1434 722 totius

300 765 507 828 uniuersitatis
530 765 727 844 postremitas
759 765 825 840 orit,
855 783 917 827 θοθ
940 765 999 828 orit
1020 762 1108 840 finis;
1139 764 1211 846 quio
1241 782 1367 828 necesso
1395 770 1435 826 est

260 899 272 934 s
301 887 359 930 θοθ
384 887 452 932 osse
485 866 637 941 ultimum,
674 867 755 950 quod
790 867 869 931 uitro
892 889 926 932 sc
949 867 1063 930 hubent
1096 866 1213 950 uliquid
1247 874 1435 947 postremum.

300 991 336 1034 cx
359 991 419 1054 quo
442 969 696 1053 intellegendum,
720 973 926 1054 quotiensque
948 969 1053 1035 titulus
1081 969 1177 1035 habet
1198 970 1237 1034 iu
1268 970 1359 1048 fine
1382 989 1434 1034 θοθ

301 1075 463 1154 praesentio
496 1075 527 1137 in
562 1074 619 1148 bis,
655 1075 710 1138 sed
744 1074 854 1139 ultima
884 1075 1043 1139 contineri.
1089 1073 1207 1138 occulto
1240 1081 1341 1138 autem
1364 1079 1436 1140 sunt.

300 1197 369 1260 quae
392 1177 572 1242 absconditu
595 1189 626 1242 et
648 1178 776 1242 latentis
798 1183 878 1256 sunt,
901 1198 1032 1262 quaeque
1054 1176 1221 1242 reconditis
1237 1183 1267 1242 et
1283 1178 1437 1242 inaccessi-

300 1279 412 1346 bilibus
435 1287 466 1346 et
500 1281 789 1363 inperspicsbilibus
819 1280 996 1346 occuluntur
1026 1283 1150 1365 sintque
1180 1281 1208 1345 ei
1239 1287 1368 1363 tontum,
1390 1281 1437 1364 qui

249 1417 273 1452 lo
303 1385 481 1464 condiderit,
497 1391 651 1467 conperto,
676 1391 727 1450 aut
749 1386 810 1450 nisi
832 1405 903 1451 cum
926 1385 1081 1469 aliquibus
1104 1386 1322 1469 cognoscendo
1343 1394 1439 1469 protu-

301 1488 379 1552 lerit.
425 1509 500 1573 ergo
533 1489 672 1573 psalmus
703 1489 882 1554 inscribitur
920 1489 958 1553 in
997 1489 1122 1554 finem
1159 1510 1230 1574 pro
1261 1488 1439 1554 occultis.

301 1597 332 1656 et
355 1594 428 1675 quis
450 1613 487 1657 er
509 1599 618 1658 nutum
640 1613 752 1670 rorum,
766 1593 1074 1677 quidintellegentim
1090 1594 1120 1657 in
1145 1595 1321 1658 nominibus
1343 1593 1439 1656 sinis

281 1691 637 1780 'occultorumque
667 1697 715 1772 sit,
746 1697 898 1773 uidemus,
929 1717 980 1762 res
1004 1699 1097 1778 ipsse,
1121 1719 1190 1781 qum
1213 1699 1245 1762 in
1268 1697 1330 1761 fine
1352 1704 1440 1779 utque

301 1798 428 1865 occultis
451 1800 521 1878 sint,
545 1802 688 1865 conuenit
711 1800 862 1882 explicari.

249 1935 273 1971 ιο
346 1905 372 1968 3.
396 1902 436 1968 Et
459 1905 498 1968 de
521 1903 571 1968 his
595 1905 721 1988 quidem
751 1906 838 1970 test-is
869 1912 916 1969 est
945 1905 1033 1970 nobis
1057 1905 1164 1970 beatus
1187 1904 1342 1986 spostolus
1367 1904 1439 1968 Pou-

300 2007 347 2072 lus
377 2008 419 2072 itu
453 2009 575 2073 dicens:
610 2014 728 2092 prout
761 2008 951 2092 legentes
986 2011 1163 2090 potestis
1195 2009 1440 2092 intellegere

300 2111 557 2177 intellectum
597 2132 723 2177 meum
762 2114 799 2177 in
842 2122 1103 2178 sacramento
1138 2111 1303 2190 Christi,
1341 2113 1440 2196 quod

300 2215 395 2280 oliis
434 2215 688 2298 temporibus
727 2237 801 2280 θοθ
833 2223 895 2281 ost
931 2219 1140 2300 cognitum
1179 2216 1288 2282 siliis
1323 2215 1442 2282 homi·

300 2339 404 2398 num,
442 2321 549 2385 sicut
586 2341 688 2386 nunc
725 2320 951 2386 reuelatum
992 2327 1062 2386 est.
1108 2329 1140 2386 et
1177 2341 1314 2385 rursum:
1346 2318 1440 2384 mihi

248 2452 273 2490 ιο
301 2425 463 2488 minimo
486 2426 660 2488 omniurn
684 2431 918 2489 sanctorum
942 2425 1023 2489 haeo
1046 2425 1181 2508 gratio
1204 2425 1298 2489 duta
1321 2429 1384 2489 est
1404 2424 1441 2488 in

300 2527 508 2612 gentibus,
554 2527 847 2613 euangelizore
899 2527 1227 2612 inuestigobiles
1272 2527 1441 2594 diuitias

301 2629 458 2696 Christi
489 2639 527 2696 ot
556 2630 814 2715 inluminare,
846 2653 929 2716 quae
953 2633 1007 2697 sit
1037 2632 1285 2697 distributio
1315 2651 1441 2696 soora-

300 2736 423 2800 menti
447 2737 543 2810 oius.
560 2736 666 2818 quod
689 2735 973 2801 absconditum
999 2743 1060 2801 ost
1082 2755 1100 2799 u
1123 2736 1285 2801 socculis
1308 2735 1348 2800 in
1372 2737 1442 2800 deo.

300 2839 358 2904 hoc
382 2845 430 2904 est
452 2839 547 2924 igitur
577 2839 738 2917 occultum,
774 2840 813 2905 de
847 2860 907 2923 quo
941 2851 971 2904 et
1004 2841 1147 2904 dominns
1181 2840 1239 2905 ait:
1274 2859 1351 2904 non
1385 2846 1442 2904 ost

247 2969 272 3008 is
299 2945 548 3020 absconsum,
574 2943 680 3026 quod
703 2963 780 3008 θοθ
803 2950 1084 3028 cognoscatur.
1102 2964 1231 3028 neque
1253 2951 1442 3024 oportum.

300 3048 404 3131 quod
433 3067 509 3111 non
539 3047 810 3113 reuelebitur.
856 3049 911 3113 scd
942 3047 1080 3129 psalmus
1114 3047 1276 3114 occultu
1298 3049 1443 3123 continet,

300 3171 362 3215 non
385 3150 544 3217 occultum.
588 3157 672 3218 recte
687 3153 747 3217 itu:
770 3172 844 3217 num
868 3152 1090 3236 consequentia
1112 3152 1223 3221 docent
1237 3151 1325 3236 plura
1341 3151 1442 3228 fuisse

299 3274 361 3319 non
383 3253 505 3320 unum.¹
533 3261 581 3320 est
611 3256 694 3321 onim
724 3255 883 3335 occultum,
915 3257 1007 3322 deum
1036 3256 1145 3322 solutis
1175 3255 1319 3322 humsnae
1354 3273 1442 3321 consu

300 3377 360 3423 θοθ
394 3359 426 3422 in
460 3359 575 3424 caelesti
609 3359 708 3444 glorie
737 3366 768 3425 et
802 3360 939 3426 claritate
961 3361 1095 3426 nominis
1129 3361 1175 3425 sui
1210 3359 1356 3438 admisse,
1390 3358 1441 3425 sed

344 3501 377 3552 ιο
394 3497 495 3565 npnes.
514 3497 562 3561 ιιι,
580 3500 605 3551 4.
643 3501 675 3552 ιο
694 3498 764 3552 run.
784 3501 809 3566 ο,
828 3501 853 3552 θ.
889 3501 925 3552 er
941 3499 1153 3564 Matinium.

342 3635 517 3708 iienimsup.
536 3639 581 3690 lan.
601 3655 617 3690 o
636 3637 707 3690 ou?
731 3639 756 3692 V
805 3638 835 3691 in
853 3653 886 3691 eu
908 3638 982 3708 Vos.
1002 3639 1216 3691 NencFomreol.
1235 3637 1442 3705 L672iuoorb

300 3722 460 3777 &estexin
473 3728 516 3778 est
528 3741 594 3777 corr.
608 3743 640 3778 m.
655 3723 675 3776 2
692 3724 718 3776 V
766 3727 882 3793 Baptae
906 3725 942 3778 Vr
995 3725 1139 3779 dioteeuee
1157 3743 1187 3778 cr
1205 3721 1445 3794 dictaeq.m.21'

300 3813 328 3863 et
355 3827 384 3862 ex
411 3813 439 3863 et
464 3829 496 3864 m.
520 3810 540 3863 2
569 3811 595 3863 V
652 3811 669 3863 5
693 3827 752 3864 esse
776 3829 834 3882 sup.
852 3813 896 3864 lin.
915 3829 933 3864 o
951 3811 1022 3865 οι.2
1051 3811 1078 3864 V
1132 3811 1353 3880 dquotiensque
1377 3810 1442 3878 Vos.

301 3913 365 3966 quoe
382 3898 436 3950 dici
454 3897 535 3950 Acud.
550 3916 579 3968 p.
599 3897 638 3952 29
661 3899 889 3967 quotiescumque
907 3899 937 3952 rb
989 3898 1087 3953 titulos
1110 3897 1214 3954 habent
1231 3919 1247 3952 r
1299 3900 1316 3951 9
1334 3898 1442 3966 sintque

300 3981 326 4036 ei
350 3982 418 4036 Vin
436 3999 506 4052 quse
524 3989 553 4038 et
570 4004 586 4037 r
638 3988 672 4040 lo
689 3985 859 4054 protulerint
881 3986 919 4040 Vr
972 3989 1005 4041 le
1022 3985 1149 4040 uidemus
1165 3987 1260 4056 scripsi
1275 3981 1445 4040 cedemusV

300 4067 405 4122 aedem'
430 4089 445 4122 r
468 4075 497 4125 et
521 4069 621 4125 deinde
645 4072 659 4125 b
683 4070 821 4127 edidimus
843 4075 908 4126 coni.
927 4073 1023 4126 Bened.
1051 4075 1080 4125 in
1102 4075 1163 4125 udo.
1188 4073 1224 4139 cf.
1249 4073 1332 4126 Aoud.
1353 4091 1383 4142 p.
1404 4067 1441 4124 93

302 4156 334 4210 15
346 4155 486 4224 apotolus
498 4175 555 4228 cup.
568 4159 612 4212 lin.
626 4176 642 4211 a
655 4158 720 4212 ιιι.2
736 4159 762 4212 V
802 4159 904 4213 Paulus
917 4177 965 4214 om.
978 4161 1008 4212 rb
1054 4161 1088 4213 19
1096 4159 1252 4213 releuatum
1267 4157 1294 4212 V
1334 4156 1440 4212 michir

300 4245 336 4295 24
352 4247 395 4297 est
413 4259 480 4312 ergo
497 4246 528 4297 rb
580 4247 614 4300 25
633 4245 763 4300 sbcosnm
787 4247 813 4300 V
856 4249 891 4300 29
909 4246 1022 4300 coelesti
1040 4264 1071 4299 ex
1088 4245 1219 4300 coelestio
1235 4245 1304 4297 ml
1328 4245 1358 4299 V.
