3075 4967
289 260 354 326 460
633 262 748 316 sancti
772 263 905 317 Hilarii
929 261 1093 331 episcopi

291 472 351 538 qua
372 454 502 517 uerbum
525 454 575 518 dei
598 472 723 518 manere
747 459 781 518 ut
803 453 835 517 in
858 452 933 518 ceto
955 452 998 517 ita
1021 458 1053 517 et
1073 452 1105 515 in
1125 453 1243 518 sanctis
1259 452 1421 517 hominibus

291 557 511 635 existimamus,
534 576 641 622 uersus
665 556 724 635 hic,
748 559 800 640 qui
823 559 1029 641 consequitur,
1051 556 1223 623 confirmat.
1267 558 1422 622 nonenim

289 662 346 727 ait:
380 642 679 747 ingenerationem
710 662 918 746 generationis
952 670 1004 727 aut
1025 682 1044 725 a
1066 662 1318 746 generationibus
1339 680 1421 745 gene

290 768 523 843 rationumsed
547 767 916 850 ingenerationem
940 772 979 830 et
999 766 1311 850 generationem
1333 766 1423 829 nari·

250 896 263 933 a
290 877 351 935 tas
386 878 458 935 tua.
505 878 668 954 utramque
700 871 935 954 generationem
957 869 1089 951 simplici
1113 869 1340 954 significatione
1360 888 1421 935 aon-

290 982 446 1039 memorat
475 976 551 1040 duas
566 976 661 1059 igitur
673 975 890 1058 generationes
905 975 936 1038 in
953 974 1072 1040 duobus
1088 973 1209 1056 populis
1225 974 1422 1057 cognouinms,

291 1098 421 1162 quorum
454 1098 532 1144 unus
556 1085 602 1144 est
626 1079 703 1163 tegis
727 1086 758 1144 at
781 1078 1011 1159 prophetarum,
1035 1077 1113 1143 atius
1136 1084 1185 1143 eat
1206 1077 1423 1162 euangeliorum
1526 1147 1527 1154 q

290 1188 320 1247 et
332 1182 545 1266 apostolorum.
584 1184 698 1248 ueritas
711 1203 786 1267 ergo
798 1183 847 1247 dei
860 1184 892 1246 in
904 1182 977 1247 solis
989 1182 1040 1246 his
1052 1183 1171 1247 duabus
1183 1182 1424 1267 generationibus

291 1300 403 1351 manet.
448 1288 503 1352 sed
527 1308 597 1353 curn
619 1288 703 1368 prior
725 1287 885 1371 generatio
907 1287 1068 1351 ueritatem
1085 1287 1134 1350 dei
1149 1288 1231 1351 intra
1245 1306 1280 1351 se
1294 1286 1424 1361 haberet

237 1416 263 1453 ιο
290 1389 374 1455 nulla
396 1391 456 1456 alia
479 1398 544 1457 turn
568 1392 684 1457 habuit.
731 1398 820 1457 erant
842 1391 927 1456 enim
943 1390 1047 1471 plures
1061 1392 1280 1475 generationes
1295 1390 1424 1475 gentium

290 1504 384 1578 atque
406 1495 594 1577 populorum.
640 1502 670 1561 et
692 1515 774 1561 nunc
798 1516 866 1559 cum
890 1494 959 1561 haec
981 1496 1091 1560 eadem
1115 1494 1273 1579 generatio
1306 1494 1426 1578 indigna

290 1599 413 1674 exstitit,
448 1600 478 1663 in
514 1619 574 1683 qua
606 1600 722 1664 ueritas
745 1600 796 1665 dei
826 1609 918 1668 esset.
941 1598 1023 1664 hanc
1046 1600 1176 1664 eandem
1200 1599 1249 1664 dei
1273 1600 1425 1663 ueritatem

290 1712 403 1784 praetar
437 1722 513 1780 eam,
552 1723 620 1787 quae
660 1704 829 1788 euangeliis
867 1704 1006 1781 credidit,
1045 1723 1107 1769 non
1145 1703 1241 1768 habet
1277 1703 1337 1767 alia
1373 1700 1426 1766 ulla

290 1808 458 1891 generatio.

237 1936 262 1974 ιι
334 1911 363 1975 t.
389 1911 534 1995 Sequitur
566 1932 654 1976 uero:
690 1912 877 1977 fundasti
911 1918 1071 1989 terram,
1107 1910 1425 1991 etpermanebit

290 2022 474 2081 conuenerat
495 2016 603 2092 ordini,
639 2023 671 2081 ut
693 2023 761 2097 post
783 2015 894 2081 eaelum
928 2014 1042 2081 dehinc
1076 2025 1160 2081 terra
1189 2023 1425 2096 nuncuparetur:

289 2120 344 2185 sed
368 2118 435 2197 hoc,
467 2120 549 2203 quod
573 2121 709 2185 medinm
744 2130 800 2197 est,
833 2120 865 2183 id
899 2126 947 2185 est
980 2121 1020 2184 in
1054 2120 1364 2204 generationem
1392 2125 1425 2182 at

289 2225 597 2309 generationem
631 2224 789 2289 ueritas
823 2232 897 2302 tua,
921 2224 961 2288 ob
984 2244 1055 2289 eam
1078 2244 1203 2289 causam
1228 2223 1425 2289 interuenisse

290 2329 439 2393 existimo.
462 2336 497 2393 ut
520 2328 632 2409 duplex
654 2327 706 2393 illa
729 2330 767 2394 de
791 2329 874 2406 caelo,
908 2330 939 2393 iu
974 2349 1035 2412 quo
1069 2329 1202 2394 uerbum
1236 2328 1287 2392 dei
1321 2336 1425 2393 manet.

236 2451 263 2489 ιιι
290 2431 501 2516 intellegentia
524 2432 767 2498 confirmaretur.
813 2452 894 2498 nunc
924 2452 999 2517 ergo
1033 2439 1191 2517 tamquam
1214 2433 1337 2516 integer
1358 2431 1425 2495 ordo

289 2544 429 2603 seruatus
459 2548 515 2603 est.
546 2558 616 2601 euin
648 2546 718 2621 post
749 2536 868 2615 caeiurn,
899 2537 930 2602 in
955 2558 1015 2621 quo
1037 2549 1198 2618 permanet
1220 2538 1269 2602 dei
1292 2536 1424 2601 uerbum.

289 2641 417 2706 fundata
439 2648 520 2705 terra
543 2661 688 2706 mansura
711 2650 765 2707 est.
812 2652 842 2707 et
867 2642 993 2725 quidem
1017 2642 1074 2706 hoo
1098 2643 1190 2707 etiam
1214 2642 1253 2706 de
1276 2640 1425 2706 hactena
1528 2673 1529 2700 ι

290 2746 369 2809 sorte
393 2745 508 2809 dictum
531 2744 736 2829 intellegetuu
772 2764 842 2829 quae
864 2746 993 2810 fundata
1015 2753 1184 2827 permanet
1207 2765 1299 2829 quam
1323 2762 1424 2809 secun·

290 2848 362 2913 dum
388 2848 581 2913 Salomonem
606 2850 682 2914 deus
698 2870 755 2929 per
770 2849 1118 2931 sapientiam-fundauit.
1143 2869 1220 2932 quae,
1243 2869 1314 2913 curn
1331 2847 1425 2911 tiuidra

236 2968 262 3007 ιι
290 2953 330 3017 sit
353 2972 500 3034 aquarum
535 2962 651 3018 naturae
675 2954 848 3035 superiecta
870 2961 901 3019 et
923 2955 1108 3018 inconstanti
1131 2954 1249 3019 innatet
1278 2955 1424 3018 substrata
1527 2999 1528 3026 q

290 3055 451 3133 elemento,
475 3056 515 3121 ita
540 3070 642 3121 tamen
666 3058 817 3138 sapientia
840 3066 870 3123 et
892 3058 1004 3123 uirtute
1033 3066 1064 3123 et
1093 3058 1202 3139 spiritu
1231 3058 1282 3122 dei
1304 3056 1424 3121 fundata

291 3160 389 3228 fuerit.
413 3170 446 3225 ut
468 3168 655 3243 parmaneat.
701 3165 757 3227 sed
792 3160 867 3227 mihi
902 3161 1100 3244 propheticus
1134 3181 1236 3226 sermo
1270 3162 1361 3225 etiam
1390 3159 1424 3221 de

289 3272 372 3329 terra
399 3264 525 3329 hnmani
550 3266 685 3345 corporis
708 3267 832 3331 uidetur
854 3266 982 3343 locutus,
1010 3286 1078 3350 quae
1109 3267 1151 3329 ita
1179 3265 1306 3329 fundata
1327 3264 1373 3338 sit
1394 3272 1423 3325 ιιι

334 3457 395 3509 lin
411 3468 470 3527 port
489 3462 516 3511 et
534 3476 582 3510 om.
603 3460 626 3510 C
677 3457 872 3510 zomnibzv
921 3456 1149 3524 &quiedam
1167 3458 1188 3509 Γ
1238 3453 1389 3509 confirmati
1406 3450 1425 3503 Γ

288 3544 352 3598 sin
371 3562 420 3598 om.
438 3546 463 3598 R
482 3545 510 3597 in
535 3544 743 3613 regeneratione
765 3547 787 3597 ι’·
837 3550 885 3598 aut
904 3544 999 3597 arno
1020 3548 1069 3598 ant
1083 3545 1119 3614 pb
1171 3543 1236 3597 ein
1254 3541 1423 3611 generatione

289 3638 317 3685 et
335 3632 512 3699 generatione
533 3632 586 3700 (pb
640 3634 716 3685 'test
734 3638 762 3685 et
780 3632 1008 3701 euuangeliorum
1024 3631 1048 3682 V
1097 3631 1234 3686 iihabere
1260 3631 1281 3683 Γ
1331 3631 1360 3683 ll
1378 3624 1423 3679 ad·

289 3734 342 3787 que
368 3719 414 3771 VR
470 3722 501 3773 la
519 3718 627 3772 exstitit
654 3736 684 3772 eu
712 3720 796 3773 exstit
824 3737 856 3771 ιιι.
876 3717 896 3770 2
920 3718 944 3770 Γ
994 3718 1110 3771 eandem
1136 3736 1167 3771 a
1193 3718 1289 3771 eadem
1314 3734 1344 3767 na
1363 3712 1383 3767 2
1404 3710 1426 3761 Γ
1525 3729 1526 3734 ’

291 3808 322 3860 18
341 3806 512 3874 euuangeliis
532 3806 556 3859 Γ
608 3810 639 3860 16
657 3804 956 3874 terrinuncuparetC
1009 3808 1040 3859 17
1059 3806 1086 3857 in
1105 3805 1285 3872 generatione
1301 3822 1329 3858 ar
1344 3816 1423 3870 gene·

289 3893 440 3946 rationerat
459 3912 492 3947 ιιι.
513 3894 527 3943 1
552 3893 576 3944 Γ
592 3894 621 3945 in
639 3893 819 3961 generatione
838 3893 903 3962 RCp
956 3897 985 3945 et
1002 3892 1210 3960 generationem
1230 3894 1255 3945 R
1273 3898 1300 3945 et
1317 3902 1423 3959 genera·
1525 3889 1526 3910 ¹

288 3980 364 4033 tione
389 3980 450 4049 Vt‘p
503 3982 538 4035 20
557 3985 583 4033 et
611 3979 803 4047 intellegentia
827 3980 851 4031 Γ
901 3981 935 4032 23
954 3978 1130 4049 intellegitur
1148 3980 1191 4031 Ra
1247 3995 1315 4047 quae
1331 3990 1423 4029 secun·

289 4066 354 4119 dum
380 4066 403 4119 V
453 4068 487 4120 94
506 4068 675 4120 solomonem
700 4067 724 4118 Γ
740 4067 908 4120 salamonem
928 4068 951 4118 t'
1001 4064 1035 4118 c'u
1054 4064 1176 4119 tinuidae
1201 4061 1386 4119 Vconfluidae
1404 4062 1425 4104 Γ

289 4168 351 4205 cum
387 4152 472 4206 fluida
503 4154 527 4205 R
597 4155 631 4207 25
661 4154 717 4206 sint
754 4169 871 4221 quarum
908 4152 930 4202 Γ
998 4154 1033 4206 26
1062 4152 1214 4221 sapientiae
1251 4152 1350 4205 uirtute
1386 4148 1422 4213 t'p

288 4240 502 4292 armaretur.
