3075 4967
298 295 362 360 354
637 299 755 353 sancti
779 297 913 352 Hilarii
940 296 1104 365 episcopi

298 495 327 554 et
357 488 596 571 promerendum
619 494 674 566 est,
699 493 729 552 et
751 506 807 567 per
829 486 1067 550 solticitudinem
1090 504 1221 566 operum
1254 487 1431 551 anteriorum

298 592 478 658 aeternitatis
502 599 548 657 est
569 593 692 676 requies
716 591 920 671 praeparanda
942 590 1115 654 orationum
1134 589 1259 673 uigiliis,
1279 590 1433 655 lectionum

299 697 481 782 frequentia,
503 695 608 760 ieiunii
631 694 797 772 uoluntate,
821 693 1005 758 humilitatis
1036 693 1267 776 tranquillitate,
1298 695 1434 759 honitatis

299 801 451 881 operibus,
485 800 632 865 castitatis
670 800 778 875 nitore,
816 800 927 863 uirtute
963 798 1129 878 patientia.
1174 797 1242 863 haee
1278 799 1375 879 pridie
1406 799 1435 863 in
1532 850 1533 879 ,

260 933 272 970 a
300 906 396 970 otium
418 905 525 969 aterni
548 904 670 968 sabbati
692 910 764 967 sunt
786 902 932 982 paranda,
963 909 996 966 nt
1025 902 1231 983 oonnptionis
1261 909 1373 968 nostra
1394 904 1437 968 In·
1532 886 1533 909 ¹

299 1009 444 1075 firmitate
468 1009 500 1072 in
524 1007 676 1073 caelestem
699 1006 833 1090 gloriam
857 1005 1073 1070 transformata
1096 1025 1153 1071 nec
1167 1007 1276 1071 uitium
1291 1005 1437 1086 uoluntas,

299 1133 357 1178 neo
380 1113 507 1178 ambitio
531 1111 671 1196 gloriam,
694 1131 753 1177 nec
775 1110 929 1177 honorem
959 1110 1112 1190 superbia,
1146 1130 1204 1176 neo
1228 1111 1325 1176 utinm
1349 1110 1438 1188 labor,

300 1236 356 1282 nec
379 1216 483 1282 eibum
506 1236 623 1299 corpus,
657 1235 715 1281 nac
745 1234 891 1298 somnum
913 1216 1013 1280 noctis
1037 1215 1087 1280 die
1109 1214 1257 1280 lassitudo
1280 1215 1438 1291 desideret,
1532 1202 1533 1231 ³

300 1321 355 1386 sed
377 1322 417 1385 sit
438 1321 529 1386 nohis
544 1327 659 1386 aeterna
682 1319 741 1398 lux,
765 1321 828 1384 uite
845 1318 985 1403 peruigil,
1003 1321 1175 1384 communis
1192 1339 1266 1384 usus
1283 1321 1438 1394 honorum,
1532 1360 1533 1365 κ

249 1451 273 1488 10
300 1423 433 1490 caelestis
466 1426 592 1490 satiatus
627 1443 728 1490 sermo
764 1424 822 1501 dei,
855 1423 994 1488 laudium
1024 1423 1082 1488 deo
1113 1428 1238 1488 etcum
1261 1424 1436 1507 angelornm

300 1527 404 1594 choris
426 1526 562 1613 hymnus
585 1536 726 1594 aternus.
771 1527 832 1594 hoc
854 1527 929 1592 fidei
945 1534 993 1591 est
1008 1529 1179 1607 praemium,
1204 1527 1272 1593 haec
1288 1548 1437 1609 corporea

299 1632 532 1698 resurrectionis
556 1639 603 1699 est
624 1631 731 1716 gloria,
765 1633 798 1695 in
820 1651 882 1716 qua
904 1630 981 1696 nihil
1012 1630 1255 1698 desiderandum
1285 1639 1343 1706 θεῖ
1373 1633 1437 1714 qnia

300 1735 382 1802 nullo
405 1737 563 1821 egendum
586 1743 646 1802 est:
681 1755 740 1799 non
775 1756 832 1816 per
864 1736 1015 1800 inuidiam
1049 1735 1271 1814 aemulandum,
1306 1736 1380 1819 qnia
1410 1737 1438 1799 in

300 1841 519 1906 communione
541 1841 726 1918 uiuendum
757 1859 818 1903 non
848 1847 901 1905 ant
930 1840 1108 1906 infirmitate
1140 1839 1243 1923 ahqua
1274 1839 1438 1904 dolendum

146 2027 149 2034 1
249 1971 273 2008 ιε
301 1953 352 2008 aut
373 1949 463 2010 alate
484 1944 697 2022 crescendum,
728 1945 801 2027 quia
830 1943 1048 2010 inmortalitate
1084 1945 1258 2009 durandum
1289 1952 1344 2010 est.
1389 1943 1440 2008 sed

299 2047 435 2114 urendus
457 2049 561 2129 potius
584 2047 724 2114 diabolus
753 2054 784 2113 et
805 2047 922 2113 melum
945 2067 1038 2113 omne
1060 2048 1279 2128 perimendum
1303 2056 1336 2113 et
1358 2057 1438 2113 aeter·

300 2153 404 2218 altatis
434 2159 547 2218 nostra
571 2151 628 2217 llos
652 2153 845 2232 optinendos.
891 2172 945 2232 pro
968 2151 1059 2216 huius
1082 2152 1177 2236 Igitur
1199 2152 1322 2217 sabbati
1341 2153 1440 2236 requie

302 2257 359 2320 deo
381 2257 460 2337 patri
482 2255 563 2321 filius
586 2256 754 2322 confitetur.
800 2255 862 2321 hoc
885 2276 921 2321 ex
936 2275 1069 2339 persona
1090 2257 1156 2321 eius
1170 2258 1203 2321 in
1217 2255 1280 2320 fine
1296 2264 1440 2321 cantatur.

300 2359 368 2438 hoe,
391 2349 484 2425 sicuti
504 2359 696 2444 singulorum
711 2379 857 2425 uersuum
873 2359 1123 2440 interpretatione
1138 2379 1314 2438 noscemus,
1337 2361 1440 2443 adqui·

250 2489 275 2526 uo
302 2465 360 2529 sita
383 2463 545 2529 hominum
568 2462 788 2528 inmortalitate
811 2462 991 2528 celebratur.

702 2634 886 2717 tsttttts
914 2633 1049 2715 CllVlll.

347 2775 375 2840 1.
402 2775 459 2856 Qui
482 2776 522 2840 ad
542 2776 713 2840 doctrinam
728 2774 919 2840 rationabilia
935 2782 965 2839 et
979 2773 1125 2854 perlecta
1140 2774 1312 2855 prudentiae
1328 2793 1440 2858 praepa-

303 2884 417 2958 rantur,
436 2878 475 2943 ab
490 2880 565 2960 ipsis
585 2880 688 2945 statim
708 2878 870 2944 elementis
890 2877 1061 2943 litterarum
1081 2878 1211 2942 docendi
1226 2886 1307 2955 sunt,
1323 2883 1357 2943 ut
1378 2897 1440 2958 par·

303 2983 417 3047 sectam
427 3003 599 3066 ueramque
610 2984 760 3049 rationem
769 2988 926 3065 tamquam
936 2982 974 3046 ab
987 2980 1113 3048 exordio
1126 2983 1234 3062 prime
1246 2981 1440 3048 iustitutionIs

251 3108 277 3147 a
304 3093 537 3171 consequantur.
582 3089 682 3152 sciens
705 3087 788 3152 istud
807 3092 931 3151 sanctus
947 3085 1060 3150 Paulus
1076 3086 1238 3167 apostolus,
1262 3105 1334 3151 eam
1349 3084 1439 3151 solam

303 3209 411 3256 ueram
434 3202 527 3274 atqua
550 3191 632 3256 utilis
656 3191 805 3257 doctrinae
839 3209 909 3255 θεεθ
940 3189 1143 3270 prudentiam,
1177 3209 1247 3272 qua
1277 3189 1318 3253 ab
1350 3189 1440 3254 atatis

348 3373 360 3422 1
381 3377 409 3424 et
426 3371 641 3439 promerendum
659 3374 719 3424 udd.
738 3369 811 3424 m.2
835 3371 860 3424 V
909 3369 1138 3439 3traquillitatis
1161 3369 1196 3423 V¹
1250 3369 1405 3437 Vgloriam
1421 3370 1441 3418 l.

304 3459 320 3510 l.
338 3474 386 3512 om.
411 3457 436 3512 V
484 3458 697 3512 flaomniumV
746 3456 835 3511 dieV
860 3455 908 3524 (cf.
926 3459 957 3510 de
975 3459 1022 3510 tao
1038 3455 1252 3526 yeneuur'sorma
1267 3456 1397 3510 Bdcleler
1412 3481 1442 3492 -

310 3545 469 3598 Windelcilde
496 3547 540 3598 lat.
566 3546 638 3598 Decl.
657 3564 683 3615 p.
703 3544 748 3608 6¹8,
768 3545 799 3597 F.
818 3545 893 3597 Nem
911 3545 1042 3596 Fomeut
1061 3543 1084 3609 1,
1102 3541 1171 3610 379)
1190 3541 1247 3596 diei
1264 3543 1295 3596 rb
1350 3545 1442 3612 θρετ-

302 3665 372 3735 uigil
396 3666 456 3720 uita
473 3667 487 3718 b
506 3666 659 3736 peruigilr
713 3669 745 3720 10
763 3665 910 3719 laudumr
963 3664 1014 3718 deo
1038 3665 1136 3719 om.V
1188 3667 1220 3718 13
1237 3681 1289 3733 per
1316 3636 1442 3719 inuidiam

302 3769 369 3806 corr.
383 3771 415 3805 m.
429 3751 449 3805 2
465 3752 491 3805 V
542 3755 574 3807 lt
593 3753 786 3808 obtinendusd
841 3755 873 3807 19
891 3751 1180 3820 interpraetationeV
1229 3751 1357 3819 Explicit
1374 3749 1442 3820 pael-

302 3856 363 3892 mus
381 3839 443 3892 XCI
466 3839 566 3909 incipit
585 3839 697 3894 CXVIII
716 3841 773 3893 alef
794 3839 907 3893 alleluia
929 3839 955 3892 V
1004 3838 1106 3906 Incipit
1133 3843 1165 3906 pa
1194 3837 1316 3891 CXVIII.
1345 3836 1443 3905 Incipit

303 3926 397 3979 littere
413 3925 512 3995 prima.
530 3926 620 3995 Aleph
638 3926 740 3980 aleluia
757 3945 773 3978 r
824 3927 857 3979 In
875 3919 906 3979 di
923 3925 1036 3978 nomine
1063 3924 1163 3992 incipit
1186 3929 1323 3978 tractatus
1346 3921 1442 3992 psalmi

304 4011 416 4065 CXVIII
434 4013 535 4066 Hilarii
553 4013 597 4082 epi
615 4011 745 4067 catholici
764 4012 785 4065 C
804 4011 853 4081 (cs.
865 4012 947 4065 Aoud.
962 4029 991 4081 p.
1005 4010 1055 4077 84)
1073 4011 1176 4079 Incipit
1193 4014 1332 4064 tractatas
1344 4008 1441 4079 psalmi

304 4097 416 4152 CXVIII
434 4098 535 4152 Hilarii
552 4100 597 4168 epi
614 4099 785 4153 Picteuensia
802 4116 822 4167 p
841 4096 885 4163 (de
897 4099 924 4152 R
935 4097 967 4159 of.
986 4116 1057 4168 supr.
1067 4115 1096 4167 p.
1109 4095 1180 4163 344)
1233 4099 1269 4150 23
1287 4095 1441 4150 litterarum

304 4184 447 4239 elementia
465 4185 494 4238 E
543 4185 663 4240 adistat
686 4185 712 4240 V
761 4186 901 4255 apostolus
919 4185 1018 4254 paulus
1042 4184 1105 4255 VCp
1227 4201 1291 4237 eum
1313 4183 1395 4236 solem
1422 4181 1445 4232 I'

304 4271 337 4324 26
356 4271 531 4338 prudentiam
551 4289 580 4325 eu
597 4271 760 4341 prudentiae
779 4290 812 4324 m.
834 4271 854 4323 2
878 4271 907 4325 V.
1008 4320 1011 4325 ε
