3075 4967
420 304 598 353 traetatus
623 302 652 354 in
670 303 842 368 psalmum
867 304 888 355 I.
1188 303 1226 367 19

105 488 202 563 uenire,
235 489 302 571 quia
322 488 401 553 ratio
424 494 452 555 el
476 489 608 573 qualitas
631 510 692 555 nun
716 492 806 569 sinat,
840 511 901 555 nnn
925 511 996 556 suas
1020 491 1124 557 claues
1143 492 1227 556 elau·

103 592 163 656 stris
183 592 352 673 disparibus
384 601 534 677 coaptare.
579 594 683 677 itaque
705 597 876 660 seeundum
910 596 1027 661 domiui
1051 595 1227 661 misericor·

102 696 171 759 diam
200 697 351 777 aperiendi
382 698 621 781 uniuscuiusque
655 698 769 781 psalmi
802 697 920 765 elauem
954 700 1105 780 reperturi
1135 699 1226 765 huius

101 799 183 879 ipsius
204 801 292 881 primi
314 800 428 885 psalmi
451 802 570 867 aditum
592 804 716 883 propria
739 823 795 867 sua
817 810 848 867 et
870 824 1007 887 congrua
1038 803 1124 869 elane
1152 824 1227 885 pun·

101 904 203 967 damus
1267 939 1280 974 e

470 1023 655 1110 Pslltds
684 1026 848 1110 PlllllllS.

136 1146 160 1213 1.
181 1146 362 1229 Principalis
384 1147 453 1214 haee
474 1150 506 1214 in
530 1150 659 1231 psalmis
681 1150 895 1236 intellegentia
918 1158 973 1229 est
997 1172 1034 1217 ex
1058 1152 1141 1217 euius
1157 1172 1227 1235 per-

101 1270 173 1328 sana,
195 1251 243 1316 uel
266 1252 402 1337 inquem
427 1274 472 1332 ea,
497 1275 565 1337 quaa
589 1256 670 1319 dieta
693 1255 764 1333 sint,
788 1255 928 1340 intellegi
951 1263 1119 1337 oporteant,
1135 1276 1226 1337 passe

100 1354 273 1423 discernere.
315 1378 376 1423 non
409 1359 492 1423 enim
515 1359 679 1424 uniformis
702 1365 733 1425 et
755 1360 923 1425 indisereta
956 1380 1062 1425 eurum
1086 1366 1135 1425 eat
1157 1380 1228 1425 eou-

99 1458 207 1537 stitutio,
238 1468 351 1526 utnon
376 1472 407 1527 et
429 1469 569 1527 austures
592 1460 730 1527 habeant
753 1471 784 1528 et
806 1483 923 1548 genera
945 1463 1077 1528 diuersa.
1111 1464 1229 1529 inueni·
1258 1494 1281 1529 ιο

99 1581 155 1627 mus
177 1566 257 1629 enim
282 1566 310 1630 in
334 1565 385 1632 hia
410 1566 589 1651 frequenter
610 1587 773 1651 personam
795 1568 846 1633 dei
861 1568 959 1649 patris
975 1567 1074 1632 solere
1091 1568 1229 1652 proponi,

100 1668 173 1731 utin
195 1672 383 1755 octogesimo
416 1677 447 1735 et
481 1678 589 1737 octauo
623 1670 751 1753 psalmo,
786 1692 856 1736 anm
886 1673 1008 1737 dieitur:
1048 1671 1228 1738 exaltaui

100 1769 255 1837 electum
279 1776 325 1840 de
348 1774 468 1859 plebe
491 1795 584 1840 mea.
629 1776 770 1841 inueni
801 1774 935 1841 Dauid
969 1796 1128 1843 seruum
1157 1796 1229 1839 me-

98 1894 153 1952 an,
180 1878 217 1941 in
241 1878 330 1943 oleo
365 1886 505 1945 sanato
539 1881 631 1944 unxi
667 1899 760 1946 enm.
799 1882 887 1961 ipse
922 1882 1229 1947 inuoeabitme:

98 1986 201 2061 pater
242 2002 350 2048 meus
385 2004 425 2049 es
460 1990 500 2048 tu
534 1993 572 2049 et
605 1991 823 2066 susceptor
859 1982 1010 2050 salutis
1043 2005 1146 2049 meae.
1192 1990 1231 2049 et
1258 2013 1282 2049 a

98 2104 158 2167 ega
193 2087 514 2172 primogenitum
551 2109 695 2172 ponam
733 2110 835 2163 eum,
869 2089 1074 2155 exeelsum
1109 2108 1231 2169 super

99 2207 219 2254 amnes
241 2210 364 2275 reges
386 2198 513 2257 terrae.
560 2212 723 2277 personam
758 2214 832 2259 uero
861 2192 917 2258 filii
948 2195 979 2257 in
1003 2193 1144 2275 plurimis
1166 2193 1231 2257 fere

98 2290 242 2375 introduci,
273 2298 360 2361 utin
384 2298 514 2379 septimo
539 2298 672 2362 decimo:
704 2297 885 2379 populus,
916 2318 1030 2382 quem
1062 2316 1139 2361 non
1174 2316 1231 2360 eo·

98 2400 214 2476 gnuui,
237 2402 414 2467 seruiuit
437 2400 554 2480 mihi;
582 2412 611 2467 et
634 2402 665 2465 in
688 2402 837 2467 uicesimo
858 2403 973 2483 primo:
998 2402 1232 2468 diuiserunt

98 2504 331 2571 uestimenta
354 2526 438 2572 mea
462 2507 544 2572 sibi
567 2513 605 2573 at
627 2527 749 2589 super
772 2512 924 2572 uestem
960 2527 1083 2571 meam
1118 2506 1230 2589 mise·
1258 2534 1283 2569 a

97 2614 176 2672 runt
191 2617 349 2676 sortem.
373 2631 454 2677 nune
467 2618 568 2676 antem
580 2613 715 2693 primurn
728 2609 811 2676 hune
823 2609 978 2695 psalmum
990 2610 1038 2675 nel
1052 2630 1088 2674 ex
1100 2630 1231 2691 persana

97 2712 187 2789 patris,
217 2714 269 2779 nel
300 2736 337 2780 ex
368 2736 502 2796 persona
525 2715 579 2779 filii
603 2736 663 2779 nan
687 2736 778 2799 posse
801 2714 950 2799 intellegi,
974 2735 1024 2780 res
1048 2716 1116 2795 ipsa
1139 2714 1229 2779 abso-

97 2812 148 2879 lute
169 2817 270 2883 docet:
307 2820 377 2884 sed
400 2820 437 2883 in
460 2818 553 2903 lege
577 2820 728 2884 damini
752 2820 828 2884 fuit
850 2819 1041 2884 uoluntas
1064 2819 1160 2894 eius,
1191 2826 1228 2881 et

96 2918 127 2981 in
153 2919 240 3006 lege
272 2923 359 2989 eins
390 2923 660 2990 meditabitur
690 2924 754 2989 die
777 2944 820 2989 aa
854 2930 982 2988 noete.
1027 2924 1060 2987 in
1084 2943 1119 2987 eo
1144 2922 1228 2987 enirn

96 3024 209 3103 psalmo,
232 3026 265 3091 in
289 3048 350 3111 quo
373 3047 538 3111 personam
566 3029 662 3112 patris
686 3028 844 3113 designari
869 3028 1077 3105 meminimus,
1108 3026 1231 3109 propria
1258 3051 1283 3089 a

96 3134 119 3189 a
132 3138 196 3209 apta
212 3140 429 3212 memorantur,
445 3153 516 3197 eum
532 3133 658 3197 dieitrnr:
682 3132 771 3233 ipse
793 3133 1091 3197 innodabitme:
1115 3137 1232 3212 pater

96 3242 325 3314 mansuetu,
360 3238 457 3302 dens
480 3256 600 3315 mens,
632 3243 670 3302 et
701 3243 919 3318 susceptor
949 3235 1099 3301 salutis
1130 3256 1231 3300 mere.

132 3358 162 3409 12
177 3358 220 3411 aa.
240 3358 417 3425 nxxxmn,
436 3362 472 3415 20
490 3378 529 3427 aq.
573 3362 606 3414 re
624 3360 669 3415 Pa.
687 3360 774 3427 urm,
793 3361 836 3413 ae.
880 3360 912 3412 ra
930 3358 974 3413 aa.
993 3358 1066 3425 xxr,
1086 3360 1126 3411 19.

132 3514 235 3569 leinat
261 3534 292 3569 ex
316 3516 382 3570 sinit
407 3519 432 3569 ll.
491 3503 584 3571 ssdmi
609 3518 633 3569 Γ
654 3502 701 3569 dni
725 3519 769 3569 lla
829 3516 1009 3584 Baperiundi
1037 3516 1058 3566 Γ
1108 3514 1233 3582 repperi-

96 3600 184 3653 tnriR
242 3603 391 3672 4propria
418 3610 447 3657 et
471 3605 495 3657 R
555 3608 572 3658 6
595 3605 649 3657 inu.
674 3604 797 3671 psalmus
821 3606 842 3657 I.
874 3604 897 3656 Γ
918 3605 968 3656 duo
992 3621 1082 3655 uersas
1105 3603 1183 3654 raucur'
1207 3602 1232 3653 ll

96 3686 289 3757 iintelligenti
307 3710 341 3741 Ξ
360 3712 394 3741 Ξ
412 3708 429 3744 a
447 3692 472 3744 R
525 3695 542 3746 8
566 3695 631 3745 aunt
656 3692 690 3743 l'e
743 3694 821 3744 aest
845 3708 941 3744 eorum
960 3691 988 3741 E
1040 3691 1074 3742 10
1096 3688 1187 3741 diuisa
1211 3687 1236 3739 V

97 3774 122 3823 ll
144 3790 258 3841 parrona
285 3778 307 3829 Γ
358 3781 391 3832 12
414 3778 603 3846 octogensimo
629 3764 657 3831 et
680 3778 827 3831 oetaro
878 3775 1085 3829 LXXXVIII.
1110 3772 1232 3841 (villan

98 3858 150 3925 rua)
179 3862 203 3915 R
232 3864 404 3933 octogesimo
435 3870 533 3919 octauo
567 3866 595 3917 E
667 3868 700 3918 14
729 3868 825 3917 saneto
855 3880 917 3917 meo
947 3864 976 3915 E
1035 3862 1179 3915 inuocauit
1207 3863 1233 3913 R

98 3948 217 4017 iusuper
235 3967 315 4018 reges
334 3952 388 4003 RE
441 3952 569 4006 reatin
588 3951 674 4005 XVII.
698 3952 723 4004 R
776 3944 1052 4019 {septimodecimo
1076 3950 1100 4000 Γ
1149 3951 1182 4001 ut
1203 3947 1232 4000 in

97 4030 190 4089 decimo
203 4038 322 4106 septimo
334 4038 440 4107 psalmo
451 4039 479 4091 E
520 4042 555 4093 20
565 4038 618 4092 sibi
629 4038 797 4092 uestimenta
806 4055 868 4090 mea
879 4038 906 4089 Ε
947 4038 979 4090 21
990 4036 1065 4089 hune
1074 4035 1195 4104 primum
1213 4035 1236 4087 Γ

98 4121 134 4173 uel
151 4126 412 4193 experaonapatria
427 4144 484 4195 aurp.
499 4126 544 4179 lia.
560 4128 620 4179 add.
636 4126 696 4178 mi
714 4126 737 4178 Γ
787 4127 821 4178 22
837 4123 877 4176 fili
899 4125 924 4177 Γ
972 4125 1007 4177 28
1020 4122 1170 4191 postdoeet
1184 4122 1235 4175 ΓΕ

98 4210 162 4263 edd:
183 4228 246 4265 uum
270 4212 300 4265 in
326 4230 358 4265 eo
382 4210 421 4265 ait
473 4217 501 4267 et
520 4214 580 4265 add.
602 4231 635 4265 m.
652 4211 671 4263 2
690 4213 712 4265 Γ
774 4213 809 4264 25
821 4210 935 4280 propria
952 4210 978 4263 ei
994 4213 1049 4262 eta
1101 4210 1135 4262 26
1154 4208 1232 4261 inuo-

100 4295 163 4349 cauit
183 4300 207 4350 R
259 4301 293 4353 27
312 4302 380 4352 inter
404 4305 545 4368 susceptor
569 4310 592 4353 et
628 4299 724 4352 salutis
749 4300 862 4368 spuriam
880 4315 991 4350 uacuum
1010 4296 1080 4349 7-8
1104 4297 1179 4347 litter.
1198 4296 1233 4347 R·

1042 4401 1076 4453 2*
