3075 4967
272 272 337 336 414
617 272 734 324 sanati
758 269 890 323 Hilarii
914 269 1076 337 episcopi

273 468 311 528 te
334 470 394 527 est
417 461 632 537 e'horisma,
666 480 705 525 ne
728 479 785 540 per
806 457 1039 544 neglegentiam
1062 476 1099 523 ao
1121 458 1273 523 desidiam
1296 455 1407 541 indigni

274 566 491 647 predicatione
514 564 600 630 uerbi
624 564 674 629 dei
697 564 804 629 simus.

319 686 348 751 6.
373 685 437 751 Sed
459 684 610 769 propheta
643 705 704 750 non
728 686 823 750 sudet
844 684 876 748 iu
898 691 1016 749 tantuin
1041 703 1075 749 se
1097 704 1116 747 a
1137 692 1263 765 peooato
1286 682 1409 747 libemm

274 789 357 856 effici
379 788 469 867 uelle,
493 798 610 856 utnon
634 789 812 856 meminerit
834 807 929 854 unum
952 787 1053 854 solum
1076 806 1153 859 esse.
1182 788 1234 871 qui
1257 793 1409 868 peceatum

234 912 336 959 anon
361 894 469 961 feeerit
500 904 530 960 et
560 892 648 959 dolus
670 894 701 958 in
725 912 778 958 ore
802 893 867 958 eins
897 912 958 957 nou
988 887 1134 957 iuuentus
1163 891 1213 969 sit
1243 901 1275 956 et
1303 890 1409 956 ideireo

273 998 420 1065 subiecit:
444 1016 737 1082 usquequaque
761 998 893 1062 nimis.
936 1016 993 1077 per
1008 996 1193 1061 modestiam
1207 994 1326 1061 aoiiieet
1343 1013 1409 1060 oon·

272 1101 415 1168 fessionis
432 1116 469 1180 et,
485 1112 519 1167 ut
541 1120 602 1166 non
618 1100 775 1167 auferatur
797 1120 815 1165 a
838 1121 873 1166 se
895 1101 1024 1166 uerbum
1047 1100 1197 1176 ueritatis,
1215 1108 1293 1178 orat
1316 1105 1410 1180 etper

273 1205 423 1272 honorem
454 1207 528 1289 eius,
560 1206 611 1290 qui
635 1225 713 1271 unus
737 1212 857 1270 tuntum
893 1207 960 1270 sine
993 1211 1120 1284 peceato
1154 1216 1210 1281 est,
1244 1222 1284 1268 ne
1305 1222 1410 1286 usque

273 1328 395 1393 quaque
429 1310 523 1375 nimis
557 1330 574 1374 a
605 1330 639 1375 sa
673 1309 838 1384 auferatur,
871 1308 1050 1389 expostulat
1084 1308 1157 1391 quia
1190 1326 1225 1373 se
1258 1305 1411 1372 hominem

222 1438 247 1477 n
275 1414 461 1489 meminent,
496 1416 549 1498 qui
573 1434 627 1494 per
649 1422 766 1479 natnrae
789 1411 1004 1478 infirmitatem
1026 1413 1095 1477 aine
1117 1426 1242 1494 peceato
1265 1429 1411 1477 essenon

275 1518 382 1601 possit.
1312 1516 1323 1578 ’.

318 1621 346 1687 t.
372 1621 419 1687 tt
441 1622 667 1688 eustodiam
690 1622 823 1707 legam
854 1631 961 1686 tuam
984 1640 1144 1701 semper
1166 1620 1205 1684 in
1227 1618 1413 1685 saeculum

274 1732 313 1791 et
341 1724 380 1789 in
404 1725 592 1792 aaeoulum
624 1724 768 1791 saeeuli.
814 1725 931 1790 nullum
961 1724 1113 1806 propheta
1141 1724 1215 1789 uitae
1236 1743 1300 1789 auae
1324 1722 1413 1788 finem

274 1830 474 1911 pertimescis.
519 1850 578 1895 non
604 1832 687 1896 enim
711 1829 904 1896 ooneluditur
926 1830 1005 1895 tides
1028 1849 1082 1894 sua
1105 1827 1235 1906 saeculis,
1258 1828 1316 1893 sod
1339 1827 1415 1893 sein

223 1956 248 1995 aa
274 1932 458 2000 infinitatem
489 1942 664 2015 temporum
695 1933 796 1999 osfioio
825 1934 1035 2000 custodienda
1059 1932 1137 2016 tegis
1172 1932 1320 1997 extendit
1363 1930 1416 1997 soit

274 2048 306 2104 et
324 2037 420 2103 altare
437 2059 454 2104 a
470 2038 580 2123 Moyse
595 2040 627 2103 in
643 2037 816 2121 exemplum
833 2056 903 2114 esse
918 2035 1083 2118 superioris
1098 2036 1202 2102 aitaris
1219 2044 1415 2102 exstructum.

274 2142 334 2208 soit
357 2149 388 2207 at
411 2144 516 2207 Aaron
546 2144 739 2208 sacerdotem
770 2142 809 2207 ad
842 2144 977 2225 speeiem
1009 2160 1079 2206 esse
1107 2140 1222 2206 ostensi
1252 2141 1284 2204 in
1319 2151 1416 2205 monte

275 2246 445 2312 sacerdotis
468 2254 618 2311 ornatum.
665 2245 767 2329 Moysi
791 2246 875 2311 anim
898 2246 973 2311 deus
996 2245 1088 2310 dixit:
1118 2246 1226 2321 node,
1259 2249 1326 2311 t'ae
1349 2262 1416 2307 om·

274 2350 341 2415 nia
377 2352 599 2416 aeoundum
638 2348 876 2432 exemplum,
915 2350 1018 2433 quod
1055 2348 1220 2414 ostendi
1266 2348 1345 2414 tibi
1382 2348 1416 2411 in

136 2482 140 2488 ·
223 2474 248 2512 ao
275 2459 420 2519 monte.
464 2452 591 2519 festinat
628 2472 704 2538 ergo
740 2454 772 2519 in
807 2452 894 2539 legas
928 2452 996 2518 illas
1019 2460 1205 2518 aeternorum
1228 2452 1416 2519 saeoulorum.

274 2561 441 2622 namnum
463 2556 513 2623 lex
536 2557 629 2622 futuri
651 2558 762 2623 umbra
785 2558 833 2633 ait,
867 2576 996 2623 neeesse
1026 2564 1074 2623 eat
1106 2577 1217 2638 eorpus
1240 2555 1319 2624 iliud
1341 2577 1417 2622 uere

274 2660 354 2745 logis
377 2667 529 2726 aternum
552 2662 599 2727 sit.
645 2661 783 2727 distinxit
807 2667 911 2727 autem
934 2681 1071 2744 presens
1101 2660 1239 2726 officium
1271 2660 1417 2728 abinde
1533 2705 1534 2708 ,

275 2763 358 2829 fessa
402 2762 456 2829 illa
489 2766 630 2845 perpetui
663 2764 757 2830 offioii
790 2765 920 2851 iugitate
954 2766 1076 2832 dicens:
1114 2772 1154 2832 et
1190 2766 1419 2831 custodiam
1533 2813 1534 2816 ,

275 2866 410 2952 legem
448 2876 554 2933 tuam
592 2888 751 2950 semper
787 2870 827 2933 iu
865 2869 1055 2936 saeoulum
1089 2876 1126 2934 et
1159 2870 1199 2935 in
1229 2868 1418 2936 saeculum

224 2990 249 3029 n
277 2971 426 3037 saeouli.
471 2991 541 3037 oum
576 2972 634 3037 ait:
669 2994 831 3054 sempor
863 2974 902 3038 in
937 2973 1133 3048 saeoulum,
1165 2972 1340 3039 nullumin
1363 2972 1418 3036 huo
1533 3043 1534 3072 ἦ

321 3172 354 3225 ua
372 3170 459 3224 uxot.
479 3172 562 3241 xxti,
580 3174 622 3227 40.

320 3336 475 3390 lkarisma
493 3356 523 3391 ex
540 3336 684 3391 karissima
702 3338 728 3391 tt
746 3338 937 3409 charissimap
988 3338 1073 3408 4qui
1089 3340 1150 3393 odd.
1168 3356 1202 3391 m.
1221 3338 1240 3391 2
1259 3339 1284 3393 1⁷
1336 3340 1421 3392 dnae

275 3422 355 3479 dolus
374 3423 404 3476 in
422 3440 470 3479 ore
488 3424 547 3479 eius
565 3440 621 3477 non
639 3425 769 3479 inuentus
788 3425 826 3481 sit
839 3426 865 3478 R
883 3430 911 3479 et
929 3425 1009 3479 dolus
1026 3425 1055 3479 in
1073 3442 1122 3479 ore
1139 3426 1199 3479 eiua
1216 3426 1351 3480 inuentus
1368 3440 1423 3479 non

275 3508 313 3563 ait
336 3510 361 3563 V
417 3513 433 3563 7
452 3510 624 3595 auferatqtur
641 3529 706 3565 com.
725 3530 758 3565 m.
777 3510 798 3565 2
817 3512 841 3566 t‘
890 3514 908 3567 8
925 3529 961 3566 na
978 3512 1290 3581 usquequaque—sine
1309 3518 1423 3583 peecata

276 3628 335 3667 esse
362 3614 389 3666 in
416 3631 500 3685 mary.
528 3614 605 3679 iqser.
632 3618 692 3670 odd.
717 3635 750 3671 m.
769 3614 790 3669 2
812 3614 839 3671 V
891 3619 921 3670 ll
940 3617 1044 3698 posseit
1066 3614 1224 3681 comm?
1248 3617 1274 3669 Γ
1290 3616 1425 3686 posaetC

276 3720 309 3772 12
328 3734 437 3787 semper
454 3720 478 3773 t.
497 3720 514 3773 l.
533 3738 582 3774 om.
605 3720 684 3788 Vae,
701 3723 748 3776 sed
763 3721 799 3790 cs.
819 3722 864 3775 lin.
878 3720 918 3774 24
973 3723 1006 3774 14
1023 3718 1091 3775 fides
1109 3738 1158 3775 aua
1169 3748 1204 3758 -
1216 3726 1379 3790 temporum
1397 3722 1422 3771 in

275 3822 358 3873 marp.
376 3806 456 3873 inser.
475 3806 580 3859 adds
630 3808 779 3862 asseculis
804 3808 840 3859 V¹
895 3808 967 3862 dtas
985 3808 1012 3861 R
1065 3809 1098 3862 lt
1115 3806 1253 3862 infinitate
1271 3804 1426 3873 (om.in)1‘'

275 3889 413 3947 infinitate
442 3890 501 3959 (om.
529 3892 569 3959 in)
597 3894 649 3947 Rc
699 3894 821 3948 officium
851 3894 1061 3949 constituendae
1086 3894 1157 3963 lagia
1183 3894 1310 3949 ostendit
1337 3896 1371 3961 R,
1389 3893 1423 3960 cs.

275 3978 443 4049 insi-,cupid
497 3982 530 4033 16
540 3978 731 4035 altarseaalts
741 3980 804 4035 nu?
819 3982 845 4034 V
894 3980 989 4050 Moyse
1008 3981 1067 4044 (om.
1085 3980 1111 4042 ai
1131 3982 1157 4034 R
1211 3984 1244 4035 17
1262 3980 1372 4035 ostensi
1390 3979 1423 4046 (ai

276 4064 373 4117 inrue.
392 4064 592 4131 5-61tu.)R
647 4068 679 4121 18
697 4066 765 4121 deus
784 4068 823 4122 ait
839 4066 932 4137 VCpE
981 4069 1013 4121 21
1034 4066 1098 4121 illut
1123 4068 1148 4119 Γ
1196 4068 1232 4121 22
1250 4073 1370 4122 aeterno
1388 4066 1423 4121 ait

278 4149 427 4216 (tiaras.
446 4150 601 4219 2-31to.)
630 4154 655 4206 R
682 4159 826 4208 aeternum
850 4154 877 4207 V
925 4158 1018 4209 autem
1044 4153 1097 4207 hoo
1115 4151 1275 4224 officiump
1331 4155 1367 4208 ab
1384 4154 1425 4207 in-

277 4237 384 4292 defesse
401 4236 450 4291 ills
470 4240 494 4291 u
546 4240 582 4291 24
599 4245 626 4294 et
645 4240 673 4293 in
693 4240 833 4294 saeculum
851 4239 954 4294 soeculi
972 4259 1020 4295 oin.
1046 4240 1119 4294 I'RC
1167 4239 1244 4294 etin
1262 4240 1378 4295 saeculo
1396 4240 1425 4294 tt
