3075 4967
404 265 584 315 tractatus
609 263 643 314 in
668 261 842 329 psalmum
868 262 913 314 ltl.
1169 261 1230 326 105

108 473 167 518 nrm
187 473 252 518 eum
281 458 312 518 et
342 452 416 526 eius,
446 452 531 516 euius
561 458 661 520 antea.
693 461 722 516 et
752 453 793 516 ad
819 471 900 528 eum,
931 451 970 516 ad
1002 471 1096 534 qnam
1128 459 1228 519 antea.

108 579 194 622 sermo
214 558 259 623 sit.
283 558 366 622 idem
390 563 493 621 tamen
517 575 619 621 sermo
643 555 726 620 aliud
749 575 831 620 nune
853 576 949 639 quarn
972 563 1044 620 ante
1060 555 1228 639 signifieat.

108 662 263 745 etquidem
287 660 446 741 superiora
468 659 614 744 querellis
636 661 744 744 grania
769 660 900 725 fuerunt.
931 660 1009 724 adea
1032 667 1066 724 ut
1095 680 1132 724 er
1160 681 1228 741 pra-

107 765 192 846 pheta
233 765 345 832 dolare.
391 770 557 848 antequem
594 764 797 830 edicerentur.
841 764 994 843 increpita
1034 763 1113 828 sint:
1158 784 1228 828 enm

107 870 263 934 iniustitiam
288 870 393 954 lingua
417 869 543 954 rugitat,
567 887 637 934 enm
662 875 824 952 tamquam
847 866 996 933 nouacula
1017 877 1107 934 acuta
1122 868 1226 933 dolum
1268 895 1281 931 a

106 973 194 1052 elficit,
215 993 284 1038 enm
309 973 429 1038 malitia
451 992 544 1053 anper
567 973 736 1037 bonitatem
759 970 900 1057 diligitur
915 977 946 1035 et
960 971 1116 1037 iniustitiae
1136 991 1231 1053 anper

107 1078 207 1142 iustitia
237 1076 392 1161 eloquium
417 1081 472 1142 est.
522 1083 648 1158 propter
678 1096 747 1160 qure
777 1076 920 1159 quadam
951 1077 1040 1159 quasi
1070 1075 1229 1158 propheta».

106 1181 238 1246 umentia
260 1181 343 1262 apud
367 1182 458 1246 deum
475 1181 636 1262 praemissa
651 1187 700 1246 eat
714 1179 882 1264 arguentis,
899 1199 968 1244 eum
985 1181 1112 1245 dieitur:
1135 1181 1228 1264 qnid

108 1283 286 1368 gloriatur
309 1286 347 1349 in
372 1284 531 1350 malitia
561 1291 706 1365 patens
736 1283 1003 1367 iniquitatem
1034 1290 1120 1349 tota
1142 1286 1230 1350 die?

106 1395 130 1450 et
154 1410 187 1454 ne
214 1389 314 1455 inania
343 1389 489 1474 querellae
520 1389 607 1454 dolor
636 1389 832 1470 reperiretur,
864 1389 931 1469 ipsa
961 1387 1106 1472 querellae
1136 1409 1230 1454 eausa
1258 1419 1281 1452 a

106 1494 221 1559 subiecta
244 1501 299 1560 est.

140 1597 182 1660 12.
203 1597 293 1664 Nune
317 1619 390 1664 uera
413 1599 625 1663 intercedente
643 1597 815 1678 diapsalma
831 1617 891 1661 nan
907 1597 1068 1677 precessit
1083 1595 1229 1680 querella.

105 1701 149 1766 sed
169 1703 374 1768 demonstrata
397 1709 469 1767 ante
492 1721 585 1767 eausa
607 1702 725 1782 peceati
750 1701 938 1786 grauissima
960 1710 1026 1766 tum
1050 1700 1118 1765 haee
1141 1701 1228 1766 dam-

105 1805 217 1870 nationis
245 1817 292 1872 est
325 1806 467 1872 subiecta
504 1804 670 1871 sententia:
708 1805 899 1871 dilaniati
935 1806 1066 1870 amnia
1103 1807 1230 1872 uerba

105 1909 644 1994 praeeipitatiuniqlinguam
667 1909 866 1975 dolosam:
889 1917 1109 1990 prepterea
1132 1911 1228 1976 deus
1254 1938 1281 1972 a

104 2013 269 2081 destruet
293 2023 329 2082 te
353 2017 391 2081 in
423 2015 557 2091 finem,
588 2015 743 2080 euellat
773 2021 812 2079 te
842 2019 881 2079 et
910 2014 1082 2098 emigret
1115 2022 1152 2081 te
1182 2015 1228 2080 de

104 2117 351 2185 tabernaculo
374 2127 414 2186 et
436 2121 616 2185 radicem
640 2126 745 2185 tuam
771 2119 818 2183 de
849 2125 960 2184 terra
990 2119 1227 2186 uiuentium.

103 2241 131 2284 eo
149 2223 292 2304 exemplo.
317 2244 379 2308 qua
402 2225 433 2288 in
457 2224 572 2290 Genesi
597 2223 713 2288 dictum
744 2223 878 2307 legimns
901 2222 952 2286 his
983 2223 1103 2289 uerbis:
1135 2225 1228 2307 quia

102 2323 229 2392 laniati
256 2327 340 2399 hoe.
372 2329 617 2394 maledictus
649 2337 688 2392 tu
717 2348 736 2392 a
766 2337 885 2394 terra.
910 2336 940 2392 et
963 2347 1099 2392 rursum:
1134 2329 1227 2411 quia

102 2431 238 2497 audisti
260 2453 395 2498 uocem
421 2431 606 2497 mulieris
638 2438 728 2510 tnae;
758 2432 815 2496 aed
846 2437 878 2496 et
907 2432 946 2496 ab
978 2430 1125 2511 apostola,
1155 2451 1225 2497 eum
1254 2456 1279 2492 πο

102 2536 268 2616 grauissima
290 2535 434 2602 humanae
450 2535 618 2615 impietatis
630 2535 761 2600 crimina
778 2535 1016 2614 percensuisset,
1040 2536 1226 2600 itadietum:

103 2640 340 2720 propterhoe
358 2639 619 2704 tradiditeos
636 2640 735 2704 deus
752 2640 791 2702 in
807 2638 1226 2719 reprobumeenaum:

137 2781 165 2832 18
181 2779 245 2834 Gen.
263 2781 311 2846 ΙΙΙ,
332 2783 372 2834 14.
411 2782 443 2834 19
461 2779 528 2834 Gen.
547 2779 595 2846 111,
616 2781 656 2833 17.
692 2779 824 2832 22110111.
843 2779 923 2843 Lae.

135 2956 238 3010 lenius
255 2973 338 3026 supra
356 2955 442 3008 acal?
494 2954 600 3008 dalint
618 2973 648 3006 aa·
666 2953 751 3007 alium
771 2972 803 3006 m.
822 2953 843 3005 2
865 2953 891 3006 V
940 2969 1015 3006 nune
1033 2951 1088 3020 qna
1105 2956 1188 3006 antea
1208 2953 1228 3002 1’

100 3037 203 3108 nuquam
226 3042 335 3096 antedi
352 3058 504 3108 numquam
528 3045 593 3096 ante
611 3041 637 3094 l’
688 3040 873 3108 aquierellir
897 3040 946 3093 VR
963 3040 1101 3107 quaerelis
1117 3040 1143 3091 Ρ
1193 3055 1228 3092 ex

99 3127 241 3196 prophetiae
251 3129 295 3182 Ra
304 3145 340 3182 ex
350 3128 485 3197 proseriae
501 3129 547 3182 Vl‘
597 3127 1006 3182 δίιιὶιιεὶῆὶαιιι-οιιιιιοηι.1Ι
1055 3125 1228 3180 fimalitiaer

99 3215 217 3268 malitiam
235 3235 265 3268 ru.
285 3217 305 3268 2
329 3216 354 3268 V
369 3215 477 3268 malitia
492 3215 518 3268 P
567 3214 664 3283 diligit
678 3214 702 3265 l'
752 3218 781 3266 et
798 3213 965 3266 iniustitiam
984 3227 1036 3280 unp
1053 3212 1190 3265 inatitiam
1206 3213 1230 3264 l’

98 3301 297 3368 superinstitiae
311 3321 360 3356 arri.
377 3303 400 3355 l'
451 3301 596 3370 'lquedam
612 3301 661 3354 Vlt
714 3301 932 3368 Spraemiaraer
947 3299 1154 3367 praemiaeiom.
1169 3297 1189 3350 ἑ)
1207 3299 1231 3350 1’

98 3385 240 3454 tgloriarie
250 3391 275 3443 R
327 3389 475 3458 iniquitate
487 3389 511 3440 Τ
525 3389 555 3442 in
570 3387 717 3456 iniquitate
733 3387 774 3454 (in
789 3405 861 3458 supr.
875 3405 925 3440 rer.
934 3406 967 3439 m.
978 3385 1007 3452 2)
1018 3388 1043 3439 1¹
1095 3389 1129 3440 10
1143 3401 1226 3453 quae·

98 3471 170 3528 rellee
193 3474 334 3530 deuterii
395 3477 585 3544 repperiretur
608 3475 684 3528 Vlil’
744 3474 866 3542 q.rellae
890 3475 915 3526 V
974 3476 1008 3528 14
1034 3477 1076 3526 eat
1102 3471 1228 3526 subiecta

97 3562 220 3616 sententia
237 3581 267 3616 ez
284 3569 326 3617 eet
345 3562 469 3616 subiecta
487 3561 539 3615 toli
557 3561 695 3615 sententia
714 3562 783 3614 nal
808 3563 831 3614 l'
882 3561 915 3615 15
939 3560 1035 3626 lingna
1059 3558 1154 3614 dolon
1179 3560 1227 3610 W

98 3647 124 3698 lt
138 3647 165 3701 in
182 3649 308 3704 finem-
321 3651 440 3719 emigret
458 3653 486 3702 te
504 3649 597 3702 oriali
650 3653 678 3702 te
694 3659 753 3719 port
778 3647 882 3702 euellat
900 3665 948 3700 om.
968 3647 1046 3699 l'Tn'
1078 3646 1113 3699 de
1136 3645 1227 3699 taber·

97 3736 182 3788 manle
190 3741 237 3790 tuo
245 3737 272 3790 1·,“
319 3739 352 3790 18
364 3753 396 3790 eo
409 3735 536 3804 exemplo
548 3737 641 3806 arripui
650 3741 678 3788 et
691 3737 819 3804 exemplo
829 3732 892 3800 (hoe
904 3753 976 3804 urpr.
985 3752 1034 3787 rer.
1044 3751 1078 3786 m.
1086 3729 1149 3799 :th
1161 3733 1186 3784 1r
1194 3729 1226 3782 1Ἲ

97 3822 208 3889 exemplo
223 3821 336 3876 V¹PTE
386 3839 469 3892 quoq.
488 3821 589 3877 Genesi
605 3823 629 3875 l'
681 3825 713 3876 19
731 3827 760 3875 et
777 3819 997 3875 rursum-aed
1015 3819 1113 3872 emV
1163 3802 1225 3887 qu¹a

97 3906 185 3962 nutui
202 3910 229 3962 R
278 3913 314 3966 20
332 3909 425 3964 uxoria
443 3914 508 3964 tuae
528 3910 553 3962 a
605 3913 632 3962 et
652 3909 793 3977 apostulus
817 3925 881 3962 curn
900 3907 1066 3976 grauissima
1089 3905 1225 3960 hnmanae

97 3989 222 4059 inpietatis
240 3997 355 4050 erimina
374 3995 579 4064 percensuisset
598 3996 637 4048 ita
654 3994 761 4048 dietum
777 3995 803 4046 l’
817 3993 865 4047 aed
883 3999 912 4047 et
923 3994 959 4047 ab
971 3995 1040 4062 apto
1052 3993 1225 4060 grauissimis

97 4075 217 4136 hnmanae
239 4084 390 4152 impietatis
414 4082 552 4136 criminib.
571 4082 709 4150 prensetia
734 4062 924 4148 (percensetis
938 4082 973 4143 Τ)
991 4079 1129 4134 adiectum
1145 4081 1160 4132 e
1179 4081 1227 4132 Η·

97 4164 123 4217 ll
137 4180 189 4236 part
216 4171 254 4224 iai
279 4171 386 4225 dietum
405 4172 510 4224 inseruit
528 4169 543 4223 ὃ
562 4187 594 4222 ru.
612 4167 676 4221 :tlt
729 4171 763 4222 ᾗ)
782 4167 850 4220 deus
869 4186 918 4220 our.
937 4167 1014 4220 RPT
1065 4168 1225 4220 insensum

98 4255 230 4320 reprobum
249 4259 330 4312 RPT.
