3075 4967
396 319 578 368 tractatus
596 313 631 366 in
654 313 826 380 psalmum
845 311 914 364 LVI.
1163 309 1224 373 169

132 503 169 568 Ι2.
190 503 287 586 ltaque
309 503 410 568 Dauid
443 505 481 568 ad
515 503 659 568 humanm
692 501 795 567 carnis
828 500 958 586 gloriam
993 499 1226 566 resurrectionis

112 609 247 673 doninica
270 615 389 689 ternpus
413 615 577 689 expectans
611 625 692 672 nunc
715 612 745 671 ot
767 626 828 670 non
851 605 1006 687 corrumpi
1029 623 1062 669 se
1083 610 1174 688 rogat
1195 610 1226 668 et

111 731 228 776 auersam
249 733 266 776 a
288 732 321 776 se
344 712 571 794 corruptionem
596 711 628 774 in
644 731 687 788 eo,
710 710 741 774 in
758 730 818 793 quo
834 709 978 790 primitia
994 707 1226 774 resurrectionis

112 821 174 892 sunt
195 815 344 897 propheten
367 815 563 897 praescientia
585 814 765 899 gratuletur.
810 814 881 880 ideo
895 821 1014 880 autem:
1038 813 1076 877 in
1100 812 1223 878 finem

112 918 203 983 tituli
225 920 441 1002 inscriptio
464 925 520 998 eol,
543 919 615 1004 quia
630 925 661 985 et
676 919 814 1004 gloriosa
827 919 867 983 ad
882 917 1062 983 aeternitatis
1073 916 1225 983 honorem
1253 945 1265 982 a

111 1024 160 1086 uita
179 1031 312 1106 suscepta
334 1031 367 1090 el
389 1043 472 1090 mors
494 1023 635 1104 plurimis
658 1022 800 1089 salutaris
822 1023 957 1087 uirorum
981 1021 1103 1086 sortium
1119 1022 1225 1086 inscri-

113 1125 183 1192 batur
203 1128 345 1210 sepulcris
367 1134 399 1194 el
421 1128 487 1192 haee
509 1129 612 1193 omnia
636 1128 675 1192 ed
699 1147 768 1192 eum
791 1126 902 1192 referri
924 1132 1070 1207 oporteat,
1095 1126 1146 1209 qui
1177 1125 1226 1190 uel

111 1231 167 1294 iuis
186 1241 230 1297 est
249 1232 333 1316 legis,
348 1233 398 1298 nel
422 1252 513 1318 quern
537 1231 647 1314 psalmi
662 1232 759 1313 ipsius
774 1231 846 1294 linis
861 1232 1013 1296 ostendat
1057 1230 1088 1295 id
1112 1237 1225 1295 autom.

112 1335 176 1416 quod
197 1336 225 1399 in
247 1336 390 1418 spelunea
412 1337 535 1402 clausus
559 1335 626 1402 heco
648 1335 790 1419 loquitur,
824 1343 948 1416 tempus
978 1340 1026 1400 est
1046 1333 1225 1416 prophetia,

112 1457 158 1520 qno
177 1439 318 1521 psalmum
342 1439 531 1525 intellegitur
554 1441 724 1521 scripsisse,
755 1441 822 1520 ipsa
844 1439 897 1504 illa
919 1438 1074 1522 speluncae
1107 1437 1225 1502 habita-
1253 1464 1279 1502 ιο

112 1542 176 1608 tione
210 1546 340 1610 mansuri
377 1546 409 1610 in
447 1565 573 1626 corpore
616 1545 732 1610 domini
777 1543 982 1609 humilitatem
1027 1541 1225 1624 prophetans.

112 1653 226 1712 cetorum
247 1650 344 1714 uideri
366 1669 426 1714 non
450 1655 558 1730 potest,
581 1656 615 1714 ut
637 1649 688 1733 qui
713 1650 751 1714 ob
775 1656 893 1713 metum
917 1659 984 1713 erat
1005 1647 1087 1712 intra
1105 1645 1228 1728 spelun-

112 1768 165 1814 cam
187 1754 362 1832 reconditae,
384 1753 531 1838 psalterio
554 1760 585 1819 et
607 1752 734 1830 eithara,
766 1761 799 1817 ut
829 1758 959 1818 testatur
989 1752 1020 1815 in
1042 1751 1172 1832 psalmo,
1194 1751 1227 1814 id

112 1861 148 1918 est
167 1859 249 1921 totius
270 1859 345 1923 artis
367 1858 493 1924 mueicae
515 1863 726 1943 perstreperet
747 1864 903 1938 apparatu.

146 1957 282 2042 illiont
314 1969 416 2026 autem
450 1963 508 2027 ita:
543 1963 739 2028 miserere
774 1961 858 2038 moi,
894 1962 996 2038 dens,
1030 1960 1280 2024 misererem

114 2063 390 2148 neizquoniam
425 2068 464 2130 in
499 2072 535 2132 le
560 2065 1008 2131 conliditanimamea.
1055 2064 1228 2129 miscricor-

113 2165 178 2230 diam
198 2177 289 2252 rogat,
313 2170 387 2254 quia
409 2169 535 2236 conlidit
557 2171 587 2234 in
611 2171 744 2255 domino.
767 2171 883 2235 docens
912 2169 950 2233 ab
981 2167 1032 2234 his
1054 2168 1228 2232 misericor-

113 2269 182 2334 uam
202 2273 248 2338 dei
270 2274 455 2355 sperandam
479 2295 556 2346 esse.
580 2276 631 2359 qui
655 2275 826 2340 crederent.
870 2280 902 2340 el
931 2272 1148 2339 misericordiae
1179 2271 1227 2336 dei

113 2376 178 2454 quod
208 2383 392 2443 momentum
428 2379 520 2461 quiue
554 2379 594 2444 sit
628 2377 764 2456 effectus,
798 2379 932 2445 ostendit
966 2378 1089 2443 dicens:
1122 2384 1161 2442 et
1189 2375 1228 2440 in

113 2479 228 2545 onbra
248 2481 402 2547 alarum
426 2493 578 2547 tuarum
602 2483 927 2564 sperabodonec
950 2488 1138 2547 transeat
1156 2481 1226 2544 ini·
1255 2503 1281 2542 a

113 2583 233 2663 quitos.
277 2586 387 2652 auibus
422 2602 537 2652 natura
561 2599 609 2652 est
630 2585 842 2652 infirmitatem
875 2586 1027 2668 pullorum
1050 2585 1108 2650 alis
1130 2585 1229 2650 inum·

113 2684 185 2753 brare
206 2709 315 2775 cosque
339 2711 358 2755 a
380 2691 660 2774 praeteruolanlium
686 2691 715 2756 ui
738 2697 831 2775 alque
850 2690 1035 2772 inprobitate
1050 2688 1227 2757 defendere.

113 2793 177 2871 quod
197 2803 225 2858 et
246 2795 275 2859 in
299 2793 425 2879 gallinis
449 2796 583 2861 maxime
607 2796 775 2873 noscimus,
797 2815 867 2860 cum
892 2793 1037 2861 collectos
1058 2795 1141 2860 intra
1163 2795 1229 2875 pin·

112 2911 155 2958 nas
174 2897 247 2963 setus
267 2918 338 2964 suos
365 2907 418 2964 aut
439 2909 569 2981 opacant
585 2905 637 2965 aut
651 2907 782 2965 tuentur.
829 2918 960 2982 querum
975 2898 1229 2965 consuetudinem

112 2997 143 3059 ad
159 3001 321 3082 exemplum
347 3001 561 3070 sollicitudinis
594 3023 657 3068 sum
691 3005 835 3069 dominus
869 3012 1090 3069 commemorat
1123 3002 1230 3069 dicens
1257 3023 1283 3063 a

113 3101 342 3172 adflicmsalem
366 3107 604 3173 interfectricem
632 3107 869 3192 prophetamm:
899 3107 1092 3192 quotiens
1122 3106 1232 3171 uolui

114 3205 290 3293 colligere
315 3210 431 3277 lilios
455 3218 552 3289 tuos,
577 3213 683 3278 sient
706 3210 874 3296 gallina,
898 3232 980 3297 quae
1004 3217 1233 3296 congregat

114 3309 224 3389 pullos
246 3334 337 3380 suos
360 3317 431 3382 sub
455 3315 543 3381 alas
566 3335 659 3380 suus
682 3327 720 3381 ct
744 3314 941 3380 noluisti?
986 3322 1180 3400 speratergo
1198 3314 1231 3378 in

114 3414 202 3480 umbra
222 3417 334 3484 alarum
358 3421 407 3485 dei
431 3426 564 3488 sanctos.
589 3421 716 3485 donec
749 3420 955 3504 iniquitas
985 3428 1176 3496 transeat,
1199 3419 1231 3483 id

115 3524 151 3580 eol
178 3521 242 3586 dom
276 3530 328 3589 aut
361 3523 463 3590 saeouli
499 3524 654 3602 scandala,
688 3534 740 3588 aut
773 3524 950 3608 iniquitates
972 3525 1145 3606 impiorum,
1179 3531 1231 3588 aul
1257 3551 1282 3587 eo

147 3659 175 3713 26
191 3661 280 3718 Matlh.
299 3665 400 3732 XXIII,
418 3667 459 3720 37.

148 3782 288 3850 lprolctae
301 3789 327 3840 R
381 3787 409 3840 in
419 3787 473 3841 fine
484 3789 535 3840 III’
585 3787 879 3842 6morseumortisl’
928 3786 1233 3856 salutarisplurirnisT

117 3865 542 3942 tapuhrisrtsepulturism
592 3873 739 3942 oportebat
751 3875 801 3926 PT
852 3875 1057 3943 ilprofotiacll
1104 3876 1135 3927 ll
1155 3890 1232 3927 man·

117 3963 168 4006 suro
184 3956 244 4008 liPa
268 3976 426 4014 mensuram
451 3961 502 4014 Ed.
531 3961 614 4014 Busil.
642 3961 716 4014 1550
771 3964 804 4015 12
821 3961 896 4014 intra
922 3961 1097 4030 spelunoeR
1152 3962 1184 4014 13
1202 3960 1231 4013 id

118 4043 150 4089 ”l
164 4057 203 4095 cm,
221 4045 266 4098 Pr
319 4049 350 4101 17
368 4047 398 4100 in
415 4047 468 4101 deo
487 4047 566 4100 ΡΤΕ
617 4050 649 4102 ul
670 4047 866 4102 assuibusR
918 4047 1058 4116 pullorum
1086 4046 1230 4100 infirmita-

119 4126 198 4180 ltmT
242 4135 274 4186 22
291 4135 380 4202 adque
408 4135 435 4187 R
458 4121 565 4202 atq3l‘
617 4134 735 4203 „obitete
752 4135 778 4188 P
828 4137 863 4188 28
880 4150 984 4203 pennas
1002 4135 1080 4186 Vra
1131 4136 1165 4186 24
1183 4139 1232 4187 eut

119 4213 219 4275 omnent
244 4229 286 4273 ant
316 4225 478 4274 taeenlnre
530 4223 564 4276 26
583 4222 755 4290 profetarum
785 4223 809 4274 R
861 4223 896 4276 28
914 4222 964 4276 sub
992 4221 1044 4274 alis
1070 4222 1127 4274 suis
1155 4219 1233 4273 VI‘E

119 4295 146 4349 ³⁰
159 4299 300 4371 iniquitates
318 4325 349 4360 ea
365 4307 519 4376 iniquitatis
539 4309 570 4362 T.
