3075 4967
410 261 591 310 tractatus
610 256 645 308 in
664 255 836 324 psalmum
853 255 926 308 LIII.
1179 254 1240 320 135

151 448 175 511 l.
194 447 321 512 Sanetus
352 453 384 511 et
412 446 524 512 beatus
553 445 658 510 Dauid
686 467 749 511 non
778 447 908 530 ignarus
937 450 992 522 est
1021 452 1054 509 ut
1082 443 1241 527 propheta

115 549 280 634 euangelista
304 550 464 628 doetrinae,
488 556 519 615 et
540 550 573 614 in
596 557 734 630 tempore
758 549 830 614 dcet
852 547 933 634 legis
952 546 1035 614 haue
1049 548 1241 630 corporalem

115 674 195 738 agens
214 655 317 730 uitam,
343 661 456 734 tamen,
480 654 680 738 quantumin
702 673 739 720 se
755 660 810 735 est,
834 651 992 734 apostolici
1008 653 1147 718 mandati
1161 673 1241 735 prae·

114 763 187 838 septa
212 763 414 840 eonsummat,
446 758 621 824 testimonio
650 760 689 823 de
720 777 753 824 se
785 757 835 823 dei
861 756 957 823 tidem
980 763 1140 837 prostans,
1169 778 1242 824 oum

115 862 288 928 dictumest:
311 862 453 928 iuueni
476 863 605 928 uirum
629 863 851 928 seeundum
872 881 940 927 eor
962 861 1241 941 meumDauid
1281 893 1294 928 a
1333 909 1338 920 .

114 967 170 1048 qui
197 965 316 1032 Iessae
347 975 418 1031 est.
462 986 526 1032 nou
556 967 640 1031 euim
670 967 812 1032 inimieos
841 984 914 1032 suos
942 964 1023 1031 bello
1045 966 1243 1050 persequitur

114 1089 198 1153 usque
218 1069 437 1136 insidiantibus
460 1071 521 1136 sibi
545 1069 731 1137 decertando
755 1071 850 1135 armis
877 1069 1000 1149 resistit,
1024 1071 1080 1140 sed
1102 1069 1243 1151 exemplo

114 1174 220 1252 domini,
256 1173 343 1240 euius
374 1179 405 1239 et
433 1193 549 1240 nomeu
579 1181 610 1240 et
638 1173 797 1240 lenitatem
834 1172 1066 1259 praetigurabat
1103 1173 1243 1254 proditus

113 1285 174 1354 orat
194 1278 368 1358 periclitans
392 1276 503 1358 psallit
526 1277 647 1359 patiens
670 1279 740 1343 odia
762 1276 952 1363 gratulatum
983 1284 1014 1344 et
1042 1277 1113 1343 ideo
1135 1297 1243 1343 seeun-

113 1381 176 1445 dum
204 1382 316 1446 domini
348 1402 400 1447 sor
429 1391 572 1464 repertus
602 1389 660 1448 est.
706 1383 781 1467 quia
810 1401 881 1448 eum
900 1381 1042 1446 'domino
1079 1380 1242 1448 duodeeim
1270 1412 1295 1448 ιο

113 1483 185 1550 milia
199 1485 358 1569 legionum
374 1485 557 1571 angelorum
570 1493 696 1568 possent
711 1487 742 1550 in
759 1493 898 1566 tempore
913 1486 1067 1566 passionis
1083 1485 1243 1561 adsistere,

113 1602 202 1655 tamen
225 1591 263 1654 ad
286 1609 379 1656 omne
402 1590 541 1657 osfioium
564 1589 748 1656 humilitatis
771 1588 959 1672 explendum
987 1589 1125 1670 passioni
1156 1609 1191 1654 se
1214 1597 1244 1655 et

112 1693 265 1760 infirmitati
287 1696 355 1777 ipse
377 1696 527 1777 permisit,
551 1716 642 1762 orans
664 1701 784 1760 tanturn
808 1701 839 1760 et
861 1694 983 1759 disens:
1008 1700 1123 1774 pater
1145 1713 1243 1758 oom-

115 1800 238 1863 nendo
261 1799 300 1864 iu
323 1820 464 1865 manus
495 1807 585 1866 tuas
615 1800 809 1880 spiritum
837 1819 972 1864 meum.
1019 1818 1080 1882 quo
1102 1796 1244 1878 exemplo

116 1901 157 1967 hio
176 1901 267 1981 idem,
290 1925 346 1985 per
376 1903 610 1970 simidtudinem
640 1904 822 1985 passionum
852 1903 963 1968 futura
993 1903 1059 1968 eius
1090 1901 1243 1983 passionis
1271 1934 1295 1970 ιθ

114 2006 257 2088 propheta
279 2029 341 2074 uon
365 2009 555 2087 contradicit,
579 2029 640 2074 non
662 2007 779 2074 reststit
792 2007 936 2086 inImiois,
959 2006 1076 2072 matum
1090 2025 1147 2087 pro
1161 2005 1244 2072 malo

115 2129 144 2174 er
162 2119 310 2194 praeoepto
334 2111 514 2198 euangelias
535 2132 598 2179 uon
621 2113 764 2189 reddens,
787 2112 844 2176 sed
874 2111 1037 2176 domiuiaae
1067 2116 1244 2176 mausuetu-

115 2214 180 2280 dinis
208 2214 377 2296 aemulator,
406 2237 478 2281 eum
509 2214 680 2294 tribulatur,
719 2235 790 2280 otim
821 2214 969 2296 proditur,
1007 2233 1078 2279 oum
1108 2213 1244 2298 fugatur,

115 2317 265 2398 dominum,
281 2321 370 2386 ouius
386 2327 506 2386 tautum
522 2323 674 2387 aduersus
690 2319 802 2401 impios
818 2319 914 2384 armis
929 2319 1033 2398 utitur,
1050 2319 1243 2399 depreeatur.

148 2423 172 2487 2.
194 2423 317 2489 Psalmo
342 2432 444 2490 autem
468 2423 540 2490 huto
563 2445 600 2490 ex
630 2423 762 2489 historia
791 2422 897 2488 titulus
927 2422 1156 2504 praescribitur3
1186 2423 1244 2488 sed
1269 2451 1295 2490 ao

114 2533 172 2592 aute
192 2527 362 2606 historiam,
386 2535 541 2613 quatenus
564 2535 595 2594 et
617 2529 742 2613 quaudo
764 2533 797 2593 et
818 2527 849 2592 in
881 2547 977 2612 quem
1007 2546 1053 2608 ea,
1083 2546 1155 2610 quae
1185 2527 1243 2592 sub

114 2627 226 2697 historia
258 2633 410 2711 dicuutur,
433 2654 452 2697 a
474 2633 563 2698 uobis
595 2632 656 2698 siut
683 2631 900 2716 intellegenda,
929 2637 1151 2697 monstrantur.
1197 2637 1245 2696 est

113 2734 182 2799 euim
211 2735 362 2816 primum:
393 2735 432 2800 in
462 2735 588 2803 finem
618 2734 863 2802 intellectus
898 2734 964 2800 illi
994 2734 1133 2800 Dauid.
1179 2740 1245 2799 tum

114 2838 210 2906 deiude
233 2841 388 2924 sequitur:
412 2859 500 2906 oum
522 2848 723 2906 uenerunt
745 2839 900 2920 Ziphaei
923 2846 960 2904 et
982 2839 1175 2904 dixerunt
1197 2837 1244 2902 ad

114 2940 209 3009 Saul:
239 2965 370 3010 nonne
401 2963 494 3011 θθθθ
526 2943 658 3010 Dauid
681 2943 910 3010 absconsus
940 2949 1002 3008 est
1024 2942 1128 3022 apud
1150 2941 1244 3007 nos?
1271 2973 1296 3008 ιθ

149 3099 239 3156 odet.
257 3119 299 3171 ap.
318 3101 393 3168 XIII,
411 3101 447 3156 82
465 3099 510 3167 (ot'.
529 3100 542 3154 1
560 3100 628 3170 Reg.
649 3103 690 3171 13,
709 3099 762 3168 14).
800 3101 833 3154 ta
850 3098 918 3154 Lus.
936 3099 1037 3166 XXIII,
1054 3101 1097 3154 46.

150 3293 231 3344 luon
258 3293 372 3361 ignarus
400 3297 431 3345 ut
454 3289 563 3360 profeta
588 3291 614 3342 R
644 3306 699 3344 nou
726 3290 840 3358 ignarus
866 3289 916 3344 sed
948 3295 980 3342 ut
1006 3288 1143 3358 propheta
1169 3289 1247 3341 PTE

114 3376 257 3432 tmandati
273 3397 345 3449 supr.
364 3396 413 3430 scr.
432 3395 465 3430 m.
488 3377 546 3430 IR
598 3375 682 3444 dqui
699 3377 789 3431 lassae
808 3381 850 3430 est
864 3375 890 3430 V
905 3376 953 3444 qui
971 3374 1044 3429 Iesse
1061 3380 1104 3430 est
1121 3375 1245 3443 Pl'equi

114 3459 176 3517 iilius
191 3464 262 3519 Iesse
280 3469 322 3520 ast
334 3466 376 3518 Ro
394 3462 452 3532 (τὸν
468 3471 518 3515 τοῦ
536 3464 651 3530 Ἰεσσαί).
704 3464 721 3516 7
740 3462 885 3516 decertant
904 3462 929 3517 V
977 3465 1042 3517 Set
1058 3478 1159 3515 nomeu
1177 3461 1246 3514 leui·

113 3553 189 3604 tatem
204 3552 223 3602 V
273 3552 374 3607 todia
383 3569 430 3605 om.
446 3553 472 3606 V
523 3555 556 3608 10
573 3551 737 3605 dominium.
757 3550 783 3604 V
823 3550 1015 3618 reptusestV
1065 3551 1096 3602 ll
1117 3548 1246 3602 assistere

116 3635 157 3687 ΚΤ
206 3641 238 3693 la
255 3639 375 3708 passioni
394 3645 436 3693 set
454 3637 581 3694 firmitati
599 3639 658 3707 ipse
676 3637 804 3706 permisit
819 3637 843 3691 V
856 3637 977 3705 passioni
996 3652 1025 3689 se
1043 3641 1071 3689 et
1088 3634 1245 3689 infirmitati

114 3723 211 3779 subesse
219 3727 345 3794 permisit
355 3725 419 3779 PTe
467 3728 500 3780 to
517 3723 845 3780 orans-dioensom.V
890 3725 921 3777 15
939 3723 1094 3777 eiusom.V
1137 3724 1169 3776 16
1181 3739 1248 3775 oon·

114 3810 217 3866 tradixit
233 3813 257 3866 V
306 3815 339 3867 17
358 3813 540 3881 euuangelioo
557 3813 605 3866 VR
658 3811 776 3865 reddens
795 3828 825 3864 ex
842 3810 974 3863 resddeus
993 3808 1099 3863 m.1V
1148 3807 1180 3863 19
1198 3808 1246 3862 duh
1270 3821 1274 3830 ·

120 3896 159 3949 VT
205 3899 388 3968 depraedatur
412 3899 460 3953 VR
512 3901 547 3953 20
564 3898 698 3953 historiae
723 3898 823 3952 titulus
848 3898 872 3950 V
894 3897 994 3950 titulus
1021 3912 1057 3950 ex
1082 3895 1199 3950 historia
1219 3897 1249 3948 E

115 3984 142 4037 tl
158 3991 287 4053 quatenus
304 4015 339 4024 -
358 3987 410 4040 snb
427 3985 588 4040 historiatis
607 4003 690 4054 morq.
708 3985 758 4054 inf.
783 3986 843 4038 odd.
867 4003 902 4038 m.
925 3983 946 4036 2
969 3984 994 4038 V
1043 3985 1079 4038 28
1096 3984 1202 4052 primus
1220 3984 1247 4036 R

117 4069 141 4122 iu
155 4069 243 4128 fineR
294 4074 328 4126 24
346 4071 447 4141 ziphei
465 4073 491 4126 R
515 4071 647 4126 auiffeIV
669 4070 780 4140 nyfphei
806 4069 836 4138 (y
859 4072 888 4123 ia
905 4089 958 4124 ros.
982 4089 1053 4140 θιιρν.
1078 4069 1209 4134 additum)
1224 4070 1249 4122 P

117 4155 219 4225 zyphaei
237 4161 262 4212 Τ
316 4167 346 4214 et
364 4177 412 4213 om.
436 4159 461 4214 V
511 4159 546 4212 ad
564 4177 613 4212 θιιι.
632 4158 710 4211 RPT
761 4159 797 4212 25
820 4157 997 4212 absconditus
1016 4158 1042 4210 R
1094 4163 1136 4211 est
1154 4157 1249 4210 nobis·

118 4257 171 4297 sum
187 4245 266 4301 RPT.
