3075 4967
265 246 327 310 336
604 242 722 298 sancti
747 242 883 297 Hilarii
907 241 1071 310 episcopi

264 434 409 500 subiecit:
433 435 601 500 uideant
623 453 827 515 pauperes
850 439 889 498 et
911 433 1108 498 latentur.
1154 434 1323 517 quaerite
1347 434 1407 498 dc-

265 540 418 618 minum,
454 546 491 604 et
513 539 626 604 ninet
649 540 783 612 anima
806 545 961 603 uestra:
985 538 1173 621 qnoniam
1197 539 1409 604 exaudiuit

265 663 483 725 pauperem
518 644 703 708 dominns
738 652 776 708 et
808 643 972 708 uinctos
1005 661 1099 707 suos
1133 663 1209 706 nnn
1240 645 1408 724 spreuit

264 747 323 812 hoc
346 746 462 813 scilieet
485 755 606 828 tempus
630 747 773 812 laetentur
795 747 945 824 uidentes,
970 747 1055 812 cuins
1071 745 1255 812 sacrificinm
1271 748 1301 812 in
1317 747 1409 812 laude

226 881 238 918 a
265 853 314 931 sit,
338 853 410 935 quia
432 851 493 916 illic
516 852 697 918 ostendetur
719 850 853 916 salutare
877 852 935 916 dei.
981 865 1012 915 et
1033 851 1103 917 ideo
1126 853 1203 916 deus
1232 852 1272 917 ab
1295 849 1346 916 his
1369 853 1410 918 ed

265 958 359 1021 uitam
383 957 495 1021 animae
519 965 680 1039 quaeretur.
726 957 828 1020 cernis
851 957 933 1020 enirn
958 961 989 1020 et
1003 956 1140 1036 eorporis
1156 957 1258 1022 timeri
1274 957 1410 1022 iudicem

264 1061 368 1138 uetuit,
393 1061 464 1144 quia
488 1061 620 1124 enimam
644 1061 674 1124 in
698 1059 876 1144 gehennam
901 1060 1022 1124 mittere
1042 1059 1127 1126 solus
1141 1067 1251 1141 potens
1267 1061 1309 1126 sit
1324 1062 1411 1126 dens.

232 1224 234 1228 ,
266 1165 424 1249 querendi
447 1169 550 1229 autem
583 1164 633 1230 dei
656 1165 695 1228 ad
718 1165 812 1228 uitam
836 1164 947 1228 animae
970 1183 1007 1228 ea
1028 1183 1122 1229 censa
1145 1171 1199 1243 est,
1223 1165 1297 1248 quia
1319 1185 1411 1230 exau·

266 1268 343 1333 diuit
365 1270 441 1333 deus
463 1287 641 1349 pauperem,
666 1287 737 1334 eum
760 1266 887 1346 scilicet,
919 1269 970 1351 qni
1002 1287 1036 1332 se
1066 1269 1268 1349 paupertauit,
1299 1276 1334 1333 nt
1357 1287 1412 1334 nos

213 1401 238 1438 ιο
266 1373 496 1450 ditesceremus
521 1391 614 1456 quem
638 1372 669 1436 in
693 1371 822 1436 salutem
848 1370 948 1436 nnltns
964 1373 1011 1436 sui
1026 1374 1171 1453 suscepit,
1194 1373 1304 1456 inquo
1321 1374 1412 1439 nobis

265 1483 393 1560 peccata
426 1477 553 1541 donauit
595 1496 654 1540 non
689 1496 841 1559 spernens
874 1475 995 1540 uinctos
1029 1494 1109 1554 suos,
1139 1477 1206 1541 sine
1239 1479 1291 1560 qni
1316 1478 1413 1542 nineti

267 1585 338 1645 sunt
361 1578 484 1658 Christi,
507 1587 540 1644 ut
561 1579 676 1645 Paulus
699 1581 729 1644 in
754 1579 885 1645 uinculis
908 1580 1065 1664 gloriatur,
1096 1581 1162 1646 siue
1184 1600 1262 1664 qnos
1285 1587 1413 1646 satanm

266 1685 401 1767 peccatis
424 1685 540 1748 uinctos
563 1697 596 1748 ut
619 1693 755 1748 armatus
780 1697 811 1749 et
832 1690 1006 1767 praepotens
1036 1683 1205 1761 obtinebat,
1239 1686 1413 1750 secundnm

266 1787 357 1854 iilud:
404 1789 625 1872 disrupisti
672 1787 838 1854 uincula
882 1809 980 1866 mea,
1034 1788 1110 1852 tibi
1156 1788 1413 1854 sacrificabo

215 1919 241 1955 ιο
268 1892 442 1956 hostiam
473 1891 615 1957 landis.
661 1892 803 1958 laetantur·
833 1913 909 1976 ergo
939 1891 1053 1967 inhia,
1087 1912 1155 1976 qnae
1178 1893 1315 1972 uideant,
1339 1915 1412 1979 pau·

267 2016 366 2077 perce,
391 1998 462 2080 qnia
485 1997 633 2076 scriptum
657 1998 711 2060 sit:
747 1996 858 2061 beati
890 2015 1092 2077 pauperes
1126 1996 1285 2077 spiritu,
1320 1999 1412 2081 quia

268 2101 447 2182 ipsorum
472 2107 533 2165 est
555 2120 723 2184 regnum
746 2100 941 2165 caelorum.

312 2203 362 2269 ²28.
387 2203 426 2270 Et
448 2205 521 2289 quia
544 2204 602 2281 his,
626 2205 678 2286 qui
701 2224 852 2286 pauperes
875 2205 981 2285 spiritu
997 2210 1078 2281 sunt,
1101 2203 1133 2268 in
1150 2203 1295 2268 caelornm
1315 2225 1413 2290 regno

268 2309 440 2374 constantis
473 2315 613 2374 creatura
643 2309 743 2373 omnis
779 2328 1023 2392 congemescens
1048 2321 1079 2372 et
1108 2308 1217 2372 dolens
1248 2310 1279 2373 in
1312 2310 1412 2394 gloria

216 2436 241 2474 20
270 2413 399 2478 iiiiornm
424 2413 473 2478 dei
496 2412 655 2477 liberanda
690 2419 745 2490 est,
780 2413 908 2477 ueritati
941 2432 1002 2476 non
1036 2432 1091 2476 sna
1122 2426 1232 2494 sponte
1266 2414 1412 2491 subiecta

268 2537 349 2582 nune
373 2535 495 2601 quoque
518 2516 554 2581 ob
578 2515 717 2581 laetantes
740 2536 892 2598 pauperes
916 2517 1071 2601 uitamque
1095 2524 1270 2601 quaerentes
1286 2519 1414 2582 exaudi·

269 2635 395 2706 tumque
418 2641 584 2704 pauperem
607 2621 787 2705 uinctosque
810 2641 871 2685 non
896 2629 1015 2702 spretos
1044 2622 1113 2701 ipsa
1142 2621 1195 2686 illa
1225 2623 1265 2686 ad
1288 2621 1412 2687 laudem

270 2726 319 2790 dei
344 2731 507 2808 expectans
530 2723 747 2791 reuelationem
766 2745 936 2807 pauperum
951 2723 1058 2810 gloria
1074 2734 1214 2792 creatura
1227 2725 1411 2792 aduocatur:

269 2829 438 2893 landent
461 2849 543 2894 enm
568 2828 653 2894 cali
680 2836 717 2895 et
740 2843 857 2908 terra,
880 2849 986 2894 mare
1010 2841 1047 2894 et
1071 2831 1203 2894 omnia
1225 2831 1413 2911 repentia

218 2953 242 2992 2⁵
269 2933 308 2996 in
332 2953 391 2998 eo:
426 2934 483 2997 snb
507 2933 618 2997 horum
642 2933 862 2999 elementorum
888 2935 1180 3028 commemoratione
1204 2939 1412 2999 ereaturarum

314 3058 347 3109 14
366 3053 410 3109 Pa.
431 3055 509 3122 CXV,
529 3058 562 3110 re
580 3075 620 3124 sq.
658 3060 690 3112 re
709 3056 807 3110 natan.
827 3057 858 3123 r,
877 3057 901 3110 e.

315 3163 375 3214 let
402 3161 541 3216 laetentur
567 3180 597 3215 ec
623 3168 666 3216 est
693 3162 831 3216 laetentur
861 3179 892 3213 m.
924 3159 943 3212 2
975 3161 1000 3212 V
1049 3157 1117 3213 driifi
1149 3159 1280 3214 Vdeum
1310 3159 1413 3214 RPTE

269 3250 476 3316 3pauperes1i
529 3266 592 3302 suos
605 3267 660 3302 non
670 3248 791 3316 dispexit
804 3249 829 3301 R
881 3246 1042 3301 tuideutes
1061 3247 1235 3300 laetentan
1287 3248 1411 3299 busten-

269 3335 345 3388 ditnr
371 3335 421 3388 PT
473 3340 501 3390 ct
528 3337 557 3390 in
584 3337 619 3389 do
646 3337 679 3390 ds
713 3337 737 3389 V
787 3336 886 3403 'lquia
910 3353 940 3388 er
967 3335 1047 3402 quiae
1074 3353 1107 3387 m.
1132 3335 1152 3385 2
1181 3333 1207 3385 V
1255 3333 1348 3387 anime
1378 3331 1409 3385 1’Ι

269 3440 404 3491 geennom
429 3424 454 3476 V
503 3425 540 3477 sit
557 3424 711 3476 cenez:
724 3421 803 3487 (erue.
823 3421 843 3475 2
861 3422 922 3487 liu.)
943 3422 968 3475 R
986 3422 1053 3474 dens
1072 3421 1109 3474 sit
1132 3421 1205 3474 ΠΤ
1256 3422 1273 3473 8
1292 3425 1336 3473 cst
1352 3421 1408 3472 odd.

271 3529 302 3562 nr.
322 3507 342 3561 2
366 3509 389 3563 V
439 3511 624 3579 9pauperem
651 3529 681 3563 es
707 3527 814 3578 pauper
840 3508 913 3562 m.2
939 3509 964 3562 V
987 3507 1163 3576 paupertauit
1191 3525 1221 3560 es
1247 3504 1409 3576 pauperabit

271 3616 302 3649 m.
326 3597 384 3649 IP
399 3597 607 3666 paupercuitT
660 3600 693 3652 10
711 3597 902 3650 ditisceremus
925 3596 946 3648 V
999 3598 1028 3648 ll
1050 3594 1109 3648 siue
1128 3593 1255 3661 quiz?
1307 3596 1340 3647 12
1356 3591 1409 3646 sint

276 3683 325 3737 VI’
375 3684 403 3736 in
422 3683 534 3752 ungulis
553 3685 577 3737 V
629 3687 660 3738 13
679 3684 823 3738 obtinebat
840 3702 870 3736 ec
888 3683 994 3735 obtinet
1012 3683 1038 3734 n
1092 3683 1125 3733 14
1142 3680 1206 3735 illut
1230 3681 1254 3733 V
1305 3682 1338 3734 15
1354 3679 1408 3732 lae·

270 3775 366 3825 tentur
391 3771 418 3822 Ε
469 3770 566 3824 uident
587 3771 665 3823 PTE
717 3773 750 3826 16
768 3770 904 3839 scriptum
929 3775 972 3822 est
999 3768 1078 3820 PYE
1129 3773 1174 3835 sps
1208 3767 1232 3821 V
1282 3766 1407 3835 quoniam

271 3858 424 3926 ipsorume
478 3859 510 3908 17
528 3863 649 3926 regnatu
673 3857 707 3910 V¹
764 3859 796 3911 18
814 3857 837 3909 is
857 3857 904 3923 qui
928 3856 952 3908 V
1004 3858 1036 3908 19
1054 3854 1261 3922 congemiscens
1281 3854 1333 3906 TE
1379 3852 1407 3903 in

271 3996 389 4064 gloriam
411 3997 436 4048 T
487 3999 522 4051 20
539 3945 672 4078 uanitas²¹⁸
685 3997 708 4050 si
735 4013 790 4049 non
823 3996 848 4048 V
906 3997 937 4049 21
958 3995 1118 4049 exauditum
1151 3993 1176 4045 V
1232 3995 1267 4046 23
1285 3996 1405 4046 creatura

272 4106 365 4154 autem
383 4101 535 4155 aduncatur
552 4120 618 4155 corr.
638 4121 670 4154 in.
690 4100 710 4153 2
734 4101 759 4150 V
807 4101 842 4153 24
860 4099 940 4154 illum
960 4100 985 4152 R
1038 4099 1140 4153 &unte
1158 4099 1250 4152 omnia
1272 4116 1342 4166 supr.
1358 4112 1403 4147 scr.

273 4242 304 4276 m.
324 4223 341 4274 1
360 4224 385 4275 R
437 4225 471 4276 25
489 4223 517 4276 in
536 4223 574 4276 eis
595 4225 619 4276 R
671 4239 783 4276 suorum
803 4221 983 4275 elemetorum
1001 4221 1289 4275 commemorationem
1311 4217 1339 4272 V.
