3075 4967
250 257 311 323 302
417 231 424 246 .
592 257 708 308 sancii
728 255 863 308 llilarii
881 255 1043 322 episcopi

249 467 338 512 arma
360 454 579 524 memorantur,
610 446 723 511 diuina
754 444 927 511 seueritatis
956 443 1173 525 significantur
1206 442 1318 507 ollicia
1368 448 1405 506 et

248 550 317 617 hac
339 552 464 634 quidem
489 550 602 615 ludaeis
625 558 694 630 post
708 569 833 614 crucem
856 555 886 613 et
907 555 1041 614 mortem
1057 547 1175 611 domini
1191 546 1296 610 omnia
1312 546 1403 612 acci·

250 656 368 734 derunt,
380 674 450 720 eum
463 676 481 720 a
495 654 642 720 Romanis
655 653 735 735 capti
751 653 898 719 uniuersa
912 651 1134 733 suppliciorum
1146 670 1182 715 ac
1195 650 1403 716 miseriarum

248 779 365 842 genera
387 759 526 840 perpessi
550 765 629 836 sunt,
652 766 686 823 ut
704 764 937 839 peremptorum
952 757 1104 840 sanguine
1127 762 1158 820 et
1179 755 1404 820 incedentium

210 895 222 927 a
248 863 345 944 pedes
367 863 454 929 tincti
477 863 539 929 sint
562 871 592 928 et
614 882 726 928 canum
750 861 857 946 lingua
875 861 987 926 satiata
1002 861 1048 925 sit.
1093 861 1150 925 sed
1164 860 1196 925 id
1211 879 1271 924 non
1287 859 1406 924 minus

249 968 288 1032 ad
312 988 418 1034 eorum
442 987 566 1048 poenam
590 967 884 1048 damnationemque
905 964 1102 1029 referendum
1128 971 1181 1040 est
1212 963 1265 1046 qui
1289 971 1405 1029 osten·

248 1073 293 1136 tui
315 1072 426 1138 redditi
449 1092 520 1137 cum
543 1072 657 1137 fiducia
680 1070 921 1151 triumphantur.

293 1229 342 1292 27.
368 1226 408 1292 Et
430 1229 504 1311 quia
527 1228 584 1292 sub
608 1227 667 1307 his,
692 1247 762 1310 quau
785 1226 816 1290 in
840 1225 954 1290 lunaeae
977 1224 1088 1305 populo
1106 1223 1299 1304 temporibus
1315 1223 1407 1309 legis

249 1331 370 1416 expleta
404 1339 483 1410 sunt,
516 1331 733 1396 uniuersorum
768 1330 833 1394 sere
866 1329 1005 1414 gentium
1041 1329 1081 1392 ad
1115 1327 1250 1408 speciem
1281 1328 1408 1393 futurae

197 1465 221 1500 ιο
247 1434 467 1501 misericordie
491 1435 575 1501 salus
599 1442 645 1500 est
667 1434 819 1511 inchoata,
848 1440 882 1497 ut
911 1454 968 1515 per
996 1433 1036 1500 id.
1068 1432 1150 1515 quod
1181 1444 1244 1496 lum
1268 1440 1407 1516 gestum

248 1547 302 1618 est,
332 1540 363 1604 id
393 1560 525 1623 quoque,
549 1540 630 1622 quod
666 1545 774 1620 postea
796 1538 967 1621 gerendum
998 1548 1090 1611 esset,
1121 1537 1289 1612 doeemur,
1321 1555 1407 1601 cum

247 1645 332 1724 ipsos
353 1642 431 1722 illos,
453 1644 484 1708 in
509 1663 585 1728 quos
607 1643 661 1707 illa
684 1650 749 1708 tum
772 1642 970 1726 gerebantur,
993 1652 1024 1706 et
1045 1641 1231 1705 inumbratio
1253 1641 1354 1706 nubis
1374 1658 1409 1707 et

247 1749 305 1812 iter
328 1749 423 1812 maris
446 1755 477 1813 et
499 1767 622 1812 mannas
645 1746 793 1827 spiritalis
816 1747 905 1811 cibus
927 1753 959 1810 et
981 1744 1128 1826 spiritalis
1145 1752 1234 1825 potus
1249 1766 1288 1810 ex
1305 1756 1409 1825 petra

247 1853 278 1915 in
296 1872 351 1932 spe
368 1851 549 1935 euangelica
565 1850 690 1935 fideque
706 1849 918 1916 concluderet:
941 1870 1025 1914 nunc
1047 1869 1180 1933 quoque,
1202 1860 1235 1914 ut
1257 1869 1409 1931 semper,

198 1982 222 2019 rs
249 1956 279 2019 iu
316 1955 365 2021 his
395 1956 472 2037 ipsis
501 1956 575 2020 noui
605 1976 642 2021 ac
669 1955 783 2021 ueteris
806 1955 980 2020 testamenti
1010 1975 1066 2034 per
1096 1953 1280 2035 prophetam
1313 1954 1409 2021 facta

248 2061 374 2125 conexio
397 2069 452 2135 est,
475 2081 545 2126 cum
570 2059 658 2125 dicit:
683 2060 772 2125 uisa
794 2059 1060 2124 suntitinera
1083 2065 1157 2136 tua
1189 2059 1295 2135 deus,
1332 2059 1410 2125 iti·

248 2184 344 2228 nera
367 2165 432 2229 dei
454 2165 538 2238 mei,
555 2164 675 2248 ragis,
692 2165 760 2248 qui
783 2172 845 2228 est
867 2164 904 2227 in
929 2170 1081 2228 sancto.
1104 2173 1411 2243 prauenerunt

248 2266 1409 2350 principeaconiunctipsallentibusinmedioiuuenum

248 2373 645 2459 tympanistriarum.
669 2375 707 2438 in
724 2371 1409 2438 ecclesiisbenedicitedominum

249 2480 294 2542 de
327 2477 514 2543 sontibus
548 2476 720 2542 Israhel.
765 2477 822 2542 ibi
859 2477 1072 2542 Beniamin
1102 2475 1237 2540 iunior
1266 2475 1308 2539 in
1336 2498 1409 2558 pa·

249 2601 352 2660 uere,
372 2581 582 2663 principes
606 2581 703 2646 luda
727 2582 851 2647 duces
875 2601 1017 2658 eorum,
1040 2581 1251 2664 principes
1268 2578 1409 2647 Zabu-

249 2686 321 2761 lon,
345 2685 556 2766 principes
580 2683 830 2769 Nepthalim.
875 2685 924 2749 dei
945 2684 1071 2769 quidem
1087 2684 1198 2749 itinera
1221 2693 1294 2749 sunt
1316 2686 1409 2764 uisa,

249 2809 321 2856 cum
343 2789 458 2854 coactis
482 2790 514 2853 in
537 2789 669 2873 glaciem
695 2790 786 2873 aquis
810 2797 966 2870 praeunte
989 2809 1025 2854 eo
1048 2788 1078 2852 in
1103 2789 1247 2854 colurnus
1262 2788 1355 2872 ignis
1372 2798 1409 2858 et

293 2981 437 3034 luliuinae
456 2981 605 3070 memoriae
619 2980 817 3035 seueritatisV
867 2990 896 3034 et
915 2981 1026 3048 quidem
1045 2978 1237 3046 (einamma)
1254 2980 1279 3031 l'
1331 2984 1408 3038 aet

247 3102 429 3156 incidentium
444 3103 468 3156 V
483 3103 669 3157 incedentium
689 3100 748 3170 (nm.
761 3101 800 3168 etl
819 3103 881 3155 Vl'e
934 3103 997 3155 det
1014 3107 1123 3156 tuntum
1142 3101 1238 3170 lingua
1254 3101 1278 3153 l'
1330 3105 1407 3158 8et

248 3189 332 3256 quiP
381 3189 461 3244 iudae
477 3190 577 3275 Viudc
588 3190 614 3242 P
629 3190 830 3244 iudaeorumE
886 3187 1203 3243 9sunteasuirrr.21'
1265 3191 1299 3242 10
1318 3192 1405 3258 quod

247 3308 307 3356 tum
325 3309 433 3371 gestum
452 3308 493 3356 est
513 3303 541 3356 id
553 3321 601 3356 our¹
613 3303 662 3355 Pr
716 3305 747 3356 12
766 3320 834 3371 quos
853 3302 911 3366 (om.
931 3301 970 3367 inl
985 3301 1090 3371 Papud
1109 3303 1215 3369 qnoeY
1266 3295 1407 3358 lumbra-

247 3389 287 3443 tio
305 3390 383 3444 nobis
407 3390 432 3442 V
453 3389 683 3443 inumbrationib:
703 3390 729 3442 P
781 3389 936 3470 raumara
962 3389 985 3442 V
1034 3388 1168 3457 spiritalis
1195 3407 1225 3441 ea
1250 3387 1405 3455 spiritales

248 3492 306 3554 (bis)
331 3512 362 3545 ur.
389 3492 409 3546 2
433 3493 457 3546 l'
507 3493 585 3548 cibus
612 3498 639 3547 et
667 3493 800 3561 spiritalia
827 3512 875 3546 om.
896 3494 921 3546 R
976 3496 1008 3546 14
1025 3510 1073 3561 spe
1100 3492 1159 3557 (cru.
1187 3491 1227 3556 inl
1261 3492 1285 3544 l'
1339 3511 1404 3549 non

248 3597 356 3648 quoque
388 3581 414 3632 V
471 3586 502 3636 ut
530 3587 559 3634 et
589 3596 696 3648 semper
728 3579 791 3632 Pro
852 3583 884 3634 16
903 3580 1037 3634 connexio
1069 3579 1122 3630 ΤΕ
1179 3581 1211 3632 17
1230 3579 1258 3630 in
1290 3574 1341 3634 s‘o'c
1379 3583 1408 3636 V

249 3721 282 3772 19
299 3665 558 3787 ty’mpianistriarum
585 3719 614 3782 lh
640 3737 711 3789 supr.
738 3736 787 3771 scr.
815 3737 847 3771 m.
872 3715 904 3783 3)
934 3718 958 3770 R
985 3717 1263 3786 tymphanistriarum
1289 3719 1314 3769 V
1370 3723 1404 3776 in

248 3806 371 3859 ecclesiis
390 3805 544 3859 benedicite
563 3823 610 3858 om.
636 3805 660 3857 V
710 3801 765 3858 diffi
790 3805 896 3858 le'nm
923 3804 991 3857 ditm
1019 3805 1068 3856 ΡΤ
1093 3804 1235 3857 dominum
1262 3805 1352 3859 deum
1374 3809 1407 3862 E

248 3943 282 4009 cf.
301 3944 373 4013 infre
426 3945 461 3996 ‘20
478 3943 636 3997 istrahclV
685 3943 733 3998 ubi
751 3890 891 4026 iieniamin
915 3944 939 3996 V
989 3944 1018 3996 in
1036 3949 1138 4011 pauore
1157 3943 1211 3996 ΒΡ
1260 3944 1295 3997 21
1314 3947 1403 4013 prin·

248 4047 322 4114 cipes
342 4065 487 4121 -reorum
505 4049 532 4098 ia
551 4065 633 4116 marp.
663 4067 720 4118 sup.
748 4049 808 4100 odd.
837 4067 869 4100 m.
889 4046 909 4100 2
932 4047 956 4099 V
1006 4046 1137 4100 diabulon
1158 4047 1184 4098 P
1200 4046 1250 4108 (ric
1267 4058 1291 4100 et
1309 4049 1397 4116 infr.)

247 4135 282 4186 22
300 4134 433 4202 principis
458 4133 481 4186 V
531 4134 685 4202 nepthalim
709 4153 739 4188 cr
762 4135 897 4203 neptalim
924 4152 957 4186 m.
979 4134 993 4186 1
1012 4133 1037 4186 R
1054 4133 1189 4201 neptalim
1208 4133 1278 4186 Vra
1333 4135 1401 4191 uin

248 4239 296 4272 om.
322 4221 345 4274 V
395 4222 429 4275 23
447 4237 510 4275 curn
529 4239 544 4302 a
562 4223 664 4275 coactis
683 4239 749 4275 corr.
768 4219 840 4296 aaa?
865 4221 892 4274 l'.
