3075 4967
971 77 978 107 Ι

294 268 357 332 ’180
633 269 750 322 sancti
774 267 908 322 Hilarii
931 266 1096 336 episcopi

294 457 449 522 obiectum
472 458 520 522 sit.
565 463 671 522 nostra
693 476 817 541 quoque
839 457 975 520 omnium
998 456 1063 522 uita
1093 455 1288 537 maximeque
1317 473 1425 532 eorum,

295 561 347 646 qui
370 561 512 645 religioni
537 563 668 638 student,
693 580 761 644 quae
785 560 1017 626 aduersantium
1036 558 1185 624 uirtutum
1200 557 1334 624 sustinet
1348 555 1426 634 bella,

295 685 363 749 quae
387 665 642 731 obtrectationum
667 673 822 730 uenenato
843 663 940 729 iacula
962 662 1106 744 suscipit!
1152 681 1212 745 quo
1234 660 1427 726 fraudulenta

295 769 566 853 blandiloquentiae
588 787 709 834 ueneno
731 768 900 849 adpetitur!
945 777 977 832 et
998 766 1066 832 hauc
1089 767 1193 830 omnia
1214 785 1270 849 per
1285 765 1427 840 homme,

253 895 266 934 1
295 873 326 936 11
350 872 463 957 quibus
485 872 639 954 spiritales
662 871 809 956 nequitia
832 877 1007 952 operantur,
1030 871 1173 936 existunt
1218 869 1369 950 scriptum
1390 882 1428 934 est

295 977 394 1041 enim:
429 976 630 1042 excitauit
663 975 848 1042 dominus
880 982 1051 1040 satanan
1082 973 1298 1051 Salomoni,
1330 974 1428 1038 Ader

293 1079 519 1146 Idumaeum.
565 1085 596 1146 ot
618 1081 800 1145 aduersatus
835 1081 999 1157 ceaddan,
1033 1099 1095 1144 non
1126 1085 1160 1143 ut
1189 1077 1291 1156 homo,
1326 1079 1381 1143 sed
1400 1085 1428 1141 ot

294 1191 419 1250 satanas
453 1183 610 1250 Salomoni
647 1183 792 1249 omnibus
830 1184 939 1249 diebus
976 1184 1049 1248 uitae
1082 1184 1156 1248 eius.
1209 1191 1242 1247 at
1278 1181 1427 1247 Salomoni

294 1288 429 1372 quidem,
466 1289 537 1372 quia
559 1288 601 1352 ita
624 1288 744 1366 meruit,
765 1288 852 1353 Ader
874 1289 907 1352 in
930 1295 1057 1352 satanan
1081 1307 1100 1351 a
1122 1288 1180 1353 deo
1202 1295 1251 1352 est
1273 1286 1427 1361 erotema

242 1414 266 1450 ιο
294 1393 349 1458 sed
380 1413 437 1473 per
468 1391 556 1457 istius
590 1393 674 1457 modi
706 1391 850 1457 homines
873 1391 941 1456 haec
963 1391 1146 1456 multimoda
1167 1389 1379 1456 infestantium
1399 1389 1426 1452 in

292 1517 349 1562 nos
372 1497 441 1561 odia
464 1495 635 1561 dosaauiunt
656 1496 854 1579 inimicaque
872 1496 1004 1561 uirtutes
1026 1494 1137 1561 horum
1161 1495 1334 1560 ministerio
1348 1513 1427 1579 gras

292 1606 407 1666 santur.
867 1598 874 1612 '

336 1704 365 1768 d.
388 1703 574 1769 Intercessio
597 1711 703 1770 autem
726 1704 905 1784 diapsalma
927 1703 1076 1769 adtulisse
1091 1705 1213 1768 uidetur
1227 1709 1281 1768 aut
1295 1722 1424 1787 persona

292 1814 345 1873 aut
368 1827 477 1874 sensus
493 1808 744 1873 demutationem.
789 1808 825 1872 fit
841 1813 944 1873 autem
961 1807 1103 1887 repetitio
1118 1807 1265 1872 orationis
1281 1807 1423 1872 eicerem:

240 1939 265 1978 aa
293 1903 336 1977 ita
357 1919 468 1990 tamen,
489 1920 521 1977 ut
536 1911 704 1977 absolutius
728 1932 860 1996 eaquae
881 1913 914 1976 in
937 1912 1097 1977 confusum
1121 1918 1194 1977 anie
1215 1912 1337 1977 adiecta
1353 1917 1421 1983 sunt

292 2025 510 2083 recenseantur
532 2025 571 2096 et,
605 2035 674 2100 quae
697 2018 837 2098 superius
867 2017 967 2082 suerat
989 2017 1028 2081 de
1050 2015 1164 2093 uerbis,
1193 2035 1277 2081 nunc
1299 2016 1421 2098 sitque

293 2119 370 2186 rolla
392 2122 431 2186 de
454 2121 553 2186 iactis.
599 2121 758 2185 custodi
783 2141 850 2202 me,
876 2121 1044 2194 domine,
1075 2121 1121 2185 de
1151 2139 1266 2184 manu
1295 2137 1421 2200 pecca·

293 2225 395 2290 toris
418 2233 456 2290 et
478 2227 523 2290 ab
547 2224 785 2291 hominibus
818 2225 975 2309 iniquis
1006 2224 1119 2308 eripe
1148 2243 1215 2301 me,
1238 2224 1306 2307 qui
1328 2223 1421 2306 cogi·

292 2335 483 2394 tauerunt
513 2328 785 2410 supplantare
813 2348 985 2415 gressus
1008 2345 1124 2394 meos.
1170 2328 1209 2393 ab
1232 2348 1295 2393 uno
1316 2334 1420 2392 1111111

240 2459 264 2496 ao
292 2441 392 2514 coepta
425 2434 601 2514 deprecatio
635 2433 770 2498 refertur
803 2433 842 2498 ad
872 2433 986 2513 plures,
1008 2438 1044 2497 ut
1066 2432 1243 2516 significare
1268 2439 1298 2498 et
1319 2433 1348 2496 in
1368 2449 1420 2494 uno

291 2537 471 2602 traditorem
496 2545 528 2602 et
550 2538 580 2600 in
606 2536 743 2618 pluribus
772 2537 920 2618 populum
943 2543 1133 2603 nosceretur.
1178 2543 1210 2601 et
1231 2538 1284 2601 uni
1308 2519 1420 2620 quidem
1514 2542 1515 2611 f

291 2648 322 2706 et
343 2661 426 2706 nunc
449 2653 480 2706 et
502 2641 641 2722 superius
666 2640 813 2705 malitiam
837 2647 868 2706 et
890 2647 1051 2721 peccatum
1067 2650 1098 2707 ot
1113 2641 1309 2725 iniquitatem
1326 2658 1420 2718 cupro

289 2746 375 2823 brat;
413 2745 444 2810 in
481 2744 622 2826 plurimis
659 2765 733 2810 uero
770 2745 920 2829 cogitatas
954 2745 1233 2826 supplantationes,
1267 2745 1420 2809 absconsos

290 2848 424 2933 laqueos
446 2854 588 2914 extensas
604 2849 722 2912 funium
739 2848 898 2929 captiones
914 2855 945 2914 et
961 2849 1135 2914 continuata
1150 2848 1273 2914 semitis
1288 2843 1419 2914 scandala

238 2976 263 3015 aa
291 2953 393 3036 arguit
415 2953 537 3018 dicens:

334 3055 363 3121 6.
387 3055 459 3136 Qui
483 3057 774 3140 cogitauerunt
807 3055 1076 3137 supplantare
1111 3076 1282 3140 gressus
1311 3071 1416 3119 meos.
1514 3080 1515 3115 3

289 3161 594 3226 absconderunt
623 3160 790 3242 superbi
820 3159 1009 3244 laqueum
1039 3160 1137 3226 mihi
1169 3167 1211 3226 et
1233 3159 1416 3225 11111111-
1514 3218 1515 3221 ,

290 3267 512 3331 tenderunt
548 3263 780 3346 muscipula
816 3265 990 3345 pedibus
1028 3265 1143 3342 meis,
1189 3265 1414 3330 continuata
1514 3250 1515 3287 ³

289 3369 451 3435 semitis
475 3368 671 3434 scandala
700 3375 925 3448 posuerunt
955 3368 1063 3434 mihi.
1109 3369 1324 3453 cogitauerunt
1343 3365 1414 3431 enin
1514 3362 1515 3383 ³

331 3531 348 3581 s
366 3529 405 3581 111
424 3527 492 3595 neg.
512 3530 553 3594 11,
574 3530 612 3580 rr.

332 3669 344 3719 1
366 3665 593 3734 maximaequaR
645 3669 662 3720 3
680 3667 995 3735 quacobtrectationum
1006 3666 1059 3719 GR
1067 3671 1151 3734 atque
1161 3660 1415 3720 obmeotationumt'

286 3756 304 3806 4
327 3753 605 3820 blandaeloquentiae
626 3753 651 3806 G
720 3755 737 3806 5
761 3754 895 3808 scribtum
916 3755 941 3806 G
1011 3755 1028 3804 6
1052 3757 1167 3808 satanan
1188 3754 1260 3807 GRc
1277 3758 1412 3806 1111111111
1514 3758 1515 3783 i

287 3840 467 3894 solomoniG
530 3841 545 3891 7
571 3837 713 3893 idumeum
734 3841 759 3892 G
820 3845 864 3893 est
881 3841 918 3893 bis
935 3858 984 3894 aer.
1005 3841 1030 3892 G
1092 3842 1108 3893 Β
1132 3839 1313 3893 solomoniG
1358 3835 1410 3889 au
1514 3848 1515 3855 ¹

771 3937 787 3965 u

287 3984 400 4032 satanan
421 3979 446 4032 G
464 3980 492 4032 in
512 3984 607 4033 satana
620 3980 645 4032 R
699 3980 732 4032 10
749 3978 895 4033 mltimoda
912 3979 937 4031 G
991 3982 1022 4032 11
1041 3978 1188 4033 dcaeuinnt
1208 3979 1235 4032 G
1251 3975 1408 4033 daaaaeniunt

287 4066 312 4118 li
381 4071 543 4134 grassantur
571 4067 597 4119 G
623 4072 783 4120 crassantur
811 4067 835 4119 R
903 4068 939 4121 10
967 4063 1124 4134 significare
1151 4065 1178 4119 R
1208 4057 1410 4135 significaretE

286 4154 317 4206 21
343 4152 477 4221 populum
502 4153 528 4206 R
547 4153 667 4222 populus
685 4153 714 4205 E
729 4153 763 4222 cf.
784 4153 848 4206 Ati.
866 4153 884 4204 1
888 4152 917 4220 V,
935 4150 974 4205 63
991 4170 1028 4221 aq.
1080 4153 1116 4206 28
1138 4153 1291 4221 muscipula
1307 4149 1331 4203 R
1345 4161 1406 4199 mus·

287 4237 408 4308 cipulam
426 4258 446 4289 a
464 4240 492 4292 in
511 4239 694 4308 muscipulam
712 4260 731 4292 ε.
