3075 4967
412 291 593 340 tractatus
613 287 648 338 in
666 288 838 354 psalmum
858 285 1002 340 CXXXlV.
1219 285 1280 350 701

180 482 227 545 12.
253 479 440 544 Educeus
462 477 589 541 nubes
621 476 667 540 ab
698 482 878 542 extremo
908 482 1026 542 terrae
1057 476 1221 562 fulgora
1243 478 1281 542 in

133 584 313 667 pluuiam
338 583 447 660 lecit,
471 581 537 666 qui
569 580 761 662 producit
795 588 941 646 uentos
964 582 1011 646 de
1042 580 1281 647 thensauris
1314 608 1320 627 ·

134 691 227 756 suis.
283 688 438 770 praeterito
473 685 660 762 thronorum,
696 685 951 762 dominationum,
989 686 1215 766 principatuum
1253 695 1283 751 et

134 800 331 876 potestatum,
344 790 513 856 Cherubim
529 794 559 854 et
571 787 746 870 Seraphim,
762 789 944 873 angelorum
962 795 994 854 et
1008 789 1282 874 archangelorum,

133 896 210 976 caeli,
240 904 339 974 terrae,
370 895 474 972 maris,
512 893 616 978 abyssi
641 893 788 958 miraculo
811 894 842 958 in
866 892 916 958 his
939 894 1045 958 omnia
1078 895 1163 972 deus,
1198 914 1281 978 quae
1322 921 1335 957 a

132 1001 275 1079 uoluit,
300 1000 402 1066 fecit
424 999 463 1064 in
487 997 583 1064 caelo
607 1004 645 1062 et
667 998 704 1062 in
730 1002 850 1075 terro,
872 998 910 1061 in
934 998 1035 1062 mari
1058 1005 1096 1063 et
1115 983 1281 1084 abysso:

133 1106 314 1172 educens
337 1103 464 1170 nuber
487 1104 535 1168 ab
570 1109 747 1167 extremo
782 1107 900 1166 terrae
935 1101 1101 1186 fulgura
1131 1103 1171 1166 in
1201 1101 1282 1184 plu·

132 1212 238 1275 uiam
281 1208 399 1285 lecit,
442 1210 507 1291 qui
549 1207 741 1288 producit
782 1213 928 1271 uentos
962 1207 1007 1272 de
1042 1206 1282 1273 thensauris

133 1312 244 1381 suis?
289 1332 329 1377 an
354 1312 421 1377 haee
446 1318 565 1376 tantum
587 1311 733 1392 perleotae
756 1311 788 1374 iu
805 1311 863 1375 deo
879 1311 1043 1376 uoluntatis
1059 1311 1283 1392 omnipotentia

133 1424 190 1497 est,
210 1424 308 1482 terras
324 1415 470 1482 exhalare
486 1417 593 1493 nubes,
607 1435 769 1480 coruscare
786 1414 898 1496 pluuiis
913 1415 1137 1481 inminentibus
1149 1415 1280 1499 fulgura,
1309 1439 1334 1475 lo

132 1521 324 1587 alternantes
341 1519 505 1602 spiratibus
522 1519 595 1584 liare
612 1519 742 1584 uentos?
787 1521 842 1585 sed
857 1528 993 1602 arguunt
1008 1519 1089 1586 hanc
1104 1521 1281 1601 opinionem

131 1631 273 1692 nostram
307 1626 434 1690 uirtutes
468 1623 633 1689 uerborum
668 1629 700 1688 et
733 1629 850 1688 naturae
888 1643 1047 1707 generum.
1094 1625 1281 1703 educens,

132 1731 247 1814 inquit,
281 1728 408 1794 riubes
443 1727 488 1791 ab
523 1733 705 1792 extremo
740 1737 873 1798 terrae:
908 1728 983 1810 quid
1013 1728 1096 1793 enim
1128 1729 1185 1793 sibi
1208 1728 1281 1804 uult,

131 1835 216 1918 quod
252 1835 350 1898 nubes
383 1833 553 1898 educuntur
588 1837 618 1896 et
651 1834 822 1896 educuntur
856 1831 902 1896 ab
933 1839 1113 1897 extremo
1138 1832 1281 1898 terrae?

131 1937 280 2004 exhalant
303 1937 431 2020 quidem
455 1935 550 2001 ualles
572 1937 674 2001 uuidae
697 1934 841 2014 nebulas;
876 1936 932 2001 sed
966 1957 1067 2020 neque
1101 1935 1198 2002 ualles
1229 1957 1279 2002 ex·
1308 1958 1332 2016 u

131 2055 233 2109 trema
258 2047 348 2108 terrae
382 2046 462 2118 sunt,
497 2058 597 2123 neque
628 2040 795 2123 quisquam
826 2039 970 2105 nebulam
994 2042 1027 2105 id
1049 2042 1153 2121 ipsum
1176 2042 1280 2107 existi-

132 2148 231 2212 mauit
264 2166 342 2222 esse,
377 2147 458 2229 quod
493 2145 616 2209 nubem.
674 2143 787 2209 dehinc
823 2143 988 2228 fulgura
1025 2145 1063 2209 in
1101 2145 1280 2226 pluuiam

132 2250 245 2317 fecit.
298 2270 366 2334 quae
401 2249 452 2314 hic
486 2248 615 2314 humani
649 2267 757 2313 sensus
791 2246 1003 2332 intellegentia
1037 2250 1105 2314 est?
1158 2250 1280 2334 fulgura

131 2374 367 2438 nonnumquam
391 2354 457 2418 sine
481 2352 592 2436 pluuiis
623 2352 764 2418 uidemus
800 2359 831 2417 et
853 2352 972 2433 pluuias
1006 2374 1090 2434 srope
1120 2375 1190 2420 esse
1212 2355 1280 2420 siue

131 2459 264 2544 fulgure.
311 2479 370 2522 non
404 2457 515 2538 pluuire
550 2455 673 2541 fulgura
703 2455 854 2532 adserunt,
889 2475 988 2539 neque
1010 2478 1134 2522 mrsnm
1157 2459 1280 2544 fulgura
1306 2474 1331 2512 20

132 2564 254 2646 pluuias
278 2562 428 2628 deferunt.
474 2561 613 2645 sequitur
643 2580 783 2644 quoque:
814 2560 881 2643 qui
912 2562 1103 2642 producit
1137 2572 1279 2631 uentos

132 2671 179 2734 de
203 2666 446 2732 thensauris
477 2667 569 2730 suis.
617 2685 685 2748 quae
709 2664 759 2729 hic
785 2663 913 2729 humani
935 2685 1045 2730 sensus
1068 2665 1280 2752 intellegentia

130 2769 205 2837 est?
251 2790 332 2835 anne
355 2771 385 2834 in
408 2789 543 2835 concauo
567 2767 669 2852 aliquo
692 2775 723 2834 et
745 2770 935 2834 communito
951 2768 1190 2836 thensaurorum
1214 2771 1279 2838 loco

131 2877 274 2940 conditos
305 2894 373 2940 esse
403 2883 512 2940 uentos
535 2873 791 2951 existimabimus,
825 2895 863 2938 er
897 2874 1008 2958 quibus
1041 2876 1126 2940 uenti
1161 2876 1279 2942 soleant

131 2986 293 3063 tamquam
317 2979 539 3060 pretiosissima
563 2976 722 3042 thensauri
742 2977 839 3057 portio
856 2979 1005 3058 produci?
1050 2984 1163 3045 etcum
1179 2981 1280 3046 solent
1306 2995 1330 3032 ²⁶

133 3084 319 3149 mutationes
350 3090 508 3147 uentorum
545 3081 724 3165 frequentes
748 3087 779 3146 et
801 3082 927 3148 incertae
958 3103 1041 3163 saepe
1065 3089 1096 3150 ot
1118 3086 1279 3151 contrariae

178 3313 322 3381 liulgora
342 3312 394 3366 GP
409 3311 442 3376 cf.
462 3312 537 3364 neae
553 3311 720 3374 Fornacali,
742 3311 793 3363 175
812 3311 924 3380 fulgura
944 3313 996 3365 ΤΕ
1045 3315 1063 3366 2
1080 3312 1238 3368 thensauris
1255 3317 1280 3369 G

132 3400 272 3454 thesauris
292 3400 369 3452 PTE
419 3398 649 3454 bthrouuumP
700 3398 872 3452 4cherabin
891 3404 919 3451 et
938 3399 1109 3467 seraphinT
1160 3402 1280 3455 limire-

133 3487 197 3541 culo
218 3485 309 3539 GP¹T
326 3485 461 3540 miracula
476 3483 512 3538 P'
565 3484 754 3564 dhabyssoP
807 3487 839 3539 10
850 3485 996 3539 exalareP
1037 3486 1202 3542 choruscare
1217 3487 1279 3541 GP¹

134 3593 164 3643 11
185 3590 348 3644 alternantia
376 3589 526 3658 spiratibus
552 3591 577 3642 G
604 3589 638 3657 cs.
658 3589 740 3643 Acod.
756 3607 785 3660 p.
804 3588 839 3640 41
866 3589 1011 3642 alternatis
1038 3589 1184 3658 spiritibus
1202 3590 1282 3644 PTE

136 3679 168 3732 13
185 3678 283 3746 inquid
303 3678 328 3730 G
383 3680 415 3731 14
433 3677 590 3731 educuntur
608 3681 637 3729 et
655 3676 811 3730 educuntur
832 3677 901 3727 (ι’Τα
921 3673 962 3742 (in
980 3677 1005 3728 G
1022 3679 1061 3730 tic
1080 3695 1176 3746 qaoque
1194 3679 1242 3730 litt.
1260 3695 1279 3732 u

133 3819 224 3870 similia
241 3819 341 3872 litterae
359 3833 389 3882 a;
413 3817 508 3870 Sedlm.
526 3818 641 3870 notauit.-
669 3761 823 3870 educhntur
841 3821 869 3868 et
887 3761 1051 3882 educhntur)
1069 3830 1103 3860 Ξ
1121 3816 1279 3870 educuntur

133 3908 162 3958 et
178 3905 337 3958 educuntur
356 3903 382 3956 P
397 3902 573 3956 deducuntur
593 3906 621 3956 et
639 3903 824 3956 educunture
878 3904 910 3958 tt
928 3903 1055 3956 exultant
1064 3899 1099 3969 (ll
1111 3904 1136 3956 G
1188 3903 1278 3957 humi·

134 3990 185 4045 dee
204 3991 229 4043 T
282 3993 315 4045 lo
334 3989 505 4044 existimauit
525 3989 578 4042 GP
594 3989 763 4044 existimabit
784 3991 809 4041 T
860 3991 895 4043 20
912 3987 994 4044 rursu
1015 3989 1068 4042 GP
1081 4008 1154 4059 supr.
1172 3992 1233 4044 cdd.
1253 3991 1279 4042 Τ

134 4080 166 4131 21
186 4078 317 4132 deferunt
337 4077 362 4128 G
380 4071 535 4130 defundunt
553 4077 631 4130 PTE
682 4079 716 4129 22
735 4075 853 4130 tesauris
880 4076 905 4128 G
929 4093 998 4144 qnae
1017 4103 1051 4113 -
1069 4093 1165 4130 sensus
1183 4093 1232 4130 orn.
1253 4077 1279 4130 G

135 4167 167 4218 23
186 4181 268 4219 uun*
288 4163 313 4217 G
325 4163 338 4218 ?
357 4167 472 4237 et3ne
502 4163 528 4215 P
595 4165 629 4217 25
652 4148 869 4230 praetidsissima
898 4162 923 4216 G
993 4165 1027 4216 26
1055 4168 1082 4217 et
1111 4164 1236 4218 incertae
1263 4181 1279 4217 a

136 4277 163 4312 se
182 4257 218 4326 a)
239 4259 271 4311 c.
