3075 4967
295 291 358 357 820
642 299 758 352 sancti
778 299 913 352 Hilarii
932 298 1095 367 episcopi
1143 343 1148 349 .

295 488 407 571 quibus
430 487 584 567 apostolus
607 488 664 551 ait:
688 507 763 552 non
788 498 849 553 est
872 488 977 551 enim
1000 488 1118 552 uoltis
1143 508 1275 569 pugna
1298 489 1431 551 aducr-
1534 571 1535 578 ἵ

295 612 360 655 sus
406 611 563 656 carnem
600 598 638 657 et
675 594 924 675 sanguinem,
959 594 1028 657 sed
1063 592 1263 656 aduersus
1299 592 1429 655 nrundi

292 702 487 777 petentes
505 697 704 760 aduersus
728 695 944 779 spiritales
968 696 1179 778 nequitias
1202 696 1241 758 in
1265 696 1431 760 scelesti·

293 802 377 865 bus:
402 808 510 863 satana
524 800 591 883 ipso
606 820 639 865 se
661 800 693 863 in
709 820 761 865 cor
777 801 871 865 ludas.
889 810 920 864 ut
936 800 1095 864 domiuum
1112 802 1255 875 traderet,
1271 800 1432 863 inserente.

253 926 265 961 ι
292 906 348 969 sed
371 919 400 969 et
422 904 452 967 ιιι
479 904 535 968 hcc
559 904 676 984 psalmo
708 905 765 969 boc
796 906 1002 969 contuendum
1034 913 1096 969 est:
1127 923 1301 969 corusca
1329 923 1431 967 coru·

292 1010 502 1075 scaliones
519 1016 556 1073 et
573 1010 803 1088 dissipabis
820 1030 902 1087 ecs;
923 1009 1065 1073 emitte
1090 1009 1274 1091 sagittas
1297 1015 1432 1071 tuasct

253 1186 254 1189 Ἴ
292 1114 561 1178 conturbabis
586 1133 661 1177 ecs.
708 1112 808 1179 nullos
823 1114 974 1195 superius,
997 1114 1165 1197 dequibus
1183 1114 1433 1176 itamemoraret,

292 1218 439 1283 ostendit:
464 1219 546 1300 quod
570 1237 698 1283 neccsse
723 1218 830 1283 estad
854 1225 973 1282 montes
991 1217 1046 1281 bos
1062 1218 1180 1283 referri.
1204 1217 1258 1300 qui
1274 1217 1314 1280 ad
1334 1214 1432 1281 solum

293 1323 342 1385 dei
366 1327 479 1385 tactum
503 1322 672 1385 fumabunt.
718 1329 748 1385 et
771 1341 810 1385 ne
833 1323 872 1386 de
895 1322 1025 1386 terrenis
1048 1322 1115 1386 istis
1139 1321 1295 1385 montibus
1319 1320 1432 1384 dictum

240 1456 264 1491 tc
299 1425 518 1499 existimemus,
548 1425 666 1505 psalmo
696 1426 755 1488 alic
779 1428 992 1495 admonemur,
1016 1445 1087 1490 cum
1110 1426 1234 1490 dicitur:
1266 1432 1309 1489 ut
1341 1423 1432 1506 quid

295 1529 553 1609 suscepistis
578 1534 735 1593 montes
770 1529 1035 1611 coagulatos?
1066 1536 1097 1593 et
1124 1536 1274 1612 quantum
1299 1526 1431 1609 intellegi

293 1614 478 1710 conceditur,
503 1648 623 1697 montes
638 1633 795 1697 interdum
811 1636 904 1698 etiam
921 1632 1091 1699 diabolicas
1107 1639 1282 1713 potestates,
1305 1640 1339 1696 ut
1352 1651 1433 1695 nuuc

293 1740 322 1801 ln
348 1737 407 1803 boc
438 1737 512 1813 locu,
544 1737 712 1820 significari
743 1738 944 1802 arbitramur:
975 1738 1027 1821 qui
1059 1737 1294 1802 constitutiones
1324 1736 1432 1800 diuina

295 1844 371 1927 legis
395 1842 580 1926 transgressi
610 1848 768 1925 tamquam
794 1862 831 1905 er
854 1842 942 1907 lactis
965 1843 1140 1907 sinceritate
1169 1841 1281 1905 uitiosa
1315 1838 1433 1923 coaguli

241 1974 264 2009 ιι
295 1946 489 2027 corruptione
513 1946 694 2011 coacuerint.
742 1954 772 2011 et
795 1945 851 2010 hos
875 1966 943 2010 esse
958 1946 1189 2026 potentissimos
1204 1945 1345 2009 inimicos
1366 1962 1432 2007 suos

295 2051 429 2129 psalmus
452 2050 585 2114 anterior
608 2048 727 2114 locutus
751 2065 807 2114 est.

342 2156 386 2217 lll.
414 2154 577 2218 liesccndit
598 2174 673 2236 ergo
697 2154 841 2218 dominus
864 2152 1008 2218 inclinato
1029 2154 1102 2217 caelo
1118 2174 1182 2229 suc,
1205 2172 1269 2217 non
1285 2151 1431 2232 corporali

293 2267 384 2335 motu,
409 2268 442 2322 ut
464 2257 650 2321 declinatum
681 2259 888 2323 descendente
919 2279 953 2323 eo
984 2258 1091 2322 calum
1123 2258 1178 2322 sit:
1212 2257 1270 2322 sed
1292 2276 1347 2338 per
1371 2275 1431 2321 ccr-

293 2362 428 2443 lmralem
453 2360 708 2445 significationem
734 2362 879 2441 spiritalis
902 2382 1011 2427 sensus
1034 2362 1203 2434 instruitur,
1226 2368 1259 2425 ut
1283 2380 1355 2425 cum
1380 2360 1432 2424 dec

240 2488 266 2526 a
293 2486 427 2543 somnus,
449 2466 573 2550 uigiliae,
597 2468 754 2535 memoria,
780 2466 901 2542 obliuio,
925 2467 1082 2532 discessus
1106 2475 1137 2530 et
1159 2486 1304 2530 accessus
1320 2464 1432 2529 adscri-

293 2571 382 2649 bitur,
406 2572 478 2653 quia
501 2573 672 2635 secundum
696 2572 876 2635 meritorum
899 2583 1073 2635 nostrornm
1096 2569 1302 2633 differentiam
1317 2569 1431 2633 unicui·

293 2694 352 2757 que
385 2681 524 2739 nostrum
564 2681 615 2738 aut
652 2674 808 2739 dormiens
846 2681 898 2740 aut
935 2673 1068 2759 uigilans
1105 2682 1158 2739 aut
1194 2674 1348 2737 inmemor
1385 2684 1432 2736 ιιιιι

292 2779 458 2843 recordans
481 2785 533 2843 aut
556 2778 635 2843 desit
658 2785 710 2843 aut
732 2780 821 2844 adsit.
866 2785 957 2862 atque
972 2780 1015 2843 ita
1030 2777 1210 2843 inclinatum
1228 2777 1431 2842 descendente

293 2902 328 2945 sc
351 2882 460 2946 calum
485 2888 538 2958 est,
574 2882 645 2965 quia
675 2883 875 2948 descendenti
899 2883 927 2947 ei
950 2883 990 2947 ad
1020 2884 1244 2947 adsumendum
1277 2882 1430 2947 hominem

242 3007 269 3042 ιι
297 2985 460 3050 famulatus
494 2984 624 3051 caelestis
658 2986 819 3063 adstiterit,
854 3006 922 3052 cum
959 2987 1059 3051 Maria
1092 2985 1331 3070 euangelizatur,
1365 3003 1429 3049 cnm

294 3098 431 3169 pastores
455 3090 571 3155 aerium
595 3099 707 3155 cretum
732 3098 762 3155 et
785 3111 897 3157 sonum
930 3091 1038 3155 uident
1069 3097 1161 3173 atque
1193 3091 1331 3166 audiunt,
1364 3108 1430 3152 cum

295 3200 362 3274 post
386 3193 619 3275 temptationem
643 3195 755 3259 diaboli
780 3194 883 3279 angeli
906 3195 1177 3272 ministrantem
1200 3196 1267 3274 ipse
1290 3192 1429 3258 totusin

295 3302 391 3363 lbrrna
414 3298 485 3363 licet
507 3300 596 3371 semi,
620 3305 721 3363 tamen
747 3302 777 3361 in
801 3307 937 3379 pateruae
961 3300 1131 3365 maiestatis
1151 3298 1264 3364 uirtute
1280 3318 1315 3363 se
1329 3297 1429 3382 gessit

338 3512 349 3561 l
372 3508 470 3575 Ephes.
490 3507 536 3574 Vl,
558 3510 597 3560 ts.
636 3510 668 3561 10
686 3508 729 3561 Ps.
748 3508 857 3572 LXVII,
878 3511 917 3561 17.

337 3684 425 3735 lucu
443 3685 485 3735 est
508 3681 581 3735 enim
606 3682 685 3735 nobis
704 3682 729 3734 R
747 3699 803 3734 non
830 3687 872 3735 est
898 3681 977 3734 nobis
997 3682 1025 3733 E
1075 3680 1206 3735 ssmnndi
1224 3686 1375 3749 potestates
1393 3678 1429 3741 tt;

295 3771 319 3819 (ι’
337 3770 359 3820 ιι.
379 3770 396 3821 ι.
415 3786 461 3821 aes
485 3770 670 3835 destituisset
692 3769 726 3837 cs.
745 3770 776 3821 de
794 3785 823 3820 eo
843 3769 922 3821 Acud.
938 3787 967 3839 p.
986 3767 1025 3821 ὅθ
1043 3779 1066 3821 et
1084 3767 1185 3821 adm?
1236 3769 1253 3819 7
1271 3768 1363 3821 nullos
1382 3764 1430 3816 GR

292 3871 348 3907 non
366 3854 429 3907 illos
448 3856 476 3907 E
526 3859 693 3909 memoraret
707 3856 774 3908 Gau
792 3859 991 3908 memorat-ate
1043 3853 1148 3910 8lerri
1162 3855 1187 3907 G
1240 3850 1429 3907 timentibus?

294 3996 323 4045 ll
346 3994 503 4061 suscepistis
523 3994 563 4046 ιιι
582 3978 735 4062 suscipistis
750 3994 776 4045 G
791 3994 930 4061 suspicitis
949 4012 961 4047 e
1016 3996 1048 4047 15
1066 3951 1229 4063 coarguerint
1246 4012 1313 4047 corr.
1328 4011 1358 4044 aa
1376 3989 1429 4042 ιιι

294 4096 502 4165 coagulauerint
520 4100 548 4149 E
600 4101 632 4151 16
651 4105 694 4153 est
712 4117 760 4150 ora.
774 4100 799 4151 lt
851 4102 886 4150 st
904 4099 969 4166 quia
987 4064 1163 4152 desecasset
1182 4094 1426 4161 (excaecammi)

295 4184 320 4235 ιι
338 4202 350 4251 ς
367 4224 372 4235 .
392 4186 455 4236 [ιιι.
474 4186 527 4251 III,
549 4187 583 4237 ιι)
595 4196 618 4238 et
631 4186 681 4249 IV,
695 4184 731 4238 61
750 4186 816 4253 quia
833 4202 895 4238 cum
914 4184 1098 4239 descendente
1116 4203 1147 4239 ec
1162 4186 1189 4236 E
1238 4186 1274 4238 26
1291 4179 1428 4237 seriumll

295 4270 453 4322 aethereum
472 4273 506 4324 E.
