3075 4967
378 301 560 350 tractatus
579 297 614 350 in
632 297 805 366 psalmum
824 297 981 351 CXXXVII.
1188 295 1250 362 741

115 489 279 564 domine,
303 507 440 555 omnes
463 507 584 572 reges
608 495 742 552 terrae:
767 488 861 571 qnia
883 488 1101 552 audierunt
1120 489 1253 552 omnia

113 595 233 659 uerbo
256 593 339 658 oris
363 592 429 656 tui.
463 597 501 656 et
523 598 691 658 cantent
713 592 752 656 in
775 592 856 656 niis
879 591 1040 667 domini,
1064 592 1252 674 qnoniam

114 717 256 782 magna
279 701 342 762 eet
364 695 498 779 gloria
521 696 690 772 domini;
714 696 903 778 quoniam
920 695 1108 760 excelsus
1132 695 1251 760 domi·

111 821 178 867 nus
202 811 241 866 et
264 799 436 866 humilia
456 800 630 880 respicit
660 807 698 864 et
728 799 811 864 alta
833 802 880 865 de
906 799 1027 884 longo
1049 800 1251 884 agnoscit.

111 913 140 970 et
161 925 239 989 quos
263 924 353 989 reges
377 913 467 970 terrae
486 903 637 984 propheta
652 903 817 988 significet,
840 905 903 968 iam
920 905 951 967 in
967 904 1107 983 plurimis
1123 902 1251 984 psalmis
1292 929 1304 964 n

110 1016 344 1074 ostensum'est.
391 1027 510 1092 reges
544 1029 605 1072 non
639 1009 789 1093 gentium,
820 1011 876 1074 sed
911 1015 1038 1086 terrae,
1067 1009 1172 1073 idest
1205 1007 1253 1072 sui

109 1114 346 1196 uniuscuiusque
380 1112 516 1192 eorporis
549 1131 660 1196 regem
694 1112 855 1177 desinente
884 1132 902 1176 a
931 1131 966 1177 se
995 1131 1093 1196 regno
1124 1113 1252 1192 peccati.

109 1219 208 1282 uocati
231 1218 316 1283 eninr
339 1237 446 1281 sumus
469 1217 500 1279 in
523 1235 656 1298 regnum
672 1215 819 1280 coelorum
836 1237 874 1281 ex
888 1235 987 1299 regno
1002 1216 1111 1280 mortis
1127 1233 1251 1280 euerso:

107 1341 214 1386 mors
250 1321 352 1386 enim
388 1321 582 1405 regnauit
611 1321 657 1383 ab
682 1321 807 1384 Adam
839 1339 965 1403 usque
998 1319 1045 1383 ad
1066 1318 1251 1403 Moysen:

46 1496 49 1502 ,
108 1431 137 1490 et
158 1425 223 1490 iam
246 1425 457 1508 unusquisque
491 1443 545 1488 rex
579 1443 652 1488 suus
685 1429 732 1488 est
763 1424 932 1488 secundum
956 1422 1145 1504 apostolum:
1174 1423 1251 1488 iam
1279 1445 1305 1484 ro

107 1530 197 1595 sine
231 1529 348 1594 nobis
381 1529 579 1610 regnatis.
624 1527 734 1592 horum
771 1529 866 1611 igitur
899 1527 1052 1593 confessio
1076 1529 1133 1592 deo
1156 1528 1253 1610 digna

108 1643 162 1700 est.
209 1635 371 1698 andierunt
392 1632 476 1698 enim
500 1633 604 1696 omnia
625 1632 721 1697 uerba
743 1632 806 1696 oris
830 1633 880 1697 dei
903 1632 987 1696 etin
1010 1651 1103 1715 reges
1125 1651 1160 1696 se
1179 1651 1251 1696 con·

106 1739 231 1804 stitutus
253 1737 361 1802 sciunt.

150 1909 450 1994 13.Neques01um
476 1909 765 1988 confiteantur,
789 1909 846 1974 sed
866 1921 896 1973 et
920 1915 1087 1973 cantent
1109 1909 1149 1972 in
1172 1908 1251 1973 niis

106 2015 271 2092 domini,
294 2034 355 2078 non
380 2013 643 2098 transgredientes
666 2013 732 2078 uias
756 2012 814 2091 dei,
837 2013 892 2077 sed
914 2012 947 2077 in
969 2010 1020 2076 his
1043 2017 1159 2078 euntes.
1191 2011 1251 2076 niae
1279 2030 1304 2071 1⁶

104 2127 209 2185 autem
245 2119 294 2183 dei
329 2125 399 2183 sunt
433 2116 591 2199 prophetae
625 2136 734 2181 omnes
758 2120 789 2181 et
811 2116 949 2198 apostoli,
982 2116 1013 2180 in
1045 2135 1138 2180 unam
1168 2115 1251 2180 niam

104 2242 362 2307 unumquemque
395 2222 445 2286 uia
479 2241 534 2286 sua
567 2221 747 2304 dirigentes.
794 2233 825 2285 et
858 2222 942 2304 quod
975 2241 1014 2286 ex
1047 2220 1190 2285 omnibus
1219 2221 1252 2284 in

105 2349 200 2392 unam
223 2327 306 2391 uiam
341 2331 545 2404 concurratur,
575 2324 726 2409 propheta
760 2327 953 2390 demonstrat
986 2324 1109 2391 dicens:
1144 2331 1251 2389 state

102 2432 249 2496 inuiis
284 2430 437 2495 domini
472 2435 510 2493 at
542 2429 804 2514 interrogate
838 2430 1008 2494 semitas
1043 2429 1107 2493 dei
1140 2435 1250 2493 aeter-

104 2535 222 2601 noles
246 2541 283 2601 et
304 2535 451 2606 uidete,
477 2553 559 2617 quae
583 2539 644 2598 est
677 2534 742 2598 uia
774 2533 886 2611 bona,
917 2539 955 2598 et
982 2531 1188 2597 ambulate
1210 2532 1249 2596 in
1278 2555 1303 2592 no

103 2660 157 2705 ea.
209 2639 268 2704 uiue
302 2639 385 2704 enim
420 2637 536 2701 domini
570 2644 701 2702 aeternae.
753 2637 785 2702 in
818 2637 868 2702 his
902 2637 1009 2721 itaque
1040 2636 1100 2702 niis
1135 2637 1251 2701 domini

102 2741 293 2809 cantandum
330 2750 376 2808 est
411 2729 442 2806 ot
475 2739 600 2825 hymnis
630 2739 863 2822 prophetalibus
904 2741 1140 2824 concinendum,
1179 2741 1252 2824 quia

102 2868 223 2932 magna
246 2847 294 2911 dei
319 2844 417 2929 gloria
448 2852 510 2922 est;
532 2845 780 2928 'magnificentiae
811 2845 893 2910 enim
929 2846 995 2910 eius
1017 2866 1078 2910 non
1102 2851 1149 2911 est
1170 2844 1251 2910 finis

99 2972 176 3016 nam
201 2949 446 3034 magnitudinem
469 2947 576 3032 gloriae
606 2969 669 3013 suae
704 2969 798 3030 opera
827 2955 988 3028 testantur,
1017 2948 1135 3037 caelum,
1159 2954 1250 3030 terra,

100 3055 211 3134 maria,
244 3053 351 3132 aether,
385 3051 479 3118 homo
512 3053 588 3133 ipse,
622 3051 675 3136 qui
708 3054 835 3119 rationis
872 3053 1027 3136 particeps
1064 3055 1105 3118 ed
1138 3053 1250 3118 horum
1278 3074 1302 3112 n

99 3160 315 3244 cognitionem
338 3157 490 3239 perfectus
514 3163 568 3236 cst,
593 3163 625 3222 ut
654 3178 709 3238 per
744 3155 811 3224 haee
833 3157 968 3223 nisibilia
988 3156 1177 3222 inuisibilem
1201 3158 1250 3222 dei

98 3262 237 3347 gloriam
260 3266 462 3327 contueretur.

145 3470 263 3526 enom.
282 3469 314 3538 V,
334 3473 375 3524 14.
414 3471 446 3524 10
463 3471 476 3524 Ι
496 3469 556 3524 Cor.
574 3473 599 3537 4,
618 3473 642 3523 8.
682 3473 713 3524 18
732 3469 853 3524 Hierem.
871 3469 918 3537 VI,
938 3471 979 3523 16.

128 3647 160 3700 ,1
183 3643 277 3696 omnia
303 3644 390 3697 uerba
419 3645 471 3696 GT
496 3645 583 3697 narba
609 3643 673 3696 RPa
727 3645 742 3694 2
766 3641 923 3695 *antemG
975 3645 1112 3710 dmagna
1136 3646 1179 3694 est
1199 3642 1250 3693 GR

98 3748 207 3799 magna
225 3731 275 3783 PT
334 3733 353 3784 4
376 3730 501 3800 agnoscit
522 3732 546 3783 G
565 3729 708 3799 cognoscit
726 3730 831 3782 RPET
847 3730 883 3798 cf.
897 3747 926 3800 p.
946 3727 1046 3794 7428
1107 3729 1267 3796 eprofete-

101 3819 128 3872 G
149 3817 270 3886 profetia
288 3818 313 3870 11
366 3820 382 3870 7
404 3833 501 3886 reges*
523 3819 661 3886 Gregam
679 3817 705 3869 11
723 3832 803 3884 reges
822 3816 873 3868 PT
929 3819 947 3870 8
973 3817 1047 3869 enim
1077 3816 1129 3869 GR
1152 3834 1201 3868 om.
1225 3817 1252 3868 P

99 3921 138 3959 ex
167 3921 253 3972 regno
278 3905 303 3956 11
330 3911 358 3956 et
376 3920 464 3974 regno
484 3905 508 3956 G
528 3903 552 3956 d
576 3920 662 3970 regno
680 3905 706 3956 P
776 3906 806 3956 11
832 3903 954 3972 regnatis
984 3903 1036 3955 GP
1060 3901 1197 3972 regnastis
1223 3902 1250 3955 R

99 3994 136 4044 14
157 3996 271 4076 cantent¹
289 3987 312 4056 (t
330 3993 357 4044 iu
374 4009 427 4044 ros.
446 3991 476 4054 3)
487 3991 512 4043 R
527 3972 545 3985 ⁰
575 3993 608 4044 16
627 3995 655 4044 at
673 3989 794 4059 apostoli
814 3990 866 4042 GT
882 3989 1001 4058 apostoli
1020 3989 1073 4042 ΗΡ
1133 3991 1165 4052 17
1184 3995 1250 4043 eunt

97 4095 295 4162 dirigentceG
347 4095 469 4149 inunum
479 4095 836 4149 niamGinnnamItPPE
885 4095 1023 4162 22ymni*
1043 4095 1068 4147 (ι’
1115 4095 1150 4147 13
1159 4093 1249 4162 gloria

97 4181 130 4235 di
151 4185 196 4235 eat
214 4182 241 4233 P
290 4181 496 4250 magnificentia
520 4181 554 4234 ei’
573 4181 647 4236 enim
666 4183 691 4234 P
742 4183 777 4235 24
799 4199 863 4234 nem
888 4199 936 4234 ocu.
955 4183 981 4234 11
1033 4182 1067 4233 25
1091 4181 1126 4234 ad
1149 4179 1248 4234 horum

98 4269 294 4334 cognitionem
312 4269 364 4320 ΕΤ
380 4268 410 4320 in
428 4267 527 4322 horum
551 4267 710 4336 cognitione
729 4269 755 4320 P
770 4268 870 4321 horum
888 4268 1046 4336 cognitione
1064 4287 1085 4320 e.
