3075 4967
404 299 585 348 tractatus
604 296 637 348 in
657 297 830 364 psalmum
848 295 918 348 LVI.
1172 295 1229 360 171

117 487 289 564 deprecatus:
311 483 446 551 libera
468 503 525 550 mc
549 486 594 551 de
618 504 684 550 orc
707 484 840 550 leonis
859 486 957 550 etde
981 506 1098 552 mauu
1120 487 1233 551 cauis

117 588 247 654 unicam
271 608 392 654 meam
417 597 446 654 et
469 609 529 654 uon
553 588 602 653 alii
626 609 736 655 conum
759 589 809 654 uel
831 589 952 655 leonum
980 590 1070 655 catuli
1095 590 1232 675 intellegi

117 700 230 772 possunt.
252 713 342 776 qnam
368 694 418 777 qui
443 692 568 759 suntet
591 695 672 758 natio
695 695 877 775 uiperamm,
908 693 947 759 dc
977 714 1105 778 quorum
1130 696 1234 760 medio

117 798 202 860 anima
223 791 343 878 eripitur
373 804 405 862 ct
434 799 561 879 eripitur
592 817 646 880 per
675 799 804 863 missam
836 819 853 863 e
884 798 959 863 caelo
989 799 1233 864 misericordiam

37 925 40 932 ·
117 907 141 965 ct
167 901 313 966 ueritatem
352 904 521 967 secundum
557 901 647 966 illud:
682 901 974 967 misericordia
1008 910 1046 968 et
1078 903 1274 968 ueritasc

116 1005 181 1069 sibi
211 1006 478 1072 obuioucrunt
512 1017 543 1072 et
577 1007 603 1072 si
638 1007 848 1071 misericordia
882 1015 913 1072 et
944 1007 1059 1072 ueritas
1093 1008 1234 1073 dominus

118 1107 189 1173 lesus
209 1108 344 1175 Christus
368 1116 432 1176 cst:
455 1131 515 1174 non
540 1110 716 1194 ambigitur,
742 1111 817 1195 quin
841 1110 883 1175 illi
905 1111 937 1174 in
960 1112 1156 1191 obprobrium
1181 1112 1235 1176 de·

117 1214 251 1286 durantur,
284 1216 335 1298 qui
359 1214 572 1281 conculcantes
596 1215 751 1279 dominum
778 1217 809 1278 in
832 1215 975 1296 passione
1005 1215 1063 1280 ista
1086 1236 1145 1280 uon
1170 1236 1235 1281 cre·

118 1318 192 1396 dunt;
213 1318 317 1402 quibus
339 1319 445 1402 utique
468 1319 663 1400 obprobrium
688 1328 735 1384 cst
756 1319 905 1403 unigeniti
930 1320 979 1384 dei
1013 1320 1181 1384 aduentum
1204 1329 1237 1384 ct

117 1430 284 1502 peccatorum
306 1423 529 1508 indulgentiam
553 1425 737 1508 perdidisse.
1263 1452 1288 1490 ro

151 1527 176 1590 5.
197 1526 233 1592 llt
254 1529 324 1612 quia
348 1528 420 1593 huie
443 1538 617 1593 sanatorum
649 1528 716 1608 spei
738 1527 787 1592 uel
810 1533 1050 1612 persequentum
1083 1528 1153 1592 odia
1186 1528 1235 1592 uel

118 1637 260 1715 negantum
283 1635 483 1698 aduersatura
517 1652 642 1714 semper
673 1638 786 1710 essent,
820 1634 1057 1697 commemoratis
1093 1633 1236 1697 humanae

117 1733 416 1802 salutiasacramentia
432 1736 578 1802 subiecit:
601 1735 685 1801 filii
712 1735 922 1812 bominum,
943 1739 1088 1802 dentes
1104 1757 1234 1802 eornm

118 1845 254 1904 scutum
273 1849 309 1906 et
328 1841 493 1926 sagittae
513 1847 550 1905 ct
569 1840 710 1926 lingua
733 1861 866 1905 corum
892 1840 1087 1906 mccbaera
1110 1848 1235 1906 acuta.

118 1943 177 2006 nida
197 1953 352 2028 motusque
375 1945 544 2010 animorum
570 1946 626 2010 sub
643 1945 854 2025 corporalibus
869 1945 979 2010 officiis
995 1945 1118 2010 diuinus
1134 1964 1236 2010 sermo
1265 1973 1290 2009 ro

119 2046 258 2130 significat
280 2056 313 2114 ut
336 2051 367 2113 in
384 2049 606 2114 deuteronomii
623 2050 757 2114 cantico:
782 2049 1036 2115 incrassauit
1058 2056 1096 2115 et
1119 2049 1237 2114 caloi-

119 2152 226 2216 trauit
248 2153 434 2230 dilectus,
457 2153 623 2234 impietatis
646 2153 718 2217 luxu
742 2155 798 2218 sub
822 2153 1047 2236 significatione
1077 2158 1238 2218 consuetu-

120 2253 185 2319 dinis
205 2257 365 2339 oorporalis
389 2258 546 2338 increpito,
576 2257 626 2322 uel
650 2257 739 2323 illud:
769 2258 834 2341 qui
859 2257 1058 2322 deuoraut
1078 2256 1236 2338 plebcnr

120 2377 223 2424 meam
243 2370 282 2426 ut
303 2363 434 2428 cibum
458 2362 584 2443 panis.
608 2361 656 2428 uel
680 2360 789 2426 etiam:
813 2364 955 2427 dentes
977 2371 1237 2442 peccatorum

121 2466 344 2532 coutriuisti.
369 2485 507 2530 necnon
532 2477 564 2530 et
586 2464 731 2546 apostoli:
767 2467 871 2550 qnod
902 2466 935 2530 si
966 2466 1162 2530 mordetis
1185 2467 1237 2530 in·
1265 2493 1291 2530 ao

120 2566 235 2646 ricem,
267 2571 415 2647 uidete,
439 2588 485 2634 ue
508 2570 804 2634 consumamini
826 2570 872 2634 ab
895 2570 1081 2651 inuicem,
1101 2575 1134 2634 ut
1156 2571 1238 2653 quod

26 2665 27 2670 ’
121 2670 229 2755 singulis
251 2674 422 2758 quibusque
447 2675 593 2738 membris
628 2673 721 2739 oflicii
756 2674 945 2756 actionisque
980 2674 1239 2752 mandatumst,

121 2773 198 2839 idad
219 2775 411 2844 efficientiam
446 2779 594 2842 mentium
629 2778 865 2860 animorumque
898 2778 1062 2843 reseratur:
1095 2788 1128 2860 ut
1157 2797 1239 2842 nuuc

121 2877 158 2943 uel
173 2878 415 2967 'persequentium
440 2881 487 2947 uel
518 2882 752 2948 obtrectantium
789 2889 1083 2947 commemoraturus
1113 2881 1239 2947 effectus

121 2981 167 3047 ait:
187 2983 262 3050 lilii
286 2986 497 3063 hominum,
522 2988 667 3051 dentes
691 3005 822 3051 eorum
848 2985 1240 3069 scutumetsagittae
1267 3011 1292 3050 aa

122 3087 298 3174 etliugua
322 3109 453 3156 eorum
488 3089 684 3155 machaera
718 3095 843 3167 acuta,
878 3109 945 3154 cum
970 3100 1002 3155 et
1024 3093 1241 3154 consumerent

122 3191 221 3257 seuitia
241 3195 398 3275 potestatis
422 3202 453 3259 ct
475 3195 728 3260 obtrectationum
752 3193 860 3258 iaculis
884 3193 1088 3259 uolnerarent.

160 3333 345 3402 recurras.
382 3333 664 3401 sreuxxxrurr.
704 3333 1008 3401 ronacoxxxrrro.
1046 3333 1239 3399 percurro.

124 3417 150 3470 ro
167 3417 201 3472 eo.
218 3421 260 3488 ur,
277 3425 301 3476 o.
339 3424 374 3476 ao
393 3421 450 3475 car.
470 3421 502 3487 v,
523 3423 561 3474 ro.

162 3541 171 3588 l
193 3541 363 3611 depr-necatus
392 3545 417 3596 R
478 3545 496 3596 4
522 3560 572 3610 per
598 3543 683 3596 missa
710 3542 736 3596 R
798 3542 989 3595 misericordia
1016 3546 1044 3594 ct
1070 3541 1189 3594 ueritate
1216 3542 1241 3593 lt

123 3678 197 3734 osibi
214 3629 256 3746 (¹⁸)
273 3685 367 3753 scripti
385 3681 433 3752 (of.
453 3683 571 3735 Sabat-ier
591 3681 628 3744 ΙΙ,
650 3681 713 3750 171)
739 3699 767 3734 se
785 3681 881 3747 lRPTe
900 3673 981 3734 om.'b
1034 3682 1050 3732 7
1069 3679 1242 3734 deducantur

125 3765 368 3824 diffiduntur
396 3769 422 3820 P
446 3768 584 3822 dedantur
603 3769 627 3820 T
644 3768 781 3822 dedentur
805 3787 825 3817 α
848 3767 950 3820 deutur·
978 3767 1028 3820 Ed.
1053 3767 1137 3819 Bouil.
1168 3765 1242 3818 1550

126 3849 218 3913 (Boleti.
227 3859 300 3925 sulco
318 3859 350 3910 de
367 3859 421 3909 cord.
440 3857 606 3919 rettulerunt)
662 3858 865 3923 retragendum
892 3872 922 3905 ex
946 3858 1093 3906 necantem
1117 3871 1183 3906 corr.
1208 3871 1241 3906 m.

129 3939 139 3988 l
162 3941 183 3994 ld
253 3947 283 3998 14
319 3951 428 3998 scutum
457 3945 485 3994 et
512 3942 630 4012 sagittae
660 3939 741 4011 Tof.
766 3961 794 4013 p.
827 3941 887 4003 160,
914 3943 933 3993 a
965 3957 1042 3993 arma
1069 3945 1097 3993 et
1124 3940 1241 4007 sagittae

127 4025 191 4079 llPE
242 4032 368 4086 machera
381 4031 406 4083 R
478 4031 510 4084 15
537 4029 691 4082 animorum
707 4029 731 4082 lt
749 4028 903 4082 animarum
918 4027 967 4079 PT
967 4027 995 4078 E
1064 4029 1097 4080 16
1114 4027 1242 4080 deutero·

127 4114 198 4168 uomii
213 4117 329 4180 (clamem
347 4117 357 4170 i
375 4120 402 4170 in
421 4115 488 4182 rua.)
506 4117 532 4169 lt
551 4116 812 4170 deuteronomioPa
868 4117 898 4168 l'l
916 4114 984 4166 luxu
997 4115 1023 4166 lt
1074 4115 1109 4167 20
1127 4120 1155 4165 at
1173 4112 1243 4165 illud

129 4203 251 4266 apostolia
302 4207 337 4259 22
355 4202 459 4271 singuli
477 4203 503 4256 P
553 4203 587 4256 23
605 4203 640 4255 ad
659 4220 706 4255 om.
726 4203 751 4254 P
802 4209 833 4254 ut
857 4218 913 4254 uon
939 4201 1029 4253 uelli
1080 4202 1115 4253 25
1133 4204 1242 4253 scutum

129 4291 265 4357 ttsagittae
283 4293 362 4344 Fl'E
378 4307 454 4344 arma
473 4294 501 4343 et
519 4290 636 4355 sagittae
656 4291 687 4342 ld.
