3075 4967
414 268 593 317 tractatus
611 263 647 316 in
665 263 837 332 psalmum
856 261 964 316 CXXII.
1196 259 1259 325 587

122 454 340 530 uerecundiam,
364 453 529 518 desaeuitur
551 453 582 517 in
607 470 750 535 eorpora;
781 450 868 517 dolor
889 450 980 516 nobis
1004 456 1051 516 est
1073 472 1111 516 ex
1139 451 1260 517 iniuriis

120 557 237 621 nostris.
282 561 312 622 et
335 557 408 641 quia
429 556 548 621 iniuriae
571 563 684 622 nostrae
706 554 766 632 his,
791 556 844 638 qni
865 575 918 621 eas
933 554 1078 634 inserunt
1102 575 1186 621 mors
1202 561 1258 634 est

120 659 199 725 dolor
234 661 323 726 nobis
361 680 398 726 er
434 661 631 725 miseratione
670 659 865 740 pereuntium
903 663 960 724 est.
1021 659 1151 744 ideoque
1188 666 1260 741 post

118 764 270 848 geminam
294 765 516 847 precationem,
540 783 600 847 qua
631 763 765 829 dixerat:
801 763 1002 828 miserere
1035 763 1162 841 nobis,
1196 765 1259 830 do·

119 869 227 951 mine,
251 869 451 934 miserere
472 868 600 946 nobis,
625 867 753 933 adieoit:
785 867 879 952 quia
908 865 1077 932 multum
1106 867 1258 950 repleti
1298 895 1310 934 s

34 960 39 972 ’
117 969 1257 1057 sumusaspernatione‚quiamultumrepletaeetanimn

117 1084 267 1143 nostra:
303 1078 360 1143 deo
394 1076 459 1143 solo
494 1079 660 1142 aduersum
697 1076 764 1142 hare
801 1074 944 1158 opitulari
980 1083 1116 1156 potente,
1150 1083 1184 1143 ut
1218 1077 1256 1142 ab

115 1183 325 1262 aspernatione
336 1189 428 1266 atque
440 1189 620 1263 contemptu
636 1183 751 1248 erimnt
765 1201 864 1266 usqne
876 1185 915 1248 ad
927 1183 1020 1248 finem
1033 1182 1256 1248 misericordia

114 1285 142 1349 in
165 1305 198 1352 se
221 1306 345 1368 semper
366 1287 528 1353 intentum.
574 1287 750 1362 etidcirco,
774 1287 873 1352 donee
895 1287 954 1352 sibi
970 1289 1047 1352 dens
1063 1287 1254 1361 miserentur,

114 1387 244 1456 intentus
279 1397 333 1468 est,
364 1390 479 1455 ideireo
506 1390 635 1475 gemina
657 1390 794 1456 oratione
828 1390 1074 1456 misericordiam
1109 1390 1167 1455 sibi
1202 1391 1251 1455 dei
1281 1413 1307 1450 ro

113 1501 260 1574 precatur,
284 1495 357 1579 quia
373 1494 504 1559 multum
520 1495 587 1576 ipse
603 1509 696 1578 atque
713 1495 818 1559 anima
833 1515 889 1559 sua
903 1494 1022 1575 repleta
1038 1493 1254 1574 aspernatione

113 1599 158 1676 sit,
192 1602 260 1678 den,
293 1607 328 1666 ut
361 1599 503 1676 diximus,
535 1607 653 1666 tantum
684 1607 809 1682 potente
842 1601 873 1663 in
909 1599 1006 1664 multa
1038 1599 1254 1679 aspernatione

113 1703 266 1768 misereri:
301 1723 403 1788 neque
438 1700 537 1769 solum
572 1704 603 1768 in
626 1704 659 1769 id
683 1709 817 1784 potente,
852 1706 908 1768 sed
942 1711 1068 1784 potente
1098 1703 1192 1768 etiarn
1222 1703 1253 1767 in

114 1812 342 1874 oontrouersum
382 1809 486 1872 omnia
522 1810 703 1891 retorquere
741 1813 772 1872 et
811 1810 968 1891 quandam
1005 1806 1254 1872 uicissitudinem

113 1917 257 1990 praestare
280 1912 427 1996 patiendi.
1280 1932 1306 1970 ra

155 2014 202 2080 11.
227 2016 328 2081 Testis
351 2016 440 2081 nobis
464 2021 511 2080 est
535 2023 566 2081 et
588 2035 705 2097 pauper
727 2016 759 2080 in
778 2014 914 2080 Abrahae
938 2015 1007 2079 sinu
1031 2015 1195 2099 quiescens
1222 2024 1253 2080 et

113 2120 196 2184 diues
220 2125 363 2201 perustus
386 2119 416 2183 in
440 2137 539 2202 poena.
585 2117 636 2184 ille
660 2119 743 2184 enim
767 2119 798 2182 in
822 2124 955 2202 aggestu
976 2117 1044 2182 fimi
1060 2126 1131 2184 ante
1147 2119 1252 2184 diuitis

112 2223 232 2288 ianuam
256 2224 339 2288 fame
362 2223 494 2300 tabidus,
524 2221 663 2288 uioerum
688 2223 775 2288 sanie
799 2221 939 2288 defluens
963 2226 1096 2302 sederat,
1123 2223 1251 2288 eanibus

112 2326 237 2392 uulnera
259 2326 409 2393 dissoluta
438 2327 637 2412 lingent-ibus.
684 2329 740 2392 sed
772 2326 839 2392 hae
870 2334 935 2392 erat
965 2326 1075 2392 militia
1105 2327 1252 2408 eorporis,

103 2429 176 2496 dure
199 2433 348 2498 aduersus
371 2431 519 2496 saeoulum
542 2450 655 2514 pugna,
686 2431 815 2495 interius
846 2438 949 2496 tamen
980 2432 1084 2495 anima
1107 2430 1173 2496 eius
1195 2451 1252 2512 per
1278 2455 1305 2493 20

111 2533 203 2600 fidem
225 2535 440 2602 inunlnerabiii
464 2537 557 2600 etad
581 2555 673 2601 omne
707 2535 813 2613 telum,
844 2538 883 2600 ad
912 2533 1078 2619 uoluptatis
1108 2535 1184 2600 uitia
1205 2536 1251 2599 in-

112 2639 172 2703 uia:
207 2640 375 2711 etidcireo
399 2640 437 2704 ab
462 2639 582 2724 angelis
613 2646 682 2720 post
712 2640 815 2704 earnis
845 2638 1081 2705 dissolutionem
1104 2639 1196 2705 beata
1218 2641 1249 2703 in

112 2741 242 2808 Abrahae
277 2744 363 2808 sinus
398 2744 504 2808 fertum.
550 2741 601 2808 ille
634 2763 718 2817 uero,
743 2743 793 2807 oui
827 2743 928 2807 omnis
962 2755 1029 2807 erat
1056 2743 1188 2808 uestitus
1218 2744 1250 2808 in

112 2865 246 2927 purpura,
282 2847 330 2914 eui
365 2847 457 2912 totius
480 2847 613 2912 ciuitatis
643 2846 788 2912 nobilitas
818 2847 906 2930 graui
938 2847 1097 2911 dominatu
1127 2847 1251 2913 subdita-

152 2977 168 3028 8
186 2992 218 3029 ex
235 2977 413 3030 miseratione
433 2976 609 3044 pereuntium
628 2981 672 3029 est
686 2977 752 3028 GRc
765 2980 807 3029 eet
825 2991 860 3030 ex
876 2976 1056 3030 miseratione
1073 2977 1249 3045 pereuntium

114 3059 148 3112 Pb
190 3063 421 3132 tpraeoationem
433 3063 458 3114 G
467 3063 700 3132 praedicationem
713 3063 941 3132 deieationdP
982 3064 1072 3130 quoP
1113 3063 1251 3118 dadieeit

114 3147 163 3198 GP
183 3166 227 3201 om.
247 3151 273 3202 R
326 3149 557 3218 desperantione
586 3151 638 3202 GP
662 3149 834 3218 dispectione
859 3151 885 3203 R
938 3150 1040 3204 7haeo
1069 3151 1121 3203 GR
1146 3149 1199 3204 hoo
1226 3151 1252 3203 P

112 3235 228 3304 dsdqne
257 3237 282 3289 G
345 3239 506 3304 contemptu
535 3235 587 3289 GP
612 3236 791 3291 contentione
818 3237 844 3290 R
902 3237 1007 3290 eximat
1033 3255 1063 3290 ex
1090 3242 1200 3290 exornat
1226 3239 1252 3290 P

112 3322 243 3388 usquead
264 3323 343 3376 GRP
358 3323 493 3391 usquein
512 3323 540 3375 E
590 3323 733 3377 dintento
751 3324 779 3375 P
829 3323 981 3378 etidcirco
1001 3321 1094 3376 GRPt
1113 3328 1141 3377 et
1160 3324 1249 3392 quiae

112 3405 271 3464 doneesibi
299 3409 465 3463 -ideireo
492 3410 586 3462 om.R
641 3413 671 3463 11
691 3416 840 3478 praecatur
866 3410 917 3462 GR
970 3409 1059 3478 adque
1085 3411 1110 3463 G
1165 3413 1198 3464 12
1216 3427 1248 3464 eo

911 3507 952 3535 eon

112 3549 141 3598 ut
160 3547 208 3600 GR
225 3551 258 3619 os.
278 3551 359 3603 sicud.
375 3568 403 3621 p.
422 3547 459 3602 31
514 3551 546 3602 13
565 3549 594 3603 in
613 3554 824 3603 controuersum
844 3549 869 3601 G
887 3549 1075 3602 intrauersum
1094 3549 1119 3601 R
1137 3549 1166 3601 in
1184 3565 1248 3602 eon·

112 3639 259 3688 trauersum
286 3634 396 3702 (eontra
419 3655 449 3690 ea
473 3641 571 3690 contro
589 3655 621 3690 m.
642 3636 674 3702 2)
695 3637 720 3690 P
782 3638 814 3691 15
840 3637 964 3706 patiendi
985 3638 1064 3690 GRP
1086 3636 1203 3705 patienti
1223 3637 1250 3688 E

113 3719 142 3770 16
160 3725 185 3773 et
201 3740 271 3793 supr.
290 3725 350 3776 odd.
370 3723 397 3775 P
448 3725 480 3778 17
499 3723 547 3776 ille
567 3723 639 3776 enirn
658 3722 686 3776 in
705 3729 823 3792 aggestu
841 3723 900 3776 fimi
924 3728 988 3777 ente
1015 3722 1112 3777 diuitis
1136 3723 1247 3776 ianuam

113 3805 160 3857 GR
175 3807 222 3862 illo
241 3809 315 3863 enim
333 3809 423 3878 posito
443 3810 471 3863 in
490 3815 607 3880 aggestu
625 3809 758 3864 diuitiard
783 3811 817 3864 ad
845 3811 955 3864 ianuam
974 3811 1001 3863 P
1053 3813 1085 3864 18
1103 3809 1199 3864 nloerd
1217 3829 1248 3864 ea

111 3890 195 3948 uleere
222 3897 248 3949 P
305 3895 429 3951 defluens
460 3897 512 3951 GP
540 3897 669 3952 diffluens
697 3898 723 3950 R
783 3898 896 3952 sedebat
923 3917 953 3952 ex
980 3897 1091 3952 sederat
1116 3915 1149 3950 m.
1176 3896 1197 3950 2
1224 3899 1250 3950 P

113 3979 141 4030 19
158 3982 270 4037 militiae
301 3985 326 4036 G
388 3985 423 4038 20
442 3983 574 4040 aduersus
605 3985 630 4038 G
656 3986 805 4039 aduersum
833 3985 886 4038 RP
942 3987 972 4038 21
994 3984 1192 4039 inuulnerabili
1221 3984 1246 4037 G

112 4064 315 4124 inunlnerabilis
334 4071 414 4124 RPE
430 4071 464 4141 cf.
482 4073 564 4125 Aeud.
580 4091 608 4143 p.
629 4069 667 4124 13
719 4077 747 4126 et
771 4099 806 4109 -
830 4071 907 4124 inuia
931 4089 978 4125 om.
1000 4073 1025 4123 G
1087 4071 1122 4125 ad
1148 4072 1248 4139 nolup·.

111 4151 170 4205 tetis
187 4156 211 4208 R
229 4173 261 4210 ee
280 4156 325 4220 (aa
342 4157 377 4211 ad
396 4161 423 4210 in
442 4157 509 4224 ros.)
528 4157 681 4212 uoluntatis
699 4159 888 4227 Puoluptatis
899 4159 969 4211 aoE
1019 4159 1054 4211 28
1072 4156 1246 4210 habrahaeR

112 4235 177 4293 sinus
196 4243 246 4295 RP
260 4244 351 4298 sinum
370 4245 399 4296 Ε
449 4246 483 4298 24
501 4245 581 4313 graui
602 4245 654 4297 GP
669 4263 699 4298 ea
717 4245 811 4314 grains
830 4263 896 4298 corr.
915 4245 949 4299 R.
