3075 4967
281 236 344 299 764
628 238 744 292 sancti
763 238 898 294 Hilarii
917 242 1081 310 episcopi

323 430 373 494 28.
398 427 529 494 Omnem
547 436 746 506 autemeam,
767 449 829 512 que
844 429 1026 495 terribiliter
1040 431 1225 497 mirificatus
1248 439 1303 507 eat,
1321 435 1412 517 digni-

280 540 378 598 tatem
401 534 441 598 ad
463 553 540 614 opus
564 534 628 598 eibs
652 533 756 610 refert,
792 535 878 599 cuins
913 543 944 600 et
976 536 1081 615 paruit
1111 535 1271 604 uoluntati.
1301 539 1413 603 dicens:

280 638 382 703 mira
411 657 533 718 opera
556 643 631 714 tua,
664 644 701 703 et
731 639 867 703 anime
898 659 982 703 mea
1013 640 1127 704 nouit
1154 640 1286 706 ualde.
1329 642 1412 725 quod.

277 742 384 825 inquit,
418 741 675 808 terribiliter
712 742 968 808 mirificatus
1006 763 1098 815 sum,
1133 764 1211 824 opus
1246 751 1331 810 tunm
1363 756 1413 810 est.
1517 790 1518 795 η

239 870 251 906 e
279 847 389 911 eadem
424 852 525 911 antem
549 852 581 912 et
602 847 631 910 in
657 845 828 930 euangeliis
862 848 941 911 ratio
976 855 1100 914 seruata
1132 855 1188 926 est
1221 857 1256 915 nt
1289 851 1414 915 eumad
1517 872 1518 875 ¹

278 953 573 1016 demonstrationem
604 951 726 1015 uirtutis
761 971 824 1015 snae
855 952 982 1016 dixerit:
1013 973 1275 1036 quecumque
1305 960 1415 1034 pater

278 1054 388 1131 sacit,
426 1055 565 1120 eadem
600 1060 639 1120 et
673 1054 792 1120 silius
826 1056 931 1120 fecit
972 1056 1173 1121 similiter
1217 1065 1249 1123 et
1282 1077 1413 1123 rursum:

277 1159 386 1222 siout
418 1166 536 1242 pater
568 1159 764 1224 niuisioat
798 1166 988 1226 mertone.
1012 1162 1071 1225 sio
1106 1167 1144 1225 et
1178 1161 1298 1227 silius
1321 1181 1413 1245 quos
1517 1150 1518 1175 ³

275 1262 363 1328 uult
395 1263 598 1340 sinificet,
634 1269 740 1328 tamen
775 1265 958 1348 dignitatem
998 1286 1125 1345 operum
1164 1268 1303 1331 omnium
1341 1266 1413 1346 patri
1517 1336 1518 1339 Ἴ

226 1388 250 1424 10
278 1367 430 1438 deserens,
454 1388 524 1432 enm
557 1368 652 1432 dicet:
690 1387 767 1432 non
802 1374 940 1451 potest
977 1370 1022 1434 eb
1057 1389 1099 1434 se
1132 1369 1250 1435 filius
1283 1371 1413 1434 facere

279 1472 496 1554 quiequam
531 1470 610 1536 nisi
650 1474 753 1555 quod
788 1473 946 1538 uiderit
987 1479 1143 1554 patrem
1185 1475 1412 1539 facientem.
1517 1536 1518 1559 p

277 1581 481 1640 contestatam
505 1579 544 1640 de
567 1597 601 1640 se
624 1583 808 1655 potestatem
842 1597 899 1656 per
921 1578 1105 1642 reuerentiae
1126 1577 1278 1643 honorem
1302 1579 1340 1653 ei,
1368 1578 1410 1641 eni
1517 1568 1518 1605 ³

159 1674 162 1679 ’
276 1680 384 1743 omnia
407 1680 591 1744 meminerat
614 1679 797 1756 confitenda,
821 1680 960 1757 subiecit,
983 1701 1045 1745 non
1068 1682 1126 1746 eibi
1160 1683 1312 1753 adimens.
1336 1682 1410 1765 qnod

277 1781 391 1848 similia
405 1784 486 1864 patri
498 1789 612 1864 posset,
629 1785 685 1848 sed
702 1804 783 1856 eum,
799 1805 965 1868 perquem
981 1785 1097 1850 similia
1111 1792 1225 1866 posset.
1242 1789 1410 1852 ostendens.

223 1910 248 1946 ιδ
274 1885 343 1952 haec
364 1887 467 1970 igitur,
492 1890 603 1971 quibus
627 1887 806 1952 terribiliter
829 1888 1011 1954 mirificatus
1034 1896 1089 1957 est
1112 1890 1193 1967 lieet,
1217 1892 1291 1973 quia
1312 1890 1409 1970 potnit.

274 1992 396 2057 uirtutis
420 2013 482 2056 suae
507 1993 630 2074 suerint,
662 1997 768 2056 tamen
791 1995 887 2073 patris
910 1995 1054 2074 operibns
1081 1995 1226 2059 uniuersa
1248 2015 1287 2058 ea
1309 1993 1409 2058 detulit

186 2157 188 2163 .
274 2095 396 2160 dicens:
432 2098 531 2161 mira
560 2115 680 2177 opera
709 2103 784 2169 tna,
815 2109 852 2161 et
882 2098 1017 2162 anima
1046 2118 1132 2163 mee
1153 2099 1266 2163 nouit
1288 2097 1407 2162 uelde.

274 2199 418 2264 humanm
441 2200 631 2266 infirmitatis
654 2221 713 2266 uox
736 2202 796 2266 ista
818 2221 879 2265 non
902 2209 958 2278 eet,
981 2207 1017 2265 nt
1038 2202 1118 2266 mira
1140 2221 1235 2282 opera
1257 2203 1308 2266 dei
1324 2201 1407 2266 ualde

272 2323 365 2368 nosse
398 2325 433 2370 se
461 2305 563 2372 iactet.
609 2304 666 2370 soli
700 2304 761 2370 hoe
794 2306 939 2385 conpetit,
974 2306 1026 2388 qui
1060 2306 1119 2370 ait:
1153 2325 1267 2371 nemo
1301 2305 1405 2370 nouit

219 2427 244 2465 a
271 2414 426 2488 patrem
451 2410 532 2473 nisi
555 2408 680 2474 filius.
727 2410 814 2474 nouit
830 2410 912 2474 enirn
927 2430 989 2473 non
1004 2415 1179 2492 utcumque,
1203 2429 1265 2474 non
1288 2409 1405 2475 leuiter:

270 2515 355 2577 nouit
388 2521 492 2577 autern
524 2512 644 2579 ualde
678 2534 733 2594 per
768 2513 1014 2591 eamrfidnoiam
1037 2532 1098 2597 qua
1121 2514 1211 2579 dicit:
1235 2513 1403 2595 paterin

270 2635 337 2686 me.
368 2623 407 2680 et
441 2637 514 2700 ego
548 2619 588 2682 in
621 2624 745 2697 patre.
790 2618 823 2682 in
845 2638 882 2682 eo
906 2619 997 2694 enirn,
1020 2620 1103 2700 quod
1126 2619 1169 2682 ait
1191 2617 1319 2699 ualde,
1342 2638 1404 2698 per·

271 2719 385 2784 sectam
408 2722 568 2786 seientiam
591 2721 709 2787 intimae
732 2722 919 2805 cognitionis
942 2723 1084 2787 ostendit.

313 2823 362 2888 29.
387 2823 426 2888 Et
449 2826 521 2908 quie
543 2828 646 2890 omnia
669 2827 748 2890 mira
770 2846 865 2906 opere
888 2827 939 2890 dei
962 2826 1052 2891 ualde
1075 2827 1179 2890 anima
1201 2827 1299 2906 ipsius
1317 2825 1403 2894 nouit

218 2944 242 2982 π
270 2929 475 2992 eruditionem
499 2931 647 2994 doctrinm
676 2931 708 2993 in
730 2951 787 2994 nos
809 2950 873 2996 suae
896 2936 1056 3006 memoret,
1078 2950 1140 3014 qua
1161 2931 1252 2995 nobis
1274 2937 1402 3012 paterne²

268 3032 453 3111 operationis
477 3034 538 3097 iem
562 3053 625 3098 non
648 3033 710 3098 sint
739 3032 861 3098 occulta
893 3035 1049 3117 mysteria.
1084 3034 1208 3099 dicens:
1244 3054 1318 3098 non
1347 3040 1403 3097 est

267 3135 519 3202 occultatum
548 3157 589 3201 os
621 3157 748 3202 meum
772 3158 790 3201 o
813 3144 861 3213 te,
891 3158 972 3221 qnae
1002 3139 1146 3203 fecisti
1176 3137 1400 3204 inocculto.

267 3259 302 3304 os
326 3239 441 3306 Christi
464 3241 629 3306 ecclesiam
645 3262 715 3307 esse
738 3248 771 3307 et
792 3241 974 3323 prophetica
998 3255 1030 3308 et
1051 3241 1220 3323 apostolice
1245 3243 1402 3308 auctorite
1517 3320 1518 3343 Χ

267 3350 323 3409 est.
367 3365 440 3408 nem
465 3365 534 3410 cum
565 3348 736 3411 seeundum
766 3367 812 3423 ea,
843 3358 911 3429 qnae
941 3348 972 3410 in
1005 3347 1119 3412 Genesi
1151 3348 1332 3414 dictasunt
1365 3345 1400 3407 de

309 3552 493 3618 610h.V‚l9.
523 3554 678 3608 sibimet.
712 3557 745 3609 10
762 3554 833 3608 Ibid.
846 3557 885 3607 19.
917 3557 949 3609 19
967 3555 1175 3622 restinxerit.
1205 3559 1238 3610 21
1253 3555 1349 3621 lelnX,
1360 3556 1398 3607 38.

372 3736 395 3765 m

309 3781 376 3832 lea
412 3780 437 3832 G
490 3779 598 3846 3quod
617 3778 715 3847 inquid
735 3780 760 3832 G
779 3779 854 3847 quod
872 3780 946 3832 enim
965 3779 1057 3848 inquit
1075 3780 1130 3833 RE
1183 3785 1216 3834 10
1234 3782 1269 3835 ab
1286 3797 1314 3834 se
1329 3777 1397 3831 filius

264 3864 355 3918 facere
375 3867 400 3919 G
418 3866 509 3919 lacere
528 3865 601 3919 filius
619 3882 635 3918 a
653 3882 683 3919 se
700 3865 727 3919 R
782 3869 814 3920 18
832 3867 962 3919 ademeris
982 3867 1015 3931 (l)
1036 3866 1062 3919 G
1114 3868 1149 3920 14
1167 3869 1308 3921 ostendere
1324 3866 1358 3929 (¹2)
1373 3864 1396 3910 (i

265 3955 297 4005 16
316 3953 460 4006 uniuersae
479 3952 580 4006 adtulit
591 3949 623 4018 (ll
639 3953 664 4005 G
717 3954 751 4005 19
768 3969 849 4005 nosse
868 3970 898 4006 se
918 3953 942 4006 R
960 3969 989 4005 se
1007 3953 1124 4006 nosseE
1176 3956 1211 4007 20
1228 3964 1287 4007 onte
1303 3950 1395 4005 leuiter

263 4038 400 4092 1-21522.
420 4057 485 4092 erae.
504 4039 530 4092 R
583 4041 617 4093 23
636 4039 804 4107 cognitionis
817 4041 845 4092 E
861 4039 1039 4108 cogitationis
1053 4040 1105 4092 GR
1158 4041 1193 4092 25
1210 4033 1394 4102 memoriaelll

265 4127 290 4177 G
343 4125 562 4180 lsscconltsllet
574 4127 607 4188 G,
617 4137 644 4178 ct
653 4127 762 4190 uidetur,
781 4126 959 4180 occultatsE
1009 4129 1043 4179 27
1062 4143 1079 4179 a
1095 4127 1167 4181 teE
1182 4132 1245 4182 suto
1264 4129 1296 4192 G,
1313 4123 1393 4178 omli

263 4229 332 4280 quae
344 4213 396 4264 GR
410 4213 444 4280 cf.
455 4213 575 4265 Sabalier
585 4213 623 4280 II,
637 4212 692 4265 270
702 4215 762 4265 adn.
775 4213 809 4265 15
820 4224 842 4266 et
852 4215 916 4266 Abl.
926 4212 1025 4280 11368
1041 4214 1115 4280 quod
1124 4214 1154 4266 E
1203 4213 1352 4268 2801111310
1361 4209 1391 4261 R.
