3075 4967
285 303 325 367 34
620 301 738 354 sancti
763 300 898 354 Hilarii
922 301 1086 369 episcopi

284 492 467 576 resurgendi
489 492 522 555 in
549 490 694 555 iudicium
719 491 862 555 ordinem
884 490 1068 569 perdidisse.
1114 489 1166 573 qui
1196 498 1299 554 nutem
1332 510 1436 554 resur-

285 596 428 661 rectionis
451 601 483 661 et
505 596 610 660 indicii
636 596 710 661 urdo
733 594 962 677 intellegendus
985 594 1034 669 sit,
1061 593 1203 658 dominus
1233 594 1265 658 in
1297 614 1436 677 euange-

285 701 335 765 liis
358 700 493 765 ostendit
523 700 644 765 dicens:
677 700 743 782 qui
768 699 901 763 credit
925 700 963 761 in
994 717 1060 773 me,
1096 718 1171 761 non
1203 699 1436 762 iudicetur:

286 804 351 887 qui
376 810 506 869 autem
531 823 607 869 non
631 803 771 881 credit,
802 804 880 866 ium
910 802 1122 867 iudicatus
1152 811 1223 868 est.
1269 801 1343 866 boc
1374 818 1437 866 est

246 931 258 967 s
287 914 416 973 autem
437 908 643 985 iudicium,
661 906 746 989 qnia
768 906 834 969 lux
854 905 970 971 uenit
994 906 1032 969 iu
1055 905 1159 971 hunc
1182 908 1381 972 mundum.
1399 915 1437 970 et

287 1010 523 1075 dilexerunt
552 1011 733 1076 homines
758 1010 888 1093 magis
920 1011 1114 1074 tenebras
1149 1029 1265 1093 quem
1288 1010 1438 1074 lumen.

329 1116 379 1179 21.
403 1113 634 1199 Neglegentem
657 1115 847 1180 audientium
881 1120 912 1179 et
936 1115 1122 1179 incuriosam
1141 1114 1312 1197 legentium
1335 1114 1440 1179 fecili-

287 1225 380 1284 tetem
403 1220 476 1284 dicti
507 1219 654 1283 dominici
679 1238 781 1283 sermo
811 1220 979 1299 perturbat.
1024 1238 1096 1283 eum
1132 1219 1214 1282 enim
1245 1219 1335 1283 dicit:
1368 1220 1440 1301 qni

287 1324 419 1387 credit
441 1323 481 1387 in
504 1343 569 1399 me,
593 1343 668 1387 non
692 1322 958 1401 iudicabitur,
982 1323 1095 1387 exemit
1117 1323 1230 1387 iudicio
1251 1322 1384 1399 fideles;
1409 1334 1438 1387 et

236 1450 260 1486 ιο
287 1446 356 1491 cum
386 1427 530 1491 subiecit:
565 1428 631 1510 qui
666 1433 797 1491 cutem
830 1446 907 1489 nou
942 1427 1082 1503 credit
1116 1427 1190 1491 iem
1226 1428 1441 1491 iudicatus

289 1536 357 1608 est,
395 1551 455 1595 non
489 1532 615 1595 admisit
648 1532 687 1595 ad
721 1531 867 1594 iudicium
902 1528 1052 1596 infideles,
1097 1550 1172 1614 ergo
1206 1531 1232 1595 si
1268 1529 1440 1595 credentes

288 1633 465 1700 exemit'et
487 1634 621 1716 reppulit
653 1634 804 1712 infideles,
839 1654 896 1699 nec
929 1636 961 1698 in
997 1634 1054 1698 bos
1087 1653 1146 1699 nec
1175 1634 1207 1698 iu
1238 1634 1306 1699 illos
1330 1634 1442 1699 iudicii

288 1744 369 1803 sorte
391 1738 551 1819 permissa,
576 1740 728 1822 quomodo
752 1739 916 1804 conuenire
940 1739 999 1804 sibi
1031 1740 1062 1803 in
1092 1737 1160 1815 hoc,
1195 1740 1277 1822 quod
1307 1739 1441 1803 tertium

288 1842 339 1917 ait,
369 1842 609 1907 existimabitur:
646 1842 718 1907 huc
752 1850 815 1908 est
848 1851 979 1907 autem
1012 1844 1220 1915 iudicium.
1253 1844 1347 1925 quie
1373 1843 1444 1908 lux

237 1968 261 2004 n
288 1946 402 2011 uenit
440 1949 477 2010 in
516 1946 620 2012 hunc
656 1947 860 2026 muudum,
899 1953 936 2013 et
974 1946 1213 2012 dilexerunt
1250 1946 1443 2011 homines

289 2054 417 2135 magis
448 2051 640 2117 tenebras
671 2071 788 2135 quem
822 2050 979 2117 lumen?
1024 2072 1085 2116 non
1119 2052 1204 2115 enirn
1227 2057 1328 2131 potest-
1351 2049 1443 2116 locus

289 2153 414 2221 relictus
437 2176 506 2221 esse
528 2156 649 2231 iudicio,
673 2176 742 2220 cum
764 2176 866 2239 neque
888 2155 1031 2221 infideles
1061 2176 1120 2221 nec
1141 2155 1249 2219 fideles
1272 2156 1336 2218 sint
1358 2156 1444 2219 iudi·

290 2258 389 2323 cendi.
435 2266 466 2325 et
493 2259 562 2325 haec
592 2260 718 2344 quidem
749 2261 791 2324 ite
822 2280 891 2323 esse
921 2259 1113 2325 auditoribus
1143 2257 1388 2342 neglegentibus
1412 2269 1441 2324 el

291 2362 454 2429 lectoribus
476 2365 638 2429 incuriosis
660 2365 861 2430 uidebuntur:
886 2369 1021 2429 cetemm
1045 2364 1076 2427 in
1100 2383 1134 2429 se
1156 2364 1253 2427 uirtus
1275 2363 1345 2443 ipse
1369 2384 1445 2428 uer-

239 2487 264 2525 su
291 2466 399 2531 bomm
422 2468 640 2549 proprietatem
663 2468 735 2533 dicti
759 2473 791 2533 et
812 2466 1058 2551 intellegentium
1080 2467 1224 2533 continet.

335 2571 383 2634 22.
406 2570 464 2652 Qui
487 2573 595 2643 credit,
618 2572 725 2655 inquit,
750 2592 809 2635 non
833 2572 991 2636 indicetur.
1037 2572 1111 2656 quid
1134 2571 1218 2635 enim
1241 2590 1373 2635 necesse
1394 2582 1441 2637 est

290 2674 426 2739 indicere
450 2674 653 2741 credentem?
688 2676 836 2741 iudicium
860 2677 943 2741 enim
968 2696 1006 2739 ex
1028 2675 1184 2759 ambiguis
1206 2677 1299 2741 rebus
1322 2676 1444 2743 existit.

290 2784 320 2843 et
352 2778 552 2862 ambiguitate
582 2782 727 2860 adempte
757 2780 860 2845 iudicii
891 2800 952 2844 non
992 2780 1184 2845 desideretur
1214 2798 1354 2843 eramen.
1404 2801 1444 2844 er

291 2902 350 2965 quo
372 2902 412 2947 ne
434 2882 577 2948 infideles
601 2884 727 2967 quidem
750 2903 879 2949 necesse
909 2891 956 2948 est
978 2883 1116 2961 iudicari,
1141 2884 1212 2967 quie
1241 2883 1444 2967 ambiguitas,

239 3006 264 3045 11
291 2987 364 3069 quin
394 2986 535 3052 infideles
569 2988 640 3063 sint,
674 3005 734 3051 non
765 2987 890 3065 resedit,
936 2989 991 3052 sed
1025 2989 1184 3083 adempto
1205 2988 1238 3051 iu
1274 2987 1445 3053 credentes

290 3110 350 3155 non
374 3092 597 3174 credentesque
618 3090 730 3156 iudicio
762 3111 885 3156 censum
915 3092 1058 3156 dominus
1091 3091 1196 3155 indicii
1226 3099 1258 3155 et
1286 3098 1444 3170 unctores,

290 3192 321 3258 in
360 3214 435 3277 quos
470 3195 597 3260 indicari
635 3214 762 3261 necesse
800 3202 890 3273 esset,
928 3196 1048 3261 adiecit.
1108 3201 1180 3259 sunt
1209 3196 1295 3261 enim
1333 3194 1445 3280 aliqui.

333 3316 623 3385 mmmmm

336 3506 522 3575 lperdidisse
549 3507 674 3562 ordinem
699 3510 728 3561 E
778 3509 850 3561 iliu
873 3508 1046 3577 euuangeliis
1065 3510 1090 3562 R
1141 3512 1221 3562 4est
1244 3508 1298 3561 hoc
1315 3526 1376 3577 sup.
1395 3511 1445 3562 lin.

291 3612 307 3645 o
326 3612 359 3645 m.
381 3595 395 3644 1
419 3594 445 3645 V
493 3598 510 3649 6
536 3604 596 3648 anre
621 3596 750 3649 tenebras
778 3607 829 3649 tres
848 3594 979 3663 1111(ᾳυὶ
999 3594 1023 3662 1)
1042 3597 1157 3649 emuli
1217 3598 1235 3649 7
1260 3595 1445 3663 neglegentii

291 3678 350 3743 (sed
365 3679 393 3733 ii
410 3698 441 3733 er
457 3680 539 3745 corr.)
558 3682 598 3735 Εὐ
651 3682 822 3737 audientiam
846 3683 882 3736 Vc
934 3687 964 3735 et
989 3681 1159 3736 incuriosam
1181 3680 1395 3750 neglegentium
1424 3684 1449 3736 l'

291 3768 308 3819 9
343 3766 446 3820 edemit
473 3767 576 3822 iudicio
604 3786 634 3822 ec
660 3768 764 3823 ademit
797 3787 854 3823 non
876 3769 981 3823 indicio
1006 3770 1030 3822 V
1098 3772 1131 3823 12
1158 3768 1263 3823 ademit
1295 3768 1321 3821 V
1390 3786 1448 3824 nec

291 3852 321 3906 in
346 3852 396 3907 hos
422 3872 453 3907 ee
479 3869 546 3923 ergo
573 3855 602 3907 in
638 3855 688 3910 hos
714 3873 782 3910 corr.
810 3875 843 3909 oe
872 3857 892 3908 2
921 3856 947 3909 V
1015 3859 1048 3911 18
1074 3855 1127 3911 sibi
1155 3856 1208 3910 hoo
1234 3856 1298 3919 (om.
1324 3854 1371 3920 in)
1407 3857 1447 3910 Vc

293 3939 384 3993 14111
401 3958 432 3993 ee
448 3940 567 3995 adcorr.
586 3960 619 3995 m.
638 3940 701 3995 21⁷
750 3942 964 3997 existimetur-R
1016 3944 1158 3997 estomlt
1212 3943 1245 3997 15
1262 3942 1449 3997 eunome

293 4028 326 4079 16
351 4025 443 4080 lucem
470 4028 499 4080 E
559 4030 592 4082 17
618 4028 733 4083 relictus
760 4047 808 4083 om.
835 4030 862 4083 R
919 4046 1009 4098 neque
1035 4028 1132 4084 fideles
1159 4030 1188 4081 Ε
1254 4032 1291 4083 20
1315 4028 1388 4083 dicit
1418 4032 1446 4084 R

291 4114 323 4166 21
343 4112 435 4181 inquit
453 4132 483 4167 eu
496 4113 595 4183 inquid
614 4116 638 4168 R
654 4134 685 4168 ex
698 4116 808 4184 inquoit
824 4116 891 4169 uu?
908 4117 933 4170 V
973 4116 1143 4170 iudicabitur
1155 4117 1184 4169 Ε
1252 4116 1288 4169 22
1299 4115 1405 4170 existet
1422 4118 1450 4170 l'

291 4200 326 4251 24
342 4215 395 4252 nec
412 4199 538 4254 infideles
557 4201 669 4269 quidem
681 4202 707 4254 R
760 4204 795 4257 25
814 4203 881 4271 quin
899 4222 930 4256 ex
947 4203 995 4271 qui
1013 4222 1047 4255 m.
1066 4202 1086 4255 2
1103 4204 1128 4257 V
1176 4205 1212 4257 26
1224 4204 1285 4257 duis
1296 4202 1326 4255 in
1340 4202 1443 4258 iudicii

292 4288 460 4340 auctorest*
509 4287 585 4341 27111
598 4290 690 4356 quoR
743 4305 856 4343 necesse
874 4294 918 4344 est
936 4290 962 4344 V
1004 4289 1092 4358 aliqui
1117 4308 1149 4343 cz
1168 4288 1275 4357 aliquid
1302 4307 1336 4341 m.
1364 4288 1385 4342 2
1411 4292 1443 4344 V.
